4748 6022
194 403 346 509 ror·

182 571 343 644 ‘Pectora
358 580 564 640 cunctorum
585 567 699 637 dulcis
716 566 905 637 concordia
921 566 1053 658 iungit,

249 670 296 747 Et
312 671 431 744 studio
450 670 632 740 aedificant
645 661 687 766 ¹)
704 668 842 739 moenia
858 683 978 738 nostra
998 670 1087 761 pari.

199 776 399 868 lsaciasque
413 773 529 843 tribus
544 778 686 841 cnonas
701 765 780 842 huc
789 770 841 839 ire
855 793 996 842 necesse
1013 780 1076 856 est,

250 878 418 952 Cedenda
438 888 489 944 est
503 873 573 944 alio
589 871 731 953 victima
747 873 849 942 nullo
865 871 955 940 loco.

200 980 271 1052 Hic
286 1003 353 1047 vox
369 976 550 1047 doctrinae
562 987 748 1068 spargatur
760 988 801 1045 ut
814 974 919 1044 unica
935 998 1058 1066 purae,

251 1081 370 1171 Quam
388 1077 491 1147 nobis
506 1076 603 1145 coelo
620 1075 765 1146 tradidit
781 1076 856 1167 ipse
874 1073 982 1149 Deus.

203 1182 320 1275 lpsius
335 1194 375 1250 ut
389 1179 529 1247 bonitas
545 1177 583 1244 in
597 1189 671 1246 toto
689 1178 801 1247 luceat
816 1177 912 1263 orbe,

254 1283 415 1373 Notaque
428 1279 499 1348 sint
513 1278 611 1367 gnati
626 1303 773 1349 munera
789 1300 915 1368 magna
933 1277 999 1348 soi.

87 1379 90 1383 ’
202 1383 372 1458 Restituit
389 1381 493 1453 nobis
509 1379 615 1449 vitam
629 1381 692 1472 qni
707 1381 787 1449 labe
800 1384 947 1463 remota,

255 1483 408 1554 lustilica
425 1483 541 1550 salvos
558 1494 591 1552 et
605 1481 689 1552 lacit
703 1504 775 1551 esse
792 1482 871 1552 lide.

203 1585 274 1657 Hic
288 1586 369 1654 lons
386 1583 569 1654 doctrinae
583 1582 627 1653 sit
645 1582 816 1675 limpidus
834 1582 917 1651 inde
932 1579 1085 1664 fluentis,

255 1686 336 1758 Non
352 1685 432 1755 licto
452 1683 548 1754 Deus
563 1696 604 1753 ut
619 1683 729 1777 possit
742 1676 802 1778 ⁴⁴)
820 1679 958 1753 honore
973 1682 1055 1753 coti.

206 1787 396 1860 Posteritas
412 1787 450 1854 in
467 1810 535 1878 qua
553 1782 702 1855 Davidis
718 1808 824 1874 regna
840 1785 987 1869 tenebit,

258 1887 327 1958 Hic
342 1911 479 1978 semper
495 1888 592 1956 sedes
609 1911 681 1956 non
699 1885 855 1980 peritura
871 1899 1000 1960 manet.

204 1989 352 2080 Diligite
369 1985 459 2058 hanc
474 1986 665 2083 Solymen,
690 2002 729 2058 es
744 2001 843 2077 grato
859 1988 999 2057 reddite
1011 1984 1129 2068 corde,

256 2091 386 2162 Debita
405 2083 488 2158 huic
504 2113 626 2159 omnes
642 2081 728 2184 m)
750 2113 917 2169 munera,
943 2101 1041 2172 vota,
1066 2105 1198 2178 preces,

207 2194 281 2284 Qui
295 2194 393 2262 fovet
408 2190 532 2261 olliciis
548 2187 641 2260 hanc
656 2189 759 2261 iustis
773 2205 879 2284 atque
893 2202 1023 2274 tuetur,

258 2293 422 2386 Proteget
435 2287 532 2362 hunc
546 2315 684 2383 semper
701 2294 843 2364 dextera
859 2315 986 2383 magna
1001 2288 1080 2362 Dei.

208 2396 264 2468 Sit
280 2396 346 2466 tlbi
363 2417 452 2486 par,
478 2408 513 2464 et
528 2418 610 2463 vera
627 2394 741 2480 salus,
767 2390 944 2479 Ecclesia,
969 2413 1108 2484 semper

260 2496 361 2586 Quae
379 2495 485 2565 discis
502 2495 620 2564 studio
636 2496 798 2584 dogmata
815 2509 933 2565 sancta
948 2492 1019 2585 pio.

207 2597 337 2669 Fausta
374 2618 472 2665 meos
506 2608 652 2689 propter
680 2597 825 2679 fratres,
866 2609 1082 2687 propterque
1116 2614 1201 2683 pro-

611 2771 616 2778 ,
728 2718 893 2789 proquos.

260 2797 360 2893 Opto
375 2796 463 2879 tibi,
489 2809 524 2866 et
539 2792 664 2887 templi
678 2819 723 2864 ne
739 2797 880 2868 labeliat
896 2791 1022 2867 honos.

220 3004 622 3023 w--u—mo-
633 3005 947 3020 m

231 3134 300 3212 No.
315 3134 405 3210 2⁵3.

215 3233 427 3263 ww

1039 3162 1088 3205 an.
1105 3139 1201 3204 tosa.

1052 3234 1188 3262 Μ

283 3333 400 3390 Carmen
413 3336 450 3385 de
462 3327 549 3396 stau,
569 3329 733 3383 nomismate
744 3330 832 3400 gentis
843 3327 966 3385 iudaicae
979 3327 1062 3384 babes
1078 3329 1109 3385 io
1124 3328 1202 3401 epist.

317 3402 378 3456 Vol.
394 3400 456 3458 Vll,
474 3418 500 3470 p.
511 3397 572 3454 965.
591 3425 626 3440 -
663 3396 824 3452 Melsntlson
845 3397 1015 3459 autemillud
1056 3409 1129 3453 ostes
1142 3418 1203 3453 sna·

313 3471 394 3536 tavit,
421 3478 449 3524 et
467 3467 518 3522 hae.
535 3464 666 3521 formale
686 3467 741 3520 itur
760 3466 831 3537 apud
847 3464 971 3522 Vincsnl.
1008 3502 1017 3522 ·
1050 3473 1115 3539 lsq.
1132 3476 1158 3522 et
1175 3467 1204 3523 iu

313 3539 428 3610 Scriptis
444 3535 519 3610 publ.
533 3532 608 3609 'l'.l.¹
628 3535 666 3589 .l
700 3564 761 3590 .-
797 3536 865 3589 ltetn
880 3535 909 3588 in
923 3533 965 3589 10.
1004 3534 1205 3591 candedata

315 3606 440 3680 philoesl.
453 3622 480 3677 p.
493 3604 530 3660 15.
566 3553 631 3661 val
645 3603 727 3660 etism
741 3604 811 3662 Mat.
828 3605 908 3677 epist.
920 3604 1000 3661 Mt.
1013 3606 1092 3665 Febr.
1105 3606 1181 3663 1555.

610 3765 671 3835 De
695 3765 807 3838 stato.

210 3902 307 3972 Iusta
322 3899 543 3969 sacerdotum
558 3897 720 3986 designat
734 3893 765 3993 ¹)
782 3920 928 3967 munera
947 3894 1074 3983 Siclns,

263 4000 375 4072 Cuius
388 4001 427 4068 in
439 3995 589 4069 Ebraeis
605 4000 755 4070 urbibus
773 4023 857 4070 usus
876 4011 961 4070 erat.

155 4116 163 4123 “
214 4100 258 4172 ln
274 4126 344 4195 quo
359 4102 548 4170 florescens
564 4101 738 4192 insculpta
757 4115 809 4172 est
825 4102 922 4193 virga
937 4097 1105 4188 Aaronis,

266 4201 367 4291 Quae
383 4215 522 4282 monet,
533 4224 537 4234 ·
548 4214 589 4272 nt
603 4204 752 4274 doceant
768 4205 929 4293 dogmata
945 4227 1034 4295 pora
1048 4201 1128 4276 Dei.

213 4301 317 4374 Parte
332 4303 423 4372 calix
440 4303 508 4373 alia
524 4317 576 4375 est
589 4303 756 4398 impletus
770 4301 880 4395 thure
893 4305 1042 4387 Sabaeo,
1132 4332 1134 4337 ·

265 4403 334 4474 Hic
349 4403 477 4479 offerre
491 4429 628 4498 preces,
655 4420 695 4476 ut
711 4431 803 4476 nova
818 4401 943 4492 thura,
969 4407 1079 4495 iubet·

214 4503 380 4578 Attamen
396 4522 476 4577 ante
493 4506 582 4576 alios
593 4530 751 4590 summus
764 4506 849 4577 lacit
861 4507 928 4599 ¹ista
943 4510 1106 4578 sacerdos

266 4609 379 4680 Filius
393 4626 536 4678 aeterno
550 4609 595 4677 de
612 4608 770 4699 genitore
783 4620 888 4677 satus.

215 4707 294 4803 lpse
311 4714 392 4782 sinu
408 4712 542 4803 profert
562 4709 667 4781 nobis
683 4711 820 4780 decreta
845 4709 1012 4802 parentis,

265 4810 418 4884 Restitui
435 4807 470 4912 ²)
489 4813 596 4883 vitam
614 4837 685 4907 qoo
701 4812 787 4883 velit
802 4812 863 4882 ille
880 4812 1000 4895 modo.

213 4910 284 4983 llic
299 4910 475 4982 Aaronaei
492 4929 611 4986 coetus
626 4928 677 4986 est
692 4914 821 4986 florida
839 4915 950 5005 virga,

265 5010 320 5086 Ac
336 5010 522 5102 Evangelii
537 5017 672 5084 semina
694 5017 809 5109 prima
827 5016 954 5091 serens.
1005 5018 1010 5029 ’

235 5220 279 5283 1)
298 5215 465 5285 aedificant]
485 5213 565 5269 Vinc.
580 5213 662 5270 edidit
675 5221 807 5283 wmarus.

249 5306 297 5374 **)
320 5302 402 5359 Vinc.
414 5310 521 5366 posset.

248 5389 313 5457 m)
333 5389 414 5443 Viae.
429 5387 525 5442 debita
538 5392 639 5439 cunata
653 5387 702 5438 uu.

253 5480 279 5540 l)
298 5479 441 5542 designat]
461 5471 567 5527 Philae.
585 5476 774 5527 demonstrat.
826 5534 833 5544 ,

248 5561 276 5630 2)
293 5558 366 5615 Phil.
381 5573 408 5615 et
417 5561 528 5632 Scripta
541 5560 676 5615 restitisis.

858 386 1247 477 'CARMtttUM
1295 395 1510 473 ornus
1584 345 1592 354 “
1734 354 1744 386 ”
2030 453 2046 487 .

2157 402 2239 478 608

1240 566 1359 648 Ilicet
1374 566 1523 647 consilio
1542 564 1706 637 mirando
1725 565 1868 637 victima
1883 566 2008 647 iactus,

1292 668 1454 740 lusticiac
1467 669 1575 747 solvit
1589 669 1707 738 debita
1720 659 1838 765 λύτρα
1856 668 1977 760 patris.

1241 768 1405 863 Cumque
1423 793 1528 841 cruor
1543 783 1618 840 toto
1636 783 1796 841 manaret
1812 795 1979 872 gorporc:
2005 770 2157 865 supplex

1293 870 1452 942 Vulnera
1469 897 1534 965 pro
1549 871 1655 942 nobis
1670 871 1821 958 obtulit,
1846 888 1953 966 atque
1969 895 2098 966 preces.

1242 968 1290 1046 Et
1306 973 1375 1044 sibi
1392 986 1602 1066 perpetuum
1617 973 1780 1044 doctrina
1795 974 1932 1064 colligit
1947 999 2085 1066 agmen,

1279 1073 1488 1145 'vivificans
1500 1054 1609 1147 vesso
1625 1087 1766 1166 pectora
1785 1090 1905 1146 nostra
1922 1101 1999 1151 suo.

1245 1174 1461 1270 Quanquam
1477 1192 1594 1246 autem
1616 1179 1662 1246 ad
1680 1178 1836 1246 dextram
1853 1179 1995 1250 coelesti
2018 1181 2155 1253 insede
2178 1209 2241 1277 pa-

1372 1340 1374 1344 ,
1761 1279 1872 1351 rentis
2268 1284 2271 1289 ’

1297 1376 1376 1471 lpse
1394 1379 1454 1449 dat
1467 1372 1555 1449 hacc
1572 1400 1710 1468 semper
1724 1382 1874 1449 maxima
1895 1383 1990 1452 dona·
2007 1382 2090 1474 piis:

1245 1477 1417 1550 Doctores
1433 1495 1550 1550 tamen
1566 1479 1748 1569 adiungit,
1775 1482 1959 1576 sociosque
1975 1483 2154 1568 laborum,

1298 1577 1444 1671 Organa
1460 1603 1549 1674 quos
1565 1580 1660 1650 vocis
1678 1583 1849 1675 praecipit
1861 1608 1933 1653 esse
1949 1607 2045 1656 suae.

1245 1679 1340 1753 Cura
1356 1685 1401 1753 sit
1418 1678 1474 1752 his
1490 1682 1605 1753 sontes
1622 1677 1655 1778 ³)
1676 1685 1858 1754 doctrinae
1876 1710 1978 1756 nosse
1994 1689 2152 1759 salubres
2169 1687 2219 1787 ⁴),

1298 1785 1467 1855 Fundere
1482 1778 1510 1878 ⁸)
1527 1783 1616 1860 etin
1633 1784 1765 1875 populo
1783 1787 1933 1858 flumina
1946 1782 1981 1884 ⁸)
1997 1815 2082 1881 pura
2103 1791 2184 1866 Dei.

1247 1883 1408 1980 Cumque
1425 1884 1625 1956 Sacerdotis
1640 1880 1775 1958 Christi
1798 1890 2014 1981 coniungere
2035 1892 2137 1977 votis,

1299 1983 1473 2059 Assiduos
1488 1986 1656 2075 gemitus,
1683 2012 1765 2057 cura
1788 1991 1850 2076 sit,
1876 2004 1982 2086 atque
1996 2008 2125 2084 preces:

1250 2087 1367 2161 Gnate
1382 2087 1449 2158 Dei
1466 2089 1569 2158 nobis
1584 2088 1671 2157 iram
1687 2090 1830 2181 placato
1842 2095 2007 2184 parentis,
2086 2102 2110 2169 ,Ψ

1300 2188 1348 2261 Et
1363 2205 1421 2262 tua
1437 2190 1610 2260 discentes
1626 2192 1789 2280 dogmata
1809 2189 1951 2268 Christe
1968 2190 2069 2288 tegas.

1251 2291 1379 2384 Tuque
1397 2284 1505 2390 λόγος
1519 2293 1643 2361 vivens
1658 2294 1788 2365 nostris
1805 2295 1844 2365 in
1861 2298 2041 2370 mentibus
2058 2298 2164 2383 adsis,

1300 2393 1349 2466 Et
1363 2394 1451 2465 llatu
1465 2397 1635 2465 accendas
1650 2407 1791 2487 pectora
1806 2413 1924 2470 nostra
1944 2413 2016 2474 tuo.

1664 2639 1968 2653 ..σψ-ονο-ῡό--ω
1975 2637 2244 2658 mnu-*dann-

1252 2801 1320 2874 No.
1340 2799 1429 2879 254.

1263 2896 1435 2935 Μ

2069 2840 2123 2892 ⁴an.
2139 2819 2233 2882 1552.

2064 2907 2240 2936 Μ

1322 3017 1403 3090 Apud
1418 3020 1545 3078 Vincerat.
1566 3040 1592 3092 p.
1604 3022 1657 3078 288
1667 3040 1709 3092 sq.
1727 3050 1763 3066 -
1800 3021 1863 3078 Vld.
1895 3040 1946 3078 uss
1959 3023 2068 3096 scripsit
2082 3025 2246 3084 Melanthos

1356 3089 1389 3143 ad
1404 3088 1579 3143 Matthesiusn
1592 3091 1655 3147 Vol.
1664 3091 1725 3147 Vll.
1743 3092 1820 3165 epist.
1836 3111 1862 3164 p.
1873 3041 1934 3150 ³42·

1253 3240 1486 3342 lneffips‘am
1506 3253 1701 3323 loannis
1726 3212 1989 3344 Frlders'ol,
2015 3256 2136 3329 Ducis
2151 3262 2247 3353 Sap.

1355 3351 1468 3421 Eleos.
1483 3357 1646 3424 tenentr’s
1659 3376 1776 3426 monas
1795 3353 2142 3452 flosculumvt‘oloe.

1255 3493 1325 3566 Hic
1344 3521 1401 3567 me
1419 3499 1484 3568 llos
1502 3499 1617 3570 violae
1629 3502 1750 3573 dextra
1767 3528 1871 3597 quam
1888 3519 1983 3594 gesto
2001 3508 2144 3594 caduca,

1307 3597 1360 3669 De
1376 3614 1497 3672 nostra
1514 3616 1655 3685 monet,
1680 3617 1715 3675 ct
1730 3606 1911 3676 debilitate
1924 3609 2035 3678 docet.
2170 3599 2174 3605 ⁵

1255 3699 1441 3773 Dosculus
1460 3699 1519 3773 hic
1536 3704 1672 3776 redolet
1687 3706 1809 3776 nitidis
1832 3703 2079 3798 pulcherrimis
2094 3705 2221 3799 hortis,

1306 3799 1355 3873 Et
1368 3819 1486 3886 tamen
1502 3805 1628 3896 exiguo
1646 3822 1802 3899 tempure
1819 3811 1924 3880 durat
1941 3815 2047 3881 odor:

1257 3903 1316 3974 Sic
1328 3929 1382 3973 res
1398 3901 1571 3976 humanas
1583 3908 1718 3997 fragilis
1732 3911 1873 3980 fortuna
1887 3912 2072 4001 gubernat,

1308 4004 1485 4098 'l'empore
1500 4009 1549 4078 sic
1563 4003 1724 4081 homines
1738 4026 1901 4106 stantque
1914 4017 2119 4109 caduntque
2132 4017 2248 4088 brevi.

1261 4105 1323 4178 llle
1338 4132 1401 4198 ego
1416 4109 1477 4202 qui
1493 4114 1673 4201 quondam
1691 4113 1773 4182 felir
1789 4140 1864 4183 mea
1881 4139 1987 4205 regna
2006 4116 2184 4203 tenebam,

1308 4208 1378 4280 Hic
1394 4214 1454 4281 ubi
1472 4210 1664 4282 Saxonicos
1682 4215 1805 4304 irrigat
1824 4214 1930 4287 Albis
1942 4240 2053 4309 agros.

1243 4309 1368 4383 >Cuius
1385 4325 1459 4384 erat
1476 4325 1589 4383 totum
1605 4314 1832 4399 celeberrima
1849 4319 1940 4388 lama
1958 4344 2022 4412 per
2036 4320 2174 4406 orbem

1309 4412 1414 4500 Quod
1431 4438 1586 4506 regerem
1604 4418 1849 4507 populoscum
1867 4420 1997 4512 pietate
2012 4445 2122 4498 meos.

1259 4513 1403 4607 Quique
1419 4538 1481 4605 ego
1496 4539 1560 4605 pro
1579 4518 1690 4607 patria
1708 4533 1867 4611 pugnans
1883 4536 1918 4592 et
1933 4525 2098 4614 dogmata
2115 4547 2213 4597 sacra

1309 4614 1531 4700 Defendens,
1556 4619 1690 4688 clarum
1709 4645 1840 4692 nomen
1857 4624 1991 4717 ubique
2008 4625 2085 4698 tuli.

1258 4716 1363 4789 Nune
1379 4742 1432 4785 me
1448 4719 1625 4809 captivum
1651 4733 1747 4794 teoet
1761 4726 1868 4809 alter,
1895 4740 1930 4797 et
1943 4727 2076 4819 optima
2093 4732 2201 4802 nobis

1309 4817 1401 4891 Cum
1420 4820 1485 4906 sit,
1509 4844 1581 4889 non
1595 4822 1670 4891 ullo
1686 4847 1789 4896 causa
1804 4840 1942 4914 tuente,
1970 4829 2068 4922 perit.

1258 4920 1384 5012 Erepti
1398 4922 1506 4992 fasces
1523 4936 1555 4993 et
1570 4924 1686 4993 inanis
1700 4927 1811 5018 gloria
1827 4927 1971 5014 Mundi,
2041 5004 2048 5013 ,

1311 5023 1383 5095 Sed
1398 5010 1569 5116 placuisse
1585 5026 1648 5096 nni
1664 5032 1824 5120 praefero
1842 5056 1942 5124 posse
1957 5029 2047 5107 Deo.

1265 5194 1491 5212 W

1295 5302 1324 5372 5)
1333 5303 1446 5374 sontes]
1464 5304 1535 5365 Phil.
1543 5304 1688 5375 sormam.

1296 5391 1326 5457 4)
1345 5388 1414 5445 esti.
1428 5392 1581 5451 mutirem.
1675 5418 1679 5426 ·

1297 5476 1325 5545 5)
1346 5473 1414 5533 l’hil.
1436 5474 1564 5530 studere
1583 5493 1636 5549 pro
1655 5475 1793 5533 Fundere.

1297 5553 1324 5632 5,
1337 5558 1481 5632 flumina]
1498 5559 1568 5620 Phil.
1584 5565 1730 5633 aogmata.
