4748 6022
131 262 203 341 us
908 207 1360 332 suerennnnrs.
2075 260 2149 337 us

127 459 286 530 unquam
304 429 436 524 poterit
459 429 552 520 legas
573 428 758 501 admittere
774 423 926 515 Christi,
952 429 1015 523 qui
1040 453 1114 500 non
1166 437 1234 509 est,
1267 445 1334 493 nos
1364 417 1563 494 Germanos
1590 426 1779 500 dissentire
1797 453 1905 522 quam
1932 435 2150 521 consentire·;

126 540 218 611 ausit
233 531 432 623 transgredi
447 532 540 621 leges
556 530 689 623 Papae,
713 544 754 602 ut
774 554 836 601 eae
855 555 952 601 nunc
969 532 1113 625 quidem
1165 526 1212 594 ita
1229 527 1325 594 enim
1340 525 1479 594 facilius
1492 527 1650 619 opprimi
1665 554 1862 620 possumus.
1914 532 2061 624 Quanto
2084 560 2150 607 au-

127 654 222 715 sunt.
272 635 327 707 De
341 628 651 707 tersishomtnum
672 656 799 722 genere
813 633 931 704 minus
950 638 1113 705 metuen-
1164 641 1236 696 tem
1261 626 1488 718 praestiterit,
1517 629 1657 724 aliquos
1678 633 1859 724 indignari
1881 638 2015 711 frustra
2033 639 2150 724 nobis,

127 747 216 815 dum
233 738 389 821 videtur3
412 759 495 805 vera
510 735 606 805 enim
619 736 746 825 religio
762 758 845 827 opes
859 760 933 804 non
948 736 1111 830 requirit,
1163 732 1257 822 quod
1276 726 1507 800 Germaniam
1523 732 1628 803 exitio
1647 751 1803 828 ereptam
1820 737 1859 807 in
1883 735 2026 813 Chrism
2044 760 2149 834 paca*

127 859 164 917 et
178 840 306 913 mundi
320 836 505 930 dignitates
520 851 625 930 atque
637 839 830 929 potentiam
849 837 950 928 fugit.-
991 837 1111 926 Quare
1163 845 1233 899 tam
1247 832 1439 901 reddamus
1458 857 1565 926 mam
1583 837 1824 921 camillorum
1839 840 1934 911 boba
1949 843 2064 933 gratia·
2082 845 2148 915 ad-

127 949 172 1018 de
190 943 386 1016 ditionibus
402 954 438 1010 et
450 941 579 1030 opibus
591 937 769 1010 Ecclesiae
789 939 893 1010 facile
907 940 994 1011 iniri
1019 940 1109 1010 ratio
1162 934 1321 1015 mitteres
1346 947 1388 1004 1¹1
1410 933 1472 1004 i¹¹³
1496 935 1552 1006 vel
1574 938 1739 1011 funditus
1758 948 1878 1034 pereat
1900 942 1957 1016 vet
1973 944 2084 1037 impie
2110 959 2145 1017 et

125 1047 275 1142 poterit,
309 1067 357 1112 ue
387 1042 593 1112 reformatio
620 1037 799 1115 Ecclesiae
831 1037 958 1112 harum
990 1066 1109 1112 rerum
1162 1035 1288 1104 misere
1312 1035 1466 1107 serviat?
1525 1037 2160 1136 latialpipes1¹⁰¹ip⁰⁸³0btberi

127 1145 467 1238 causrimpediatur.
518 1140 676 1214 Tantum
689 1144 781 1214 absit
803 1143 964 1235 impietas
988 1156 1022 1214 et
1038 1142 1109 1213 Pa·
1161 1137 1310 1206 concilia
1334 1137 1409 1229 ipso
1426 1138 1559 1226 invito,
1583 1144 1644 1211 sed
1670 1142 1760 1215 illud
1782 1168 1857 1216 non
1878 1147 1961 1217 misi
1983 1148 2146 1241 supposi-

125 1274 190 1344 pae
213 1248 407 1319 aei-virium.
464 1242 536 1333 Qui
559 1243 666 1338 primi
692 1246 831 1316 ordinis
863 1245 912 1315 ita
935 1254 1036 1330 sunt,
1068 1259 1109 1316 ut
1148 1237 1220 1336 tiis
1235 1251 1270 1309 et
1285 1239 1482 1309 falsissimis
1498 1244 1753 1331 decretalibus,
1768 1270 1855 1340 quas
1871 1245 2066 1321 Gratianus
2081 1270 2145 1342 per

121 1376 198 1423 non
221 1351 292 1422 sint
316 1346 424 1419 simul
447 1347 619 1431 aliorum,
646 1342 714 1417 boc
737 1361 807 1432 est,
832 1346 896 1441 qui
918 1371 983 1417 nec
1005 1347 1108 1439 impii
1160 1339 1374 1431 imperitiam
1395 1342 1507 1436 magis
1528 1344 1651 1415 forsan
1672 1370 1778 1440 quam
1797 1349 1971 1421 malitiam
1993 1352 2033 1421 in
2048 1350 2144 1424 Dec.

120 1478 188 1527 net
211 1450 327 1544 Papae
358 1448 472 1534 servi,
508 1473 573 1519 nec
606 1448 712 1521 etiam
747 1448 961 1521 addictiores
993 1472 1107 1543 aequo
1161 1443 1221 1517 17.
1235 1443 1393 1514 adduxit·
1423 1443 1566 1517 Norunt
1581 1461 1697 1518 aulem
1712 1450 1917 1545 quicunque
1932 1453 2068 1543 priores
2084 1478 2143 1525 ca·

120 1569 205 1628 ,une
220 1552 356 1624 divitiis
372 1565 406 1622 et
422 1550 656 1640 dignitatibus
676 1545 784 1620 huius
803 1549 930 1650 saguli,
959 1550 1107 1643 eupiunt
1159 1567 1288 1629 nones,
1309 1539 1528 1616 authenticas
1544 1544 1721 1620 Ecclesiae
1737 1547 1921 1639 historias,
1942 1555 2142 1650 scriptaque

119 1682 158 1728 se
176 1656 258 1746 iugo
275 1652 423 1724 Domini
437 1654 607 1737 subdere,
634 1654 740 1722 modo
757 1654 854 1748 quod
876 1676 959 1722 vere
982 1653 1104 1743 iugum
1159 1646 1314 1717 sanctiss.
1339 1660 1499 1737 patrum,
1525 1647 1716 1744 Cypriani,
1742 1653 1944 1740 Ambrosii,
1968 1655 2141 1745 Augusti·

117 1758 267 1833 Domini
292 1756 356 1834 sit,
388 1767 541 1840 constet,
573 1751 612 1825 hi
636 1754 802 1825 fistillirne
827 1753 989 1826 omniurn
1018 1778 1105 1825 con·
1157 1749 1218 1832 nl,
1239 1745 1366 1817 ’ΒὸδῖῙῆ
1390 1761 1424 1820 θῑ
1446 1750 1597 1835 ffl³¹lt¹¹⁸
1619 1751 1751 1824 110⁰ssst
1773 1769 1878 1849 alque
1900 1755 2067 1847 Gregorii
2088 1759 2140 1829 le·

117 1860 283 1933 sentient.
337 1855 409 1946 Qui
425 1857 519 1927 enim
537 1858 791 1928 voluntfacere
807 1858 1104 1947 voluntatempa-
1139 1863 1301 1940 gerunt,
1334 1846 1489 1921 tonellis
1512 1855 1745 1944 provincialia
1774 1857 1944 1930 celebrati
1978 1871 2140 1950 oportere

116 1963 205 2048 tris,
226 1962 255 2031 ii
270 1973 480 2050 cognoscent
495 1961 539 2027 de
554 1959 716 2028 doctrina
729 1953 884 2042 Christi,
908 1981 954 2027 an
969 1980 1010 2026 ex
1026 1954 1103 2028 Deo
1157 1953 1239 2022 bina
1257 1951 1449 2046 quotannis
1469 1954 1508 2023 in
1533 1955 1682 2047 singulis
1698 1959 1922 2050 provinciis,
1944 1962 2141 2033 nationalia

115 2067 174 2139 sit.
207 2061 257 2134 Hi
273 2076 308 2132 et
324 2072 448 2153 petunt
465 2075 500 2131 et
515 2059 723 2153 inquirunt,
747 2059 857 2147 igitur
870 2074 904 2130 et
919 2059 1104 2152 invenient
1154 2077 1238 2123 vero
1255 2053 1293 2122 in
1315 2054 1440 2148 quavis
1456 2057 1617 2144 natione,
1642 2062 1780 2153 quoties
1796 2061 1933 2158 aliquid
1957 2063 1997 2133 in
2013 2059 2139 2134 Eccle-

112 2179 149 2239 et
164 2164 347 2258 accipient.
397 2159 466 2230 His
485 2173 604 2230 tamen
622 2172 801 2229 conventu
826 2174 860 2231 et
882 2171 1007 2228 mutuo
1029 2160 1104 2228 col·
1153 2154 1205 2222 sia
1227 2155 1476 2243 corrigendum
1501 2170 1649 2245 extaret,
1674 2165 1773 2254 quod
1796 2165 1842 2233 ad
1862 2188 1986 2235 omnes
2012 2164 2068 2234 vel
2092 2166 2139 2235 ad
2228 2188 2230 2192 ’

112 2268 240 2363 loquio
258 2286 347 2356 opus
369 2274 430 2336 aas,
482 2258 571 2332 Vult
595 2261 691 2331 enim
714 2255 878 2331 Christus
900 2282 981 2330 suos
1007 2257 1103 2350 ipsa.
1153 2255 1273 2346 plures
1301 2256 1377 2324 eius
1403 2257 1560 2328 nationis
1581 2255 1757 2332 Ecclesias
1789 2263 1965 2355 pertinere
1986 2265 2139 2341 videtur.

113 2394 197 2441 rum
213 2380 336 2437 mutua
351 2386 455 2455 opera
471 2364 515 2431 de
530 2363 706 2456 mysteriis
719 2363 792 2431 suis
808 2362 961 2434 erudire.
1014 2358 1102 2431 lnde
1152 2353 1248 2427 Huic
1269 2357 1444 2426 sanctioni
1468 2355 1576 2434 Rom.
1598 2357 1762 2433 Pontifex
1793 2365 2033 2436 conuadicere
2063 2391 2138 2438 nou

112 2468 280 2564 Apostoli
300 2478 332 2537 et
349 2463 591 2536 omnessancti
608 2462 676 2532 viri
691 2464 779 2534 tanti
795 2486 933 2555 semper
943 2462 1103 2533 feceruut
1153 2470 1289 2548 potest,
1322 2480 1403 2529 cum
1427 2453 1520 2530 hanc
1542 2462 1659 2532 sedem
1678 2488 1766 2557 ,prae
1795 2465 1877 2535 aliis
1899 2464 1964 2538 SS.
1990 2465 2137 2538 Petrum
2241 2517 2245 2527 ·

116 2572 160 2640 in
172 2568 327 2641 Domino
343 2566 554 2651 convenire,
580 2580 615 2637 et
636 2587 711 2635 sese
733 2566 778 2635 de
791 2564 939 2635 Domini
963 2563 1101 2656 placitis
1151 2559 1402 2628 communibus
1416 2559 1588 2633 institutis
1607 2558 1791 2636 inhaerere
1805 2568 2014 2638 accessesit.
2036 2567 2137 2659 Quin

115 2664 240 2743 mutui)
255 2674 381 2742 docere
398 2670 648 2741 etadmonere.
701 2665 776 2736 lam
797 2666 878 2737 licet
898 2665 1099 2736 curandum
1149 2661 1255 2732 etiam
1280 2661 1524 2750 generalised
1547 2667 1801 2737 correctionem
1815 2665 1924 2741 Rom.
1938 2666 2137 2763 Episcopo·

113 2766 251 2845 sithoc
273 2768 461 2842 hominum
483 2791 613 2860 genus,
645 2768 707 2861 qui
730 2791 768 2838 ea
790 2768 906 2838 solum
927 2769 972 2837 de
996 2790 1099 2837 causa
1149 2786 1230 2832 rum
1252 2761 1330 2832 iure
1350 2784 1370 2833 a
1394 2761 1567 2854 religiosis
1588 2765 1811 2861 principibus
1838 2783 1874 2843 et
1890 2761 2027 2843 'indicta
2051 2787 2136 2846 sunt

114 2876 160 2946 de
175 2874 347 2967 religione
361 2896 436 2943 non
452 2871 558 2962 plane
578 2871 863 2954 conformantur,
889 2871 985 2964 quod
1006 2893 1100 2939 non·
1149 2864 1256 2950 olim,
1287 2877 1322 2936 et
1340 2857 1453 2934 'hodie
1477 2865 1680 2942 indicenda.
1736 2868 1797 2942 Sic
1818 2867 1978 2943 Ecclesia
1996 2868 2133 2948 Christi

113 2979 199 3047 dum
223 2977 308 3048 satis
329 2985 465 3047 constet
494 2974 563 3058 eis,
596 2996 686 3067 quae
716 2971 762 3043 sit
784 2994 948 3062 germana
974 2971 1098 3061 religio
1148 2967 1280 3036 servire
1295 2989 1369 3035 non
1384 2981 1515 3059 potest,
1541 2982 1582 3041 ut
1604 2993 1679 3042 non
1696 2969 1800 3043 liceat
1815 2974 1883 3065 piis
1897 2969 2084 3067 Episcopis
2097 2990 2134 3047 et

110 3073 264 3166 Christi,
296 3099 370 3148 esse
397 3073 640 3159 rarissimum,
674 3088 793 3145 tamen
822 3073 953 3143 scimus
982 3069 1098 3143 Deum
1147 3067 1371 3159 principibus
1401 3070 1446 3139 de
1475 3071 1588 3143 salute
1610 3073 1686 3144 eius
1713 3067 1844 3146 habere
1873 3077 2035 3151 concilia.
2092 3077 2132 3149 si

111 3203 321 3275 perpaucos
339 3178 432 3249 filios
454 3200 536 3247 suos
552 3177 698 3246 salutem
723 3198 824 3266 saepe
844 3174 1008 3245 maximis
1033 3194 1099 3245 na·
1147 3193 1222 3239 uon
1238 3169 1466 3243 consentiatis
1482 3196 1502 3242 a
1518 3172 1669 3268 quo'illa
1686 3176 1839 3248 maxime
1855 3178 2025 3260 laeditur,
2050 3202 2132 3270 per-

107 3283 270 3355 tionibus
284 3295 320 3354 et
336 3280 476 3374 populis
491 3279 640 3353 adferre.
691 3277 843 3349 Dilectio
857 3301 1000 3371 quoque
1016 3299 1099 3347 vera
1147 3272 1252 3364 spicit
1272 3287 1334 3344 tua
1363 3273 1573 3364 prudentia,
1602 3279 1825 3369 pereundum
1850 3279 1998 3350 omnino
2027 3281 2132 3352 nobis

108 3386 155 3457 de
171 3408 388 3480 unoquoque
402 3377 568 3466 homine,
586 3381 704 3475 quoad
721 3379 801 3450 licet
808 3430 822 3465 ,
845 3403 935 3474 quae
949 3379 1096 3450 meliora
1147 3396 1222 3444 csse
1243 3373 1300 3446 vel
1322 3398 1344 3445 a
1367 3370 1497 3448 Turcis
1523 3378 1581 3448 vel
1606 3372 1776 3452 intestino
1806 3381 1922 3468 bello,
1955 3382 2027 3452 nisi
2049 3406 2131 3454 vere

110 3501 195 3559 sunt
227 3484 432 3581 praesumit.
497 3480 655 3551 Proinde
686 3481 791 3550 bonis
823 3494 859 3552 et
891 3481 1098 3553 timentibus
1146 3476 1425 3561 consentiamus3
1457 3480 1658 3551 consentire
1686 3494 1804 3552 autem
1834 3507 1910 3552 non
1936 3507 2129 3574 possemus,

108 3586 227 3662 Deum
244 3589 326 3660 totis
343 3587 482 3657 viribus
496 3583 775 3654 incumbendum
790 3593 861 3663 est,
887 3594 927 3651 ut
951 3581 1039 3650 boni
1060 3590 1097 3650 et
1146 3576 1217 3644 nisi
1238 3572 1600 3649 restituta÷Ecelesiee
1624 3604 1708 3671 pace
1731 3596 1768 3653 et
1784 3605 1869 3653 vcra
1902 3584 2130 3655 administra-

107 3692 206 3764 docti
220 3692 363 3762 tandem
379 3685 594 3759 conveniant
616 3697 651 3754 et
674 3680 931 3752 controversias
953 3682 1097 3769 religio-
1144 3677 1242 3747 tione
1256 3675 1458 3766 religionis,
1482 3692 1517 3750 et
1536 3671 1622 3751 haec
1644 3675 1740 3752 baud
1758 3706 1935 3778 quaquam
1950 3708 2051 3776 posse
2071 3711 2128 3756 re-

107 3795 167 3864 nis
191 3790 388 3874 excutiant,
421 3801 608 3881 postquam
634 3798 704 3855 tam
731 3805 837 3875 grave
858 3783 903 3852 de
923 3781 1106 3872 religione,
1143 3776 1241 3850 stitui
1258 3778 1391 3873 absque
1403 3780 1581 3851 bonorum
1598 3795 1632 3853 et
1645 3782 1832 3855 doctorum
1849 3786 2008 3856 virorum
2029 3788 2128 3878 gravi

105 3894 204 3990 apud
230 3914 296 3962 nos
319 3889 505 3961 dissidium
533 3886 659 3958 extitit.
708 3881 757 3956 Et
777 3885 907 3976 passim
929 3885 1095 3955 audimus
1143 3893 1178 3952 ct
1199 3880 1365 3971 religiose
1392 3878 1583 3976 colloquio.
1643 3881 1685 3953 ld
1708 3884 1771 3980 qui
1800 3886 1944 3958 differre
1969 3903 2129 3974 conatur,

106 3998 178 4070 iam
195 3995 348 4079 multos,
369 3991 432 4086 qui
448 3989 589 4074 dicunt,
612 4011 650 4058 se
664 3981 756 4056 nihil
773 3985 880 4057 malle
895 4010 1002 4080 quam
1018 3983 1094 4056 Do-
1142 4004 1317 4053 accersere
1337 3983 1477 4056 nationi
1493 3980 1579 4056 huic
1601 3984 1747 4057 esitium
1761 3987 1920 4064 molitur.
1970 3988 2044 4079 Qui
2060 3991 2127 4061 its·

105 4101 206 4173 mino
222 4098 354 4168 servire
370 4107 404 4166 et
418 4093 486 4165 sub
500 4091 583 4182 iugo
592 4085 726 4161 Christi
742 4111 833 4175 esse,
858 4089 889 4159 si
905 4087 1094 4159 modoeci-
1142 4108 1211 4177 que
1223 4085 1374 4155 salutem
1394 4085 1530 4177 patriae
1552 4100 1739 4180 expetunt,
1763 4089 1802 4159 in
1823 4091 1861 4160 id
1886 4090 1970 4162 totis
1990 4092 2127 4162 viribus

103 4215 203 4285 rent,
229 4200 325 4294 quod
345 4190 625 4273 verumDomini
640 4193 761 4281 iugum
781 4189 827 4263 sit
842 4203 877 4262 et
892 4202 1093 4285 quaegesta
1143 4187 1352 4257 incumbant
1380 4209 1520 4258 necesse
1543 4200 1617 4281 est,
1647 4204 1689 4261 ut
1708 4189 1926 4284 colloquium
1951 4193 2021 4265 tale
2045 4207 2126 4265 tan·

104 4303 286 4396 obsequia.
341 4297 488 4370 Factum
504 4309 557 4367 est
570 4296 674 4384 cnlpa
691 4304 830 4377 nostra,
849 4305 907 4377 ut,
931 4292 1022 4362 sicut
1038 4291 1092 4360 illi
1140 4288 1221 4357 dem
1242 4288 1468 4375 admittatur,
1499 4291 1604 4383 quale
1631 4292 1807 4384 superiori
1835 4318 1931 4364 anuo
1952 4288 2124 4364 Franco

107 4406 171 4505 qui
192 4401 414 4498 Babylonem
433 4398 677 4480 exstruebant,
702 4395 741 4465 in
763 4394 885 4464 multis
908 4416 974 4463 nos
996 4393 1093 4463 invi-
1140 4383 1293 4482 surdius
1307 4385 1435 4460 Caesar
1447 4390 1542 4462 ultro
1554 4393 1684 4465 obtulit
1702 4410 1736 4466 et
1750 4396 1930 4486 pollicitus
1944 4411 2005 4470 est.
2046 4395 2123 4466 Hac

105 4532 181 4581 cem
198 4531 272 4577 non
295 4502 546 4592 intelligamus.
601 4495 808 4567 lueiderunt
824 4492 1040 4591 hyperbolae
1055 4509 1091 4567 ct
1139 4493 1184 4562 dc
1198 4516 1236 4561 ro
1253 4507 1287 4564 et
1300 4490 1380 4560 aliis
1396 4492 1499 4562 valde
1521 4518 1684 4585 cuperem
1709 4521 1790 4566 cum
1816 4496 1921 4570 T.D.
1944 4523 2124 4567 commen-

103 4611 241 4684 alienae
261 4632 279 4678 a
297 4605 481 4695 scripturis
495 4597 643 4672 Domini
657 4602 790 4669 formae
806 4598 988 4692 loquendi,
1001 4621 1092 4691 quae
1138 4594 1217 4667 tari.
1267 4592 1357 4664 Nam
1381 4609 1421 4664 ut
1447 4607 1485 4665 tu
1513 4609 1547 4665 ct
1570 4594 1750 4671 lllustriss.
1774 4597 1973 4685 Landgrav.
1999 4613 2034 4673 et
2056 4600 2123 4669 ali-

105 4713 236 4784 multos
266 4710 494 4802 perturbant,
526 4727 615 4796 quae
646 4717 762 4771 tamen
784 4699 883 4790 gravi
909 4699 1088 4793 colloquio
1138 4720 1291 4788 qnorum
1310 4689 1368 4791 [i]
1393 4697 1454 4766 alii
1474 4696 1561 4766 boni
1581 4722 1622 4767 ac
1646 4711 1861 4788 praestantes
1877 4699 1963 4786 viri,
1989 4701 2123 4772 sollici-

107 4817 282 4886 bonorum
319 4810 405 4880 eitra
440 4807 620 4894 negotium
652 4803 819 4896 explicari
854 4814 889 4872 et
919 4801 1088 4875 elsrcidari
1137 4798 1508 4889 tumesseprosalute
1528 4800 1663 4890 patriae
1683 4815 1790 4892 etque
1807 4801 1986 4872 curtatum
2007 4818 2042 4875 et
2067 4818 2124 4873 at-

103 4931 257 5011 possent.
311 4912 390 4985 Hoc
404 4924 519 4982 autem
536 4905 754 4998 colloquium
771 4905 948 4973 bonnrm
970 4915 1004 4972 et
1028 4926 1088 4971 ve:-
1137 4912 1273 4969 tentum
1295 4898 1334 4967 iu
1360 4894 1414 4969 his
1439 4924 1529 4992 quae
1553 4900 1607 4968 illi
1631 4900 1687 4969 tel
1710 4900 1815 4972 saluti
1837 4903 1892 4973 vel
1913 4905 2020 4975 exilio
2047 4928 2120 4973 esse

102 5045 177 5092 ram
195 5016 421 5087 concordiam
439 5013 613 5078 bunonem
629 5006 723 5097 Papa
743 5020 773 5072 et
792 5007 995 5097 quicunque
1011 5026 1085 5073 uon
1136 5013 1295 5090 possent,
1330 5002 1598 5091 praedicarunt,
1639 5003 1787 5074 ‹smnino
1821 5029 1924 5095 spero
1958 5020 2119 5076 nostrum

102 5135 250 5216 possunt
268 5142 415 5208 regnunt
429 5107 562 5183 Christi
579 5109 779 5189 admittere,
804 5108 896 5175 ferre
913 5122 986 5173 nou
1004 5128 1086 5193 pos-
1134 5102 1352 5194 colloquium
1370 5097 1547 5171 Ecclesiae
1564 5098 1699 5175 Christi
1717 5102 1809 5176 hand
1827 5109 1903 5177 fore
1918 5108 2054 5178 inutile.

98 5238 199 5297 sunt:
226 5246 336 5316 quare
353 5228 493 5287 nonest
515 5226 554 5282 ut
578 5232 762 5301 operemus
784 5229 847 5276 vos
871 5218 1084 5276 conventum
1233 5200 1335 5271 Hanc
1364 5227 1447 5271 vero
1480 5205 1708 5295 cupiditatem
1742 5222 1856 5278 tecum
1892 5209 2119 5302 colloquendi

77 5320 80 5324 i
98 5329 206 5400 talem
223 5348 303 5396 cum
320 5321 430 5415 gratia
446 5317 561 5407 Papae
581 5327 614 5382 et
630 5335 771 5396 eonem,
797 5310 857 5400 qui
875 5306 989 5400 Papae
1011 5317 1084 5377 ser-
1133 5301 1223 5373 mire
1238 5304 1473 5376 inflammavit
1491 5307 1546 5376 vir
1564 5309 1739 5379 rarissima
1764 5309 1963 5378 eruditione
1987 5324 2022 5381 et
2046 5312 2120 5380 elo-

98 5433 220 5516 riuut,
246 5440 280 5499 et
297 5436 447 5520 quarum
463 5412 717 5510 cupiditatibus
731 5412 841 5503 magis
855 5415 1081 5499 commodum
1132 5405 1276 5502 quentia
1287 5403 1330 5477 D.
1341 5405 1383 5478 D.
1393 5401 1601 5487 Hariolum.
1609 5403 1806 5496 Latomus,
1822 5410 1884 5504 qni
1900 5411 2006 5483 etiam
2022 5437 2120 5507 spem
