4748 6022
816 1488 1489 1645 runnnousuun.

140 2054 328 2194 Philippus
359 2107 549 2172 blelantboo
579 2105 690 2189 quanti
720 2105 835 2168 lecerit
862 2117 964 2171 amem
992 2106 1172 2190 poeticam,
1198 2104 1269 2189 ipse
1296 2107 1430 2188 saepius
1459 2107 1631 2190 protessus
1659 2119 1713 2173 cst
1735 2110 1765 2171 in
1790 2111 1937 2193 epistolis
1962 2112 2004 2175 ad
2033 2111 2167 2173 amicos.

139 2197 216 2262 Non
239 2199 322 2258 enim
346 2196 451 2256 solum
473 2191 571 2254 valde
592 2191 813 2254 delectabatur
834 2192 1046 2273 carminibus,
1067 2191 1128 2255 sed
1151 2191 1249 2254 etiam
1271 2192 1407 2256 libenter
1427 2194 1644 2274 agnoscebat,
1672 2213 1816 2275 „verram
1839 2195 1992 2258 lundendi
2015 2194 2167 2258 carminis

140 2282 307 2364 copiosam
328 2295 369 2339 ac
390 2277 518 2340 dulcem
539 2276 667 2338 omnino
682 2275 745 2337 Dei
767 2293 851 2358 opus
870 2273 989 2358 esse”,
1009 2289 1046 2341 ut
1066 2277 1139 2358 ipse
1160 2276 1292 2357 scripsit
1312 2276 1353 2339 ad
1366 2275 1557 2357 lluddenm,
1579 2277 1661 2357 Epp.
1678 2277 1803 2341 Volx.
1825 2298 1856 2358 p.
1871 2279 1945 2342 939.
1989 2279 2041 2340 De
2055 2278 2166 2360 digui-

140 2368 365 2512 tate¹p53b⁹scos
381 2362 511 2509 ⁰z⁰fi¹¹ff
526 2377 619 2508 αἱιιιιι
633 2362 838 2509 ἓιιὲιαιιῑὶιιὶ
860 2362 1056 2509 perscripsitt
1069 2362 1103 2425 iu
1125 2359 1273 2444 epistolis
1290 2360 1363 2424 Vol.
1376 2362 1401 2425 1.
1424 2380 1455 2442 p.
1469 2359 1545 2427 57³.
1561 2372 1593 2426 et
1606 2362 1680 2425 Vol.
1694 2362 1752 2425 llL
1770 2383 1802 2447 p.
1813 2363 1891 2428 393.
1914 2375 1948 2428 et
1969 2365 2001 2426 in
2024 2364 2166 2426 cumino

141 2471 194 2515 au.
296 2493 323 2529 .,
343 2464 407 2528 quo
449 2464 544 2526 rncrpr
567 2466 575 2507 ε
602 2490 624 2526 ,,
661 2465 670 2505 ι
712 2463 791 2506 ecus
840 2463 975 2509 usonrae
1022 2464 1085 2510 ec

268 2558 453 2626 Secundum
475 2561 630 2623 rationem
652 2557 739 2621 illins
764 2576 844 2622 vero
867 2557 988 2642 seculi,
1016 2568 1053 2622 ut
1074 2557 1131 2621 viri
1153 2555 1240 2622 docti
1267 2557 1299 2620 iu
1328 2556 1473 2621 familiari
1495 2558 1659 2622 literarum
1682 2561 1875 2624 commercio
1899 2581 1960 2624 non
1984 2563 2047 2625 nisi
2068 2560 2168 2626 latina

140 2651 251 2732 lingua
272 2646 460 2726 utebantur,
480 2646 530 2706 sic
552 2645 649 2706 etiam
671 2641 709 2722 ii,
722 2643 785 2725 'qni
798 2661 914 2705 venam
936 2642 1096 2725 poiticam
1118 2642 1224 2706 alleo
1246 2651 1461 2723 acceperunt,
1481 2643 1623 2706 carmina
1636 2662 1697 2707 sna
1717 2665 1780 2707 noo
1795 2648 1969 2709 vernacula
1983 2645 2043 2709 sed
2059 2647 2168 2728 latina,

142 2736 197 2797 vel
219 2733 316 2795 etiam
337 2747 455 2813 graeca
477 2730 588 2810 lingna
610 2727 788 2808 canebant,
818 2737 860 2791 ut
876 2727 1030 2790 llobanus
1054 2727 1205 2807 llessns,
1233 2727 1416 2807 ancbios,
1443 2727 1508 2791 lac.
1530 2727 1702 2810 Micyllus,
1734 2730 1853 2811 Georg.
1875 2731 2029 2812 Sabinus,
2061 2729 2168 2793 loacb.

144 2818 367 2895 Camerarius,
390 2816 434 2876 lo.
450 2815 627 2896 Stigelrns,
649 2811 811 2881 nonnius
827 2812 994 2875 Fabricius
1017 2811 1145 2894 aliique.
1189 2811 1351 2874 Putabaut
1367 2811 1561 2875 Scholarnm
1583 2813 1757 2896 praelecti,
1781 2825 1816 2878 et
1836 2834 1900 2877 uon
1913 2817 2033 2896 inepte,
2054 2832 2168 2877 omrres

143 2905 270 2967 omuino
293 2900 511 2963 scholasticos
534 2895 761 2960 exercitandos
783 2914 862 2959 esse
884 2898 914 2959 in
937 2896 1167 2977 componendis
1189 2897 1382 2958 carminibus
1406 2896 1530 2965 latinis.
1551 2900 1664 2978 partim
1683 2909 1718 2962 nt
1732 2909 1877 2962 veterum
1899 2902 2041 2963 carmina
2054 2900 2170 2961 melius

142 2988 377 3068 intelligerent,
397 3001 571 3064 eorumque
594 2981 823 3064 praestantiam
844 2982 949 3043 animo
972 2981 1146 3056 sentirent,
1167 2983 1281 3063 partim
1304 2990 1339 3042 nt
1356 2990 1446 3043 recte
1463 2984 1670 3062 pronuntiare
1684 2983 1844 3047 discerent
1858 2993 1892 3046 et
1909 2984 2039 3065 regulas
2053 3003 2169 3064 gram·

143 3074 278 3138 maticas
300 3070 416 3132 melius
440 3067 669 3215 perspicerent.
711 3061 786 3146 (Cf.
806 3064 1028 3130 Melantbonis
1054 3062 1211 3148 praelatio
1234 3065 1275 3127 ad
1296 3065 1422 3146 ldicylli
1451 3067 1548 3128 libros
1576 3066 1617 3128 de
1647 3086 1682 3129 re
1704 3070 1884 3146 metallica,
1912 3070 1995 3151 llpp.
2016 3068 2090 3131 Vol.
2111 3069 2168 3130 ΙΙΙ.
2256 3068 2259 3073 ’

143 3178 174 3242 p.
186 3157 252 3222 756
270 3155 372 3237 sqq.).
414 3151 488 3233 Qua
532 3168 679 3216 ecansa
697 3149 890 3214 Melantbou
917 3167 1046 3234 quoque
1073 3151 1211 3214 iuvenes
1238 3167 1328 3212 suae-
1341 3149 1529 3232 disciplinae
1558 3150 1693 3217 traditos
1720 3154 1753 3216 in
1773 3155 1969 3218 carminibus
1990 3152 2169 3217 scribendis

143 3241 324 3307 exercebat.
369 3235 423 3302 Cf.
444 3237 528 3321 Epp.
550 3235 625 3302 Vob
636 3234 680 3301 X.
699 3234 818 3318 psat.

270 3352 530 3417 neocosmum
545 3349 738 3414 carminibus
752 3348 878 3414 Noster
891 3349 1134 3415 modestissime
1150 3369 1281 3433 semper
1293 3349 1469 3434 indicabat,
1491 3352 1596 3434 iisque
1614 3356 1749 3435 pretinm
1769 3354 1840 3435 fere
1856 3356 1976 3420 nullum
1991 3355 2169 3436 statuebat3

142 3441 234 3505 coins
253 3436 432 3506 modestiae
453 3435 693 3519 epistolaeeins
711 3435 876 3499 continent
890 3436 992 3498 multa
1011 3437 1206 3501 testimonia.
1250 3437 1308 3499 Sic
1319 3436 1361 3499 ad
1375 3436 1594 3500 camerarium
1617 3440 1655 3500 Τ.
1671 3440 1695 3500 Ι.
1716 3434 1853 3522 nsua:
1874 3440 1932 3522 „0
1951 3460 2002 3503 me
2016 3442 2171 3521 ineptum,

144 3528 198 3609 qui
225 3524 320 3587 vobis
348 3521 450 3584 audeo
479 3539 571 3585 meos
599 3536 720 3582 versus
750 3519 895 3597 mittere,
923 3519 1178 3602 elegantissimis
1208 3519 1388 3583 bominibus
1416 3520 1540 3583 insulsa
1568 3524 1746 3603 poemata)
1800 3524 1883 3586 ltsm
1914 3524 1957 3587 ad
1985 3523 2170 3606 lluddenm,

144 3609 275 3676 Vetx.
298 3627 329 3689 p.
340 3605 429 3682 ⁹³⁹³
457 3605 677 3685 „Versiculos
699 3620 791 3666 meos
814 3604 884 3666 scio
901 3604 1028 3666 ieiunos
1048 3612 1080 3665 ct
1101 3605 1228 3684 ineptos
1251 3622 1350 3685 esse,
1369 3615 1403 3668 et
1424 3604 1530 3667 malim
1552 3623 1611 3668 eos
1631 3624 1695 3667 non
1715 3603 1776 3669 cdi.
1820 3607 1895 3690 Ego
1914 3607 2027 3670 videor
2046 3608 2170 3671 blarsia

143 3706 200 3761 ant
218 3709 337 3756 corvus
356 3691 439 3751 inter
457 3707 585 3771 cygnos
607 3687 793 3750 crocitare.”
835 3686 890 3750 ct.
913 3688 1012 3752 etiam
1033 3688 1115 3770 llpp.
1138 3686 1214 3752 Vol.
1229 3687 1304 3752 Vll.
1323 3708 1356 3770 p.
1369 3688 1444 3752 962.
1486 3688 1606 3772 Neque
1627 3691 1736 3773 negari
1756 3700 1884 3775 potest,
1909 3691 1940 3754 iu
1958 3691 2171 3756 Melantboue

144 3779 335 3844 facultatem
356 3772 461 3835 iudicii
480 3775 632 3835 maiorem
653 3771 757 3834 luisse
780 3789 876 3854 quam
896 3772 1072 3856 φαντασίας
1093 3772 1273 3852 servorem,
1302 3790 1364 3853 quo
1384 3776 1501 3855 potitae
1522 3774 1554 3836 in
1573 3773 1671 3836 altum
1694 3774 1856 3856 leruutnr,
1885 3786 1919 3839 et
1936 3778 2076 3839 earmina
2097 3776 2170 3838 sins

143 3863 253 3946 ponus
273 3877 317 3921 ex
335 3858 468 3920 rationis
490 3857 689 3938 cogitatione
708 3867 784 3919 nata
803 3873 899 3939 esse,
921 3875 1016 3938 qnam
1035 3875 1079 3919 ex
1098 3869 1218 3919 sensns
1238 3857 1378 3922 lervore.
1422 3856 1560 3921 Omnino
1582 3860 1672 3922 enim.
1687 3863 1792 3943 magis
1813 3859 1854 3925 ad
1874 3859 2050 3925 doctrinam
2071 3878 2169 3942 quam

143 3969 184 4014 aa
203 3945 318 4030 poesin
337 3951 407 4005 erat
427 3943 584 4006 formatus
604 3960 625 4005 a
648 3952 780 4020 natura,
811 3943 896 4023 qnod
924 3943 1021 4005 etiam
1040 3943 1112 4023 ipse
1133 3943 1353 4025 agnoscebat,
1378 3940 1517 4025 ideoque
1541 3942 1582 4007 de
1608 3962 1647 4007 se
1667 3964 1787 4009 versus
1807 3946 1999 4029 usurpabat:

610 4057 709 4113 lurida
727 4072 769 4108 me
787 4059 889 4121 spaclls
908 4063 1007 4110 natura
1025 4058 1148 4111 coercuit
1164 4057 1260 4123 arctis,

648 4127 752 4190 lngenll
772 4128 845 4179 vires
863 4128 1031 4194 exiguasque
1048 4128 1132 4180 dedit.

147 4201 219 4268 tbd.
240 4199 321 4281 Epp.
342 4194 417 4259 Vol.
433 4194 521 4288 Vlll.
545 4215 574 4278 p.
589 4195 662 4260 2⁴0.
683 4206 717 4258 et
734 4215 765 4277 p.
778 4195 852 4259 tlt.

271 4312 392 4410 Neque
404 4310 497 4375 Dens
509 4311 709 4374 Melantboni
724 4321 933 4410 concesserat
946 4309 1040 4409 dulce
1056 4308 1134 4409 illnd
1149 4311 1266 4409 otiam,
1287 4311 1373 4394 quod
1389 4312 1495 4394 poitis
1509 4311 1550 4376 ad
1568 4312 1732 4396 gignenda
1750 4314 1892 4377 carmina
1905 4266 2033 4377 omnino
2047 4322 2169 4378 ncces-

146 4404 263 4469 sarinm
283 4408 352 4478 est3
384 4416 447 4458 rmo
461 4414 546 4457 vena
561 4397 760 4460 blelantbonr
776 4415 938 4459 concessa
952 4414 1128 4459 irritumerrs
1150 4397 1328 4477 laboribus,
1349 4414 1433 4477 quos
1449 4399 1480 4459 in
1499 4416 1538 4460 se
1553 4399 1721 4479 suscipere
1735 4399 1892 4482 debebat,
1912 4400 2171 4481 exhauriebatur,

146 4505 181 4552 et
198 4485 307 4549 lcrvor
327 4484 397 4544 eius
417 4485 561 4560 poeticus
586 4485 690 4563 curis,
711 4483 872 4545 aerumnis
894 4492 927 4545 et
947 4481 1203 4544 cavillationibus
1221 4481 1418 4544 inimieorum
1442 4482 1604 4546 bominum
1625 4483 1857 4547 suffocabatur.
1888 4483 1995 4563 „blibi
2009 4518 2048 4529 —
2064 4482 2170 4563 (scri-

145 4576 191 4638 bit
209 4573 293 4670 Epp.
313 4567 462 4665 Volllt.
481 4585 515 4662 p.
529 4565 640 4648 756),
662 4569 691 4629 si
712 4566 788 4679 quid
807 4567 866 4630 tuit
890 4565 1011 4664 ingenii
1016 4610 1026 4646 ,
1049 4576 1274 4664 consumptum
1295 4578 1348 4663 est
1369 4567 1400 4627 in
1422 4567 1498 4628 rixis
1513 4567 1767 4666 disputationum
1780 4579 1815 4631 et
1835 4569 1864 4628 in
1879 4586 1998 4650 magna
2012 4570 2171 4667 uarietate

145 4653 761 4822 tdllbtltllbttttlt
784 4650 1422 4817 multlllblllillltll·
1436 4652 1495 4716 γ’·
1519 4652 1658 4737 ¹'·⁸¹⁷·³
1686 4670 1822 4716 ’Μ
1848 4662 1980 4714 ''⁰⁸¹¹‘'
1998 4662 2172 4736 ⁰¹²“⁰”¹⁸³

273 4853 464 4936 Quanquam
488 4851 584 4932 igitur
606 4852 730 4916 Noster
752 4855 893 4916 carmina
917 4852 994 4915 lecit
1020 4868 1116 4933 quum
1139 4845 1309 4910 admodum
1333 4845 1461 4909 iuvenis
1485 4858 1595 4923 esset,
1624 4857 1734 4908 tamen
1755 4863 1917 4928 rrnriqusm
1941 4867 2070 4913 carmen
2091 4869 2172 4933 pro·

146 4948 249 5012 ,mm
265 4938 464 5021 empnam,
485 4935 545 4997 ,ed
564 4935 711 4998 breviora
733 4947 876 5020 unitum,
897 4948 931 4999 nt
952 4938 1200 5017 epigrammata,
1221 4931 1401 5012 epitaphia,
1424 4949 1556 5013 preces,
1578 4931 1736 5012 disticha,
1757 4932 1875 4994 breves
1892 4931 1934 4995 ad
1952 4935 2075 4998 amicos
2095 4937 2170 5018 cpi·

145 5032 252 5097 stolas
271 5027 418 5107 poeticas
433 5030 467 5084 et
485 5019 611 5083 similia.
654 5022 897 5103 benigissimum
918 5037 1047 5081 carmen
1070 5026 1122 5080 est
1140 5016 1219 5079 illud
1241 5016 1326 5096 quod
1344 5016 1541 5078 inscribitnrz
1564 5009 1699 5078 Gollulio
1720 5013 1760 5075 de
1781 5014 1982 5096 impositione
2005 5039 2172 5101 montrum,

146 5138 198 5182 nn.
218 5112 312 5176 1541.
335 5107 470 5172 factum.
518 5103 643 5186 Magna
667 5106 840 5167 carminum
871 5122 948 5185 pars
971 5102 1184 5182 Witebergae
1212 5099 1286 5162 inde
1310 5100 1351 5161 ab
1379 5118 1427 5162 an.
1452 5098 1544 5161 1518.
1573 5115 1678 5179 nsque
1705 5099 1747 5162 ad
1770 5119 1821 5165 an.
1843 5100 1936 5167 rats.
1967 5105 2087 5185 scripta
2108 5115 2173 5167 est.

145 5204 325 5280 Postquam
340 5193 424 5256 enim
439 5209 571 5253 uxorem
583 5190 719 5253 duxerat
738 5189 857 5251 multos
877 5187 1108 5251 adolescentes
1118 5184 1264 5266 adeoque
1280 5202 1399 5265 pueros
1412 5184 1442 5244 in
1459 5183 1587 5246 domum
1601 5200 1693 5246 suam
1708 5195 1878 5269 receptos,
1900 5188 1953 5249 vel
1968 5187 2009 5250 ad
2023 5205 2171 5251 mensam

144 5305 239 5354 „m
251 5281 432 5362 ,maog
452 5277 607 5360 bntituit,
626 5292 750 5356 cosque
763 5274 860 5337 ctiam
878 5273 910 5336 iu
926 5270 1084 5337 iaciendis
1102 5270 1294 5336 carminibus
1309 5268 1519 5331 exercitavit
1554 5267 1592 5332 ln
1604 5268 1660 5333 illa
1678 5269 1793 5337 ecbola
1811 5272 1937 5355 privata
1950 5272 2174 5339 Melautbouis
