4748 6022
162 371 233 451 ott
648 342 961 441 ALLOQUIA
992 343 1071 435 ΕΤ
1103 341 1338 423 BREVES
1371 341 1721 424 CONCIONES.
1817 356 1856 381 ““
2120 345 2208 416 m

165 542 247 636 quia
264 532 356 608 hatte
371 527 611 600 necessilatem
631 522 726 612 leges
742 515 883 591 scholae
906 535 1046 590 nostrae
1064 513 1151 589 mihi
1203 538 1329 616 posset.
1385 520 1508 614 ltaque
1532 519 1687 608 demittit
1706 540 1787 587 cum
1806 517 1845 587 in
1869 530 2072 586 enervatam
2090 539 2234 608 qucr-¹

166 647 375 734 imponunt,
409 629 519 700 ntalui
547 624 736 696 ‹lesiderori
761 623 799 690 itt
821 648 877 690 tue
905 623 1155 706 eruditionem,
1204 651 1303 710 cirin,
1341 638 1374 695 et
1402 624 1500 693 iubet
1525 645 1607 692 eum
1634 622 1685 689 ibi
1713 620 1865 699 esurire,
1899 634 2006 715 atque
2031 642 2052 687 a
2080 615 2201 687 Musis

167 765 273 840 quam
314 735 471 809 studium
511 725 776 818 obtemperandi
821 724 971 815 publicis
1010 724 1155 814 legibus.
1205 728 1337 797 victum
1359 741 1494 817 petere,
1519 746 1657 813 gregem
1677 723 1865 793 committit
1883 721 1962 791 aliis
1979 719 2112 803 servis,
2138 720 2201 812 qui

168 848 289 934 Quare
310 852 391 932 peto
409 859 428 903 a
443 831 563 915 vobis,
585 843 624 898 ut
644 852 707 918 pro
723 840 835 895 vestra
862 823 1081 895 humanitate
1096 848 1156 893 ve·
1205 829 1351 898 domino
1367 828 1627 919 applauserunt,
1650 824 1823 895 saevienti
1838 824 1875 891 in
1891 823 1993 893 illurn
2008 820 2202 891 Musarum

167 949 266 1018 niam
284 937 374 1013 mihi
391 934 501 1014 dctis,
526 932 554 1002 si
573 937 707 1000 vestrae
722 928 953 1018 expectationi
969 953 1042 997 non
1056 926 1159 996 satis-
1207 931 1390 1000 cultorem.
1442 926 1663 1020 Aliquandiu
1698 921 1895 1016 triumphat
1927 922 2047 993 Herus
2078 924 2201 993 ocioso

168 1049 291 1120 iecerit
314 1064 391 1112 mea
415 1036 546 1117 oratio,
571 1046 605 1102 et
629 1031 721 1100 dabo
739 1054 903 1122 operam,
930 1043 970 1100 nt
987 1029 1160 1099 brevitate
1207 1034 1345 1116 animo,
1370 1054 1450 1101 cum
1467 1053 1620 1122 poenae,
1645 1041 1686 1098 ut
1699 1027 1773 1096 lieri
1791 1028 1902 1112 solet,
1928 1025 2177 1097 differrentur·

172 1146 361 1226 orationis,
386 1138 540 1210 taedium
556 1134 672 1201 levare
686 1132 815 1200 videar.
1310 1133 1435 1204 Postea
1458 1145 1578 1200 exacto
1601 1153 1715 1215 arturo,
1739 1152 1877 1218 gregem
1899 1129 2101 1218 pestilentia
2118 1128 2203 1197 nni·

275 1247 369 1337 Quia
385 1263 467 1310 vero
484 1260 523 1305 ex
542 1231 610 1303 hoc
627 1234 704 1302 loco
720 1256 821 1322 saepe
836 1247 937 1303 antea
952 1228 1160 1303 honestissi-
1209 1260 1348 1305 versnm
1367 1233 1531 1326 perdidit.
1587 1229 1683 1301 Hac'c
1698 1232 1876 1300 calamitas
1897 1233 2067 1298 admouet
2083 1224 2203 1298 horni-

171 1358 240 1427 mia
257 1345 419 1419 laudibus
436 1351 559 1407 ornata
574 1353 625 1408 est
640 1329 883 1424 Philosophia,
910 1335 1050 1417 aviris,
1071 1359 1161 1426 quoa
1211 1363 1292 1406 uem
1315 1337 1454 1405 sceleris
1479 1334 1546 1405 sui.
1601 1333 1722 1426 ltaque
1746 1346 1900 1401 moestus
1924 1331 2018 1400 redit
2033 1333 2079 1399 ad
2102 1331 2201 1401 illam

104 1455 110 1468 ‘
173 1479 253 1529 rum
270 1444 422 1520 eruditio
439 1454 473 1509 et
489 1439 658 1508 autoritas
674 1439 766 1524 apud
784 1459 845 1502 vus
860 1459 996 1504 surnma
1013 1459 1085 1505 esse
1098 1438 1161 1503 de·
1211 1464 1397 1533 quercum,
1430 1439 1474 1505 ad
1507 1436 1697 1528 placandos
1726 1433 1821 1505 seret
1852 1457 1990 1517 ntanes3
2035 1435 2096 1502 sed
2120 1455 2203 1501 cum

172 1561 250 1636 het,
276 1570 391 1640 ireque
406 1566 468 1631 ego
483 1542 522 1608 iu
541 1554 748 1627 argutneutu
767 1537 868 1607 toties
885 1539 1014 1625 agitatu
1034 1547 1161 1606 novam
1211 1541 1321 1633 aperit
1343 1541 1526 1621 arborem,
1557 1549 1598 1606 ut
1626 1536 1781 1624 cadaver,
1800 1535 1883 1603 inde
1910 1547 2106 1624 exemplum
2133 1533 2204 1603 rite

173 1656 370 1731 orationem
398 1644 560 1714 iuvenire
581 1639 713 1730 potuit:
749 1641 870 1731 ltaque
892 1664 1004 1706 irritatu
1024 1653 1161 1709 tanturn
1212 1642 1376 1734 sepeliat,
1402 1664 1480 1709 ecce
1501 1651 1637 1730 praeter
1658 1659 1755 1726 spem
1772 1650 1877 1730 atque
1898 1637 2126 1726 opinionem,
2147 1633 2205 1701 vi-

175 1762 291 1829 locuni
316 1744 573 1840 inpraesentia
600 1735 688 1808 mihi
714 1741 844 1828 delegi,
877 1765 980 1831 quem
1010 1739 1163 1810 iudicavi
1213 1748 1275 1814 (let
1293 1767 1432 1813 servum
1448 1741 1566 1809 vivere
1586 1740 1820 1828 superstitem.
1873 1736 1979 1807 Hunc
1997 1738 2207 1826 interrogat,

175 1861 251 1931 istis
285 1852 445 1922 moribus
485 1851 519 1913 et
561 1841 779 1931 temporibus
815 1842 917 1909 valde
958 1841 1165 1935 convenire,
1213 1843 1450 1916 undevixerit
1473 1840 1640 1911 interim?
1671 1837 1804 1910 Servus
1825 1853 1994 1908 monstrat
2015 1838 2055 1906 in
2075 1839 2207 1907 arbore

176 1958 318 2056 quaudo
356 1969 479 2020 omnes
515 1945 753 2013 adolescentes
787 1943 948 2031 religiose
986 1944 1167 2013 abstinent
1213 1950 1312 2015 savos
1328 1971 1367 2015 ac
1383 1943 1500 2026 mella,
1519 1955 1554 2011 et
1568 1954 1697 2024 narrat,
1713 1939 1834 2011 Musas
1849 1942 2030 2011 reddentes
2045 1938 2208 2031 praemia

177 2091 196 2133 a
212 2046 464 2145 Philosophiae
479 2047 624 2128 studiis,
647 2045 730 2137 quia
744 2057 874 2134 negant
890 2045 949 2113 illa
967 2069 1039 2113 esse
1057 2069 1165 2136 quae·
1214 2049 1355 2140 pietati,
1382 2045 1476 2137 Apes
1493 2069 1534 2113 eo
1554 2043 1689 2112 irrisisse
1709 2045 1753 2112 ad
1772 2043 1887 2133 ipsum
1901 2042 2075 2112 alendum.

178 2179 315 2242 aenaea,
338 2170 371 2224 et
394 2165 434 2221 ut
456 2149 564 2237 vulgo
583 2147 724 2229 dicunt,
750 2171 823 2214 nou
847 2170 920 2214 esse
942 2147 986 2215 cle
1005 2170 1096 2237 pane
1111 2145 1167 2214 lu·
1317 2147 1413 2219 Haec
1427 2137 1478 2216 est
1494 2144 1625 2225 sabula,
1647 2168 1737 2238 quae
1751 2158 1844 2216 extat
1858 2146 1952 2235 apud
1968 2138 2208 2212 Theocritum

178 2263 324 2336 crando.
374 2250 452 2342 Ego
467 2275 549 2320 vero
568 2261 712 2340 propter
727 2247 922 2337 angustiam
939 2248 1106 2338 temporis
1129 2247 1166 2314 in
1217 2249 1432 2322 suavissimis
1446 2248 1606 2317 versibus
1619 2245 1759 2335 scripta.
1796 2243 1854 2317 Au
1871 2270 1954 2314 vero
1973 2244 2040 2314 utti
2053 2243 2212 2313 dubium

179 2364 350 2438 hocloco
382 2378 457 2425 nou
489 2375 663 2438 exponere
690 2372 850 2440 possum,
885 2370 971 2441 quas
998 2349 1169 2419 utilitates
1218 2377 1292 2423 esse
1322 2365 1455 2443 potest,
1490 2349 1577 2443 quid
1607 2348 1856 2438 significaverit
1883 2345 1992 2418 Poeta
2019 2340 2089 2414 hoc
2114 2368 2214 2414 com-

179 2464 333 2557 coguitiu
357 2449 608 2544 Philosophiae
628 2451 798 2521 studiosis
821 2451 974 2533 adferat,
1007 2452 1066 2519 sed
1090 2463 1170 2519 tan-
1219 2454 1364 2524 mento?
1396 2453 1578 2522 Admonet
1593 2446 1756 2520 honestas
1771 2463 1863 2518 artes
1879 2461 2024 2540 propter
2041 2448 2213 2516 virtutem

179 2585 255 2642 tuan
274 2560 394 2657 paucis
412 2557 595 2635 indicabo,
621 2576 686 2621 nec
699 2553 780 2621 illos
798 2575 919 2640 egere,
944 2551 1006 2644 qni
1025 2547 1171 2621 adhaec
1220 2556 1384 2626 colendas
1401 2577 1491 2637 esse,
1517 2575 1608 2644 quae
1629 2551 1693 2620 atsi
1710 2573 1832 2641 parum
1848 2551 2050 2621 snectuosae
2062 2547 2212 2617 videan-

180 2669 297 2746 studia
320 2657 561 2750 cognoscenda
585 2679 729 2747 operam
747 2677 847 2723 suam
872 2654 1111 2735 collocarunt,
1137 2664 1173 2721 et
1221 2673 1280 2728 tur
1300 2657 1414 2726 avaris
1439 2668 1474 2724 et
1494 2654 1683 2743 improbis,
1707 2665 1825 2722 tatum
1848 2646 1915 2721 huc
1930 2651 2108 2720 divinitus
2128 2646 2215 2731 fieti»

179 2760 449 2855 Philosophiam
459 2782 607 2850 quoqne
624 2779 705 2824 suos
721 2767 907 2825 sectatores
921 2755 1023 2822 alere.
1047 2752 1171 2842 Quan-
1222 2785 1266 2829 ue
1286 2759 1403 2828 desint
1420 2756 1474 2824 illi
1496 2755 1609 2824 labori
1625 2755 1815 2825 mediocria
1830 2769 1865 2823 et
1880 2753 2029 2823 honesta
2047 2749 2213 2843 praemia.

183 2892 289 2966 qnam
314 2878 430 2936 autem
461 2857 588 2928 barum
616 2857 747 2927 artium
773 2858 930 2946 cognitio
953 2870 1097 2947 propter
1125 2878 1174 2938 se,
1320 2859 1406 2931 Siut
1429 2881 1511 2927 sane
1536 2857 1708 2948 quaedam
1732 2857 1821 2925 aliae
1849 2869 1941 2925 artes
1964 2853 2079 2944 magis
2109 2875 2212 2945 qnae·

183 2997 259 3045 non
283 2971 402 3039 sructn
424 2960 545 3053 aliquo
571 2957 763 3048 expetenda
787 2971 880 3042 erat,
912 2981 992 3026 curu
1015 2952 1109 3025 nihil
1130 2956 1176 3025 sit
1224 2976 1496 3053 stuosae,‘qnas
1522 2973 1637 3028 tamen
1662 2981 1735 3027 non
1757 2957 1938 3047 vitupero,
1965 2980 2047 3024 etim
2065 2955 2214 3025 sintne-

184 3074 391 3152 houestum,
418 3064 512 3157 quod
536 3084 609 3128 nou
632 3059 915 3147 maguametiam
930 3058 1117 3128 utilitatem
1136 3058 1174 3125 iu
1224 3065 1390 3135 cessariae
1411 3059 1567 3150 Reipuh.
1617 3057 1686 3129 Sed
1706 3053 1836 3129 habent
1861 3058 2005 3129 interint
2029 3082 2095 3126 sua
2111 3055 2212 3127 etiam

186 3201 223 3246 se
239 3171 434 3243 contineat:
462 3162 600 3233 Tuaen
617 3161 771 3231 recitabo
787 3161 886 3229 vobis
900 3161 1068 3241 sabulum,
1091 3184 1176 3248 pru·
1224 3159 1461 3236 incommoda.
1513 3163 1560 3230 At
1583 3186 1623 3229 ex
1646 3157 1702 3229 his
1719 3162 1811 3230 veris
1831 3160 1986 3243 artibus,
2012 3184 2104 3251 quae
2122 3179 2213 3225 nnuc

186 3281 345 3347 deutera
360 3266 482 3338 Po'e‘tis
497 3265 700 3347 confictam,
725 3285 794 3354 qna
810 3262 949 3330 animos
964 3263 1175 3330 discentium
1225 3267 1327 3335 vobis
1342 3264 1652 3346 commendantur,
1683 3263 1844 3350 geminus
1858 3263 1995 3331 fructus
2014 3259 2214 3351 percipitur.

186 3377 395 3448 confirmare
419 3368 628 3447 voluerunt,
662 3388 708 3433 ne
734 3365 913 3434 absterriti
939 3364 1068 3455 ineptis
1102 3363 1177 3431 istis
1227 3368 1332 3439 hulla
1364 3391 1405 3435 ex
1429 3389 1467 3434 re
1490 3365 1660 3432 maiorem
1685 3363 1899 3454 voluptatem
1929 3362 2069 3431 aniuius
2093 3381 2214 3450 capere

187 3471 500 3550 vociferationibus
534 3462 720 3535 hominnm
754 3465 1021 3557 imperitorum,
1060 3466 1177 3535 studia
1228 3483 1359 3561 potest,
1383 3490 1547 3559 quanter
1568 3465 1768 3554 cognitione
1786 3465 1961 3548 veritatis,
1988 3461 2036 3533 Et
2052 3457 2119 3531 ltttc
2140 3475 2215 3530 stu·

187 3571 440 3666 Philosophiae
457 3571 670 3639 desererent.
1228 3573 1288 3643 dio
1314 3571 1358 3640 ad
1381 3564 1634 3643 humanitatem
1656 3580 1690 3636 et
1706 3567 1870 3637 virtutem
1887 3566 2070 3635 excitatur.
2121 3560 2214 3632 Haec

289 3667 627 3749 Poiita'l'heocritus
651 3668 794 3751 scribit,
816 3668 923 3738 fuisse
947 3682 1122 3759 pastorem
1139 3668 1177 3737 in
1228 3675 1322 3743 bona
1356 3695 1428 3738 non
1457 3669 1610 3738 afferunt
1641 3669 1723 3739 illae
1755 3683 1985 3761 quaestuosae
2015 3679 2128 3745 artes,
2158 3661 2214 3732 sed

189 3781 332 3864 Sicilia,
357 3775 505 3846 divitem
527 3785 631 3863 atque
652 3795 818 3850 avarum,
844 3771 900 3838 cui
922 3771 1028 3840 lecerit
1047 3794 1179 3850 servus,
1228 3773 1372 3867 proprie
1390 3797 1430 3840 ex
1449 3771 1519 3841 alio
1539 3793 1665 3859 genere
1681 3771 1862 3839 doctrinae
1880 3783 1986 3862 atquc
2009 3767 2143 3838 artium
2160 3789 2217 3856 ps-

188 3884 302 3976 gregis
320 3893 456 3959 custos,
482 3871 557 3942 Pau
582 3871 777 3963 quispiam,
803 3866 909 3941 humo
935 3873 1015 3962 pius
1036 3886 1070 3940 et
1094 3871 1179 3940 Mu·
1229 3879 1334 3947 tenda
1357 3887 1449 3967 spnt.
1501 3871 1600 3959 Quas
1623 3889 1740 3942 auteur
1762 3895 1863 3962 opes,
1894 3894 1984 3963 quae
2010 3893 2122 3957 regua
2143 3864 2216 3936 ani·

149 4050 151 4054 ,
189 4008 308 4056 sarum
338 3980 464 4051 cultor.
517 3971 565 4043 Et
586 3987 729 4064 propter
760 3970 867 4042 huius
899 3975 1061 4065 pietatem
1084 3969 1180 4043 Deus
1230 4001 1309 4047 urus
1326 3978 1412 4044 hene
1428 3975 1609 4043 institutus
1624 3974 1734 4061 magis
1748 3987 1893 4062 expetet,
1913 3996 2021 4065 quam
2039 3972 2103 4042 illa
2116 3971 2217 4049 botta,

192 4110 329 4176 gregem
357 4083 523 4153 tuebatur
554 4078 722 4144 adversus
757 4089 870 4164 pestes
896 4076 1012 4144 omuis
1043 4076 1180 4164 generis
1230 4078 1427 4172 quaedixi,
1455 4072 1712 4145 humanitatem
1729 4089 1764 4145 et
1779 4076 1954 4155 virtutem,
1981 4075 2115 4167 quibus
2130 4065 2218 4138 nihil

192 4188 348 4256 exitiales
371 4181 575 4273 pecudibus.
627 4177 768 4247 Solebat
787 4192 903 4245 aunem
922 4177 1056 4246 Pande
1079 4201 1180 4267 grege
1231 4196 1283 4251 est
1299 4180 1459 4262 suavius,
1485 4172 1578 4245 nihil
1592 4178 1742 4266 gratius,
1766 4176 1796 4243 si
1817 4175 1939 4244 noris?
1961 4171 2084 4265 Neque
2100 4187 2217 4240 tamen

76 4326 79 4332 ·
193 4286 341 4376 siugulis
363 4283 542 4350 rnertsihus
565 4279 739 4349 oviculam
765 4277 880 4347 Musis
902 4282 1117 4364 sacrificare,
1143 4293 1182 4347 ut
1232 4297 1351 4352 carent
1366 4281 1518 4349 externis
1535 4279 1729 4349 commodis
1746 4272 1831 4346 haec
1847 4277 1976 4348 studia.
2024 4271 2218 4343 Habebunt

192 4393 347 4482 placatae
361 4397 399 4453 et
415 4382 587 4473 propitiae
602 4404 740 4468 gregem
756 4394 950 4449 tuerentur.
1232 4386 1335 4454 etiarn
1354 4382 1545 4451 mediocria
1562 4381 1736 4471 praemia,
1763 4392 1797 4447 et
1815 4380 2005 4448 modestiae
2019 4375 2215 4446 suffectura.

296 4486 337 4557 ld
355 4509 438 4554 vero
460 4481 523 4552 ubi
545 4482 686 4549 rescivit
703 4477 809 4550 herus
826 4483 956 4570 impius
972 4498 1077 4572 atque
1099 4507 1183 4547 ava·
1234 4485 1322 4555 Nam
1348 4485 1378 4552 si
1402 4485 1468 4552 erit
1489 4483 1606 4575 aliqua
1622 4483 1781 4572 Respuh.
1797 4480 2015 4569 intelligetur
2033 4501 2092 4546 eas
2112 4473 2215 4546 teneri

193 4617 274 4674 rus,
299 4604 352 4661 tut
366 4584 511 4655 mactari
528 4605 627 4661 oves,
654 4606 728 4650 uon
741 4583 1032 4652 dissimulandam
1047 4595 1182 4654 tautam
1233 4609 1307 4655 uon
1327 4609 1447 4675 posse,
1469 4583 1546 4651 sine
1569 4577 1624 4650 his
1640 4581 1929 4651 nostrisartibus.
1985 4578 2109 4668 Quare
2123 4600 2216 4670 prae-

193 4698 363 4767 iacturam
383 4688 606 4768 existimaus,
634 4685 830 4773 expostulat
852 4708 1062 4753 cumservo.
1115 4681 1184 4753 Hic
1234 4687 1304 4755 mia
1323 4685 1471 4776 proponi
1490 4706 1628 4753 necesse
1644 4684 1722 4758 erit.
1773 4681 1905 4753 Errant
1922 4683 2019 4751 enim
2046 4678 2216 4760 nonnulli,

194 4796 338 4885 exponit
361 4792 418 4861 sui
436 4786 576 4859 consilii
600 4810 761 4870 causam,
786 4787 887 4854 docet
910 4788 998 4855 hene
1019 4785 1185 4853 collocari
1235 4787 1297 4881 qui
1312 4788 1377 4858 uui
1398 4799 1535 4859 tautum
1557 4786 1624 4855 arti
1650 4786 1766 4855 locum
1788 4786 1825 4853 in
1848 4784 1990 4854 civitate
2014 4785 2215 4860 concedunt,

195 4888 618 4971 hocofliciuminlleos,
644 4888 705 4979 qui
727 4908 866 4976 gregem
891 4883 1061 4958 hactenus
1080 4888 1185 4956 loeli·
1235 4890 1390 4981 reliquas
1424 4911 1566 4971 omnes,
1608 4883 1843 4976 Theologiam
1875 4899 1910 4956 et
1943 4878 2215 4977 Philosophiam,

196 4998 283 5067 citer
303 4990 553 5072 custodierint,
579 4989 735 5059 ostendit
758 4989 913 5082 praemia
939 4991 1090 5059 maxima
1111 4990 1187 5081 pie·
1236 5016 1312 5060 uon
1327 4991 1430 5060 aliter
1451 4991 1591 5059 civitate
1615 4989 1771 5079 pellunt,
1796 5012 1835 5057 ac
1851 4985 1952 5057 Plato
1969 4985 2102 5058 Poetas
2125 4981 2214 5056 eiicit

194 5100 258 5172 tati
276 5092 454 5190 proposita
470 5114 554 5162 esse.
1237 5092 1309 5164 Sed
1325 5091 1534 5162 Aristoteles
1549 5091 1804 5181 sapientissime
1821 5089 1921 5173 dixit,
1946 5087 2031 5159 Non
2050 5088 2130 5159 lieri
2143 5083 2213 5158 ciri·

298 5199 364 5270 llle
379 5215 500 5262 secure
518 5191 638 5260 ridens
654 5188 748 5260 Deos
765 5215 805 5261 ac
821 5193 943 5262 diviua
959 5195 1098 5277 omnia,
1123 5218 1189 5262 ue·
1238 5208 1344 5265 tatem
1375 5219 1416 5263 ex
1439 5190 1583 5262 Medico
1614 5207 1648 5262 et
1671 5190 1833 5275 Medico,
1872 5194 2002 5260 seder
2027 5189 2214 5261 Medicoct

195 5302 342 5395 gateihi
366 5295 454 5370 tanti
480 5315 553 5361 esse
581 5293 770 5381 religiones
798 5296 909 5380 ullas,
940 5309 981 5366 ut
1004 5308 1187 5388 propterea
1239 5296 1422 5386 Agricola,
1455 5289 1522 5363 hoc
1550 5307 1621 5377 est,
1654 5294 1803 5363 diversis
1831 5318 1872 5363 ac
1902 5293 2069 5384 pluribus
2095 5292 2215 5363 artibnt

195 5430 296 5496 egere
311 5417 345 5472 et
368 5397 502 5470 esurire
519 5394 615 5465 velit.
666 5392 720 5464 Ac
736 5399 894 5467 deservo
910 5398 959 5467 ait
974 5421 1011 5468 se
1027 5411 1189 5489 sumptu·
1239 5420 1328 5484 opus
1352 5423 1435 5466 esse.
1488 5393 1566 5465 Hoc
1588 5409 1746 5485 tempore
1768 5419 1853 5465 saue
1870 5397 1959 5465 dura
1981 5394 2218 5466 fortunacon

161 5501 278 5580 ”runt
300 5528 373 5576 esse
394 5498 634 5594 supplicium,
666 5497 945 5591 quindenarum
962 5499 1093 5570 sarcire
1114 5521 1189 5568 uon
1239 5499 1416 5570 llictamur
1448 5497 1598 5568 studiosi
1630 5520 1772 5585 omnes,
1813 5523 1854 5569 ac
1887 5496 1985 5569 velut
2011 5497 2075 5569 ille
2101 5515 2220 5572 servus.
