4748 6022
163 336 240 415 925

125 527 128 533 '
179 511 248 584 No.
268 509 326 578 10.

170 604 345 639 W

649 332 958 429 ALLOQUIA
984 332 1059 411 ΕΤ
1090 326 1321 410 BREVES
1353 325 1704 458 eoactoues.
2117 333 2192 408 926

985 537 1037 577 en.
1062 510 1158 576 1534.
1206 501 1327 573 animo
1349 515 1445 591 opto.
1497 499 1588 570 Nam
1611 527 1682 596 quo
1701 501 1811 594 magis
1831 502 1933 572 illum
1954 517 2099 595 propter
2119 505 2194 574 exi-

978 602 1151 633 m
1207 605 1314 673 miam
1331 602 1441 693 ipsius
1457 603 1652 674 bonitatem
1667 605 1794 684 amavi,
1819 629 1861 674 co
1877 618 1911 674 et
1927 617 1961 675 te
1976 606 2087 695 magis
2101 630 2193 691 amo,

1206 730 1246 775 ac
1267 727 1391 794 precor
1411 705 1577 773 omnibus
1593 705 1702 784 votis,
1728 718 1771 776 ut
1785 699 1948 776 Christus
1970 718 2003 776 te
2024 719 2138 775 servet
2159 720 2194 776 et

1206 806 1382 877 defendat.
1433 802 1616 877 Postremo
1639 820 1742 897 opto,
1766 820 1807 877 ut
1827 807 1991 899 auspiciis
2011 807 2082 879 tuis
2105 802 2195 878 baec
2273 843 2281 849 ·

1206 900 1325 977 schola
1339 905 1512 976 foeliciter
1527 909 1754 996 gubernetur.

1073 1096 1077 1102 Ι
1257 998 1610 1104 AdScholasticos.]
1648 1007 1718 1076 Vos
1733 1031 1876 1102 quoque
1889 1007 2113 1079 scholasticos
2128 1011 2193 1078 ad-

148 1098 301 1204 'Nu'per
314 1110 515 1196 audivistis,
542 1111 636 1204 quod
652 1111 805 1180 faustum
818 1110 994 1203 foelixque
1009 1106 1073 1188 sit,
1100 1129 1158 1174 re·
1205 1105 1348 1192 bortor,
1374 1121 1412 1178 ut
1435 1133 1513 1178 cum
1531 1109 1658 1179 videtis
1672 1108 1859 1200 ¹principes
1880 1109 1976 1178 viros
1998 1106 2192 1180 honorifice

167 1213 333 1283 nunciati
350 1209 536 1284 Rectorem
555 1210 732 1282 lllustrem
755 1212 950 1303 principem
973 1205 1157 1278 Ioannem
1204 1213 1249 1279 de
1271 1210 1396 1279 studiis
1421 1211 1568 1294 sentire,
1593 1209 1751 1301 cogitetis
1766 1210 1868 1279 vobis
1881 1234 2023 1302 quoque
2038 1207 2194 1301 Reipub.

167 1311 383 1396 Eraeslam,
399 1311 729 1392 SaxoniaeDucem,
748 1307 1157 1400 LandgraviumTurin·
1205 1334 1308 1381 causa
1339 1312 1452 1399 magis
1484 1312 1653 1380 amandas
1686 1327 1719 1382 et
1751 1311 1916 1394 colendas
1948 1335 2021 1382 esse
2055 1312 2200 1397 literas3·

168 1417 246 1506 giae
261 1429 295 1485 et
311 1408 557 1484 Marcbionem
573 1411 739 1487 Misniae.
791 1411 912 1501 Quare
925 1425 965 1482 ut
980 1410 1158 1499 intellige·
1205 1412 1399 1504 plurimum
1420 1412 1515 1481 enim
1539 1410 1692 1503 Reipub.
1718 1413 1880 1492 interest,
1913 1412 2030 1504 qualis
2050 1414 2095 1481 ad
2116 1436 2192 1482 eam

167 1531 254 1587 runt
276 1531 400 1585 ornnes
422 1532 596 1584 summam
620 1536 692 1583 esse
707 1514 925 1585 voluntatem
942 1513 1054 1604 ipsius
1075 1534 1156 1600 erga
1204 1514 1472 1601 gubernandam
1509 1513 1669 1583 doctrina
1703 1514 1879 1585 afferatur.
1943 1508 1993 1584 Et
2024 1512 2192 1604 quoniam

166 1617 308 1700 literas,
339 1639 436 1685 nunc
457 1615 598 1705 publice
621 1615 778 1687 delatum
805 1611 977 1685 honorem
1005 1612 1156 1683 lllustris
1205 1613 1373 1705 Princeps
1398 1615 1471 1704 ipse
1493 1610 1740 1685 scholasticum
1759 1614 2002 1703 magistratum
2019 1613 2127 1702 gerit,
2152 1626 2195 1683 ut

235 704 309 776 aar
320 704 421 771 slepa.
435 704 525 760 aaa
535 698 718 760 munna·
729 700 809 758 etsta
824 704 882 758 ao.
895 703 995 759 ιω.

165 863 419 958 Philippus
450 860 727 937 Melanthea
758 860 811 932 ad
838 860 1079 935 scholasticos
1113 864 1156 933 ln

371 969 658 1038 renunciatione
669 968 755 1037 noae·
773 967 954 1038 ltectorls.

157 1717 335 1810 princeps
354 1718 511 1807 accipere
537 1718 702 1786 decrevit.
758 1715 806 1788 Ut
829 1717 979 1810 quisque
1001 1715 1156 1806 optimus
1205 1728 1351 1786 testetur
1365 1738 1401 1784 se
1415 1711 1552 1784 bonore
1567 1716 1703 1785 afficere
1718 1717 1848 1799 literas,
1873 1738 1937 1784 vos
1950 1738 2091 1807 quoque
2106 1713 2195 1783 dili·
2299 1791 2310 1807 ,Ι

167 1818 332 1911 princeps
354 1818 423 1887 suit
439 1830 476 1886 et
496 1819 646 1886 maxime
667 1818 830 1888 salutaris
850 1812 1008 1885 humano
1025 1813 1156 1905 generi,
1204 1816 1342 1904 gentius
1368 1817 1622 1907 obtemperate,
1659 1841 1704 1887 ne
1726 1833 1760 1887 et
1788 1816 1984 1908 principem
2011 1828 2047 1885 et
2074 1815 2196 1885 literas

170 1922 219 1990 ita
235 1915 327 1989 hanc
345 1941 464 1989 curam
482 1919 577 1991 inter
591 1919 797 2010 praecipuas
813 1917 915 1987 duxit
931 1915 1107 1986 excitandi
1121 1928 1157 1986 et
1205 1931 1432 1988 contemnere
1463 1917 1669 1990 videamini.
1724 1916 1848 1988 Vestra
1882 1916 2052 1988 modestia
2087 1915 2192 1987 etiam

169 2021 323 2094 ornandi
338 2027 350 2039 “
363 2019 479 2087 studia
518 2019 713 2092 literarum.
772 2016 1022 2107 Intelligebant
1060 2016 1154 2086 enirn

146 2137 340 2218 *quantum
360 2118 575 2208 praesidium
598 2133 636 2190 <et
658 2133 907 2189 ornamentum
929 2119 974 2190 sit
994 2118 1156 2188 doctrina

166 2227 262 2296 vitae
275 2217 466 2290 humanae.
509 2217 600 2288 Nam
616 2243 731 2313 neque
744 2221 945 2309 religiones,
968 2243 1084 2313 neque
1099 2218 1157 2288 iu-

126 2400 129 2405 .
167 2326 266 2398 sticia
293 2323 333 2391 in
358 2319 537 2410 imperiis,
571 2344 687 2412 neque
717 2317 921 2391 humanitas
948 2321 987 2388 in
1010 2319 1156 2412 privatis

167 2426 328 2498 moribus
353 2421 429 2489 sine
441 2420 556 2490 literis
570 2422 716 2492 retineri
739 2434 899 2513 possunt.
940 2420 1011 2493 Sed
1029 2419 1156 2512 depul-

169 2529 216 2600 sis
231 2522 289 2595 bis
301 2522 446 2605 studiis,
470 2544 610 2592 necesse
633 2539 684 2595 est
700 2522 936 2592 contaminari
958 2522 1157 2612 religiones,

168 2630 314 2700 existere
324 2622 549 2717 Tyrannides
564 2624 601 2691 in
617 2626 821 2714 potentibus
835 2637 868 2691 ct
883 2624 1057 2691 infinitam
1072 2623 1157 2692 bar-

168 2730 303 2802 bariem
329 2726 367 2793 iu
387 2725 546 2813 privatis.
598 2722 720 2820 ltaque
740 2747 902 2813 magnam
924 2724 1065 2794 laudem
1083 2748 1156 2793 rne-

167 2843 293 2904 rentur
306 2824 423 2897 Duces
437 2823 630 2908 Senoniae,
655 2850 807 2918 quorum
827 2820 1082 2895 hactenus-luit
1095 2848 1156 2893 ex-

166 2932 299 3004 e'ellens
321 2928 358 2995 in
382 2925 495 2996 literis
517 2927 661 2995 tuendis
680 2941 783 3018 atque
807 2925 973 2993 iuvandis
987 2926 1154 2994 studium.

165 3032 265 3104 llaec
280 3026 470 3099 domestica
486 3027 642 3116 exempla
657 3022 846 3096 hortantur
859 3038 894 3095 et
909 3020 1005 3094 hunc
1020 3022 1156 3094 Ducem

170 3131 353 3205 Ioannem
379 3123 602 3211 Ernestam,
639 3142 680 3199 ut
703 3129 774 3197 iam
796 3150 816 3195 a
839 3126 970 3195 teneris
991 3125 1102 3195 diseat
1123 3139 1157 3194 et

168 3233 386 3320 intelligere,
411 3231 505 3321 quod
527 3230 741 3299 necessariae
761 3227 832 3298 sint
847 3225 1001 3318 Reipub.
1022 3224 1157 3310 literae,

169 3350 205 3408 et
226 3358 285 3405 eas
306 3327 442 3400 honore
456 3330 606 3401 allicere.
658 3327 777 3424 Atque
792 3331 987 3419 optandum
1009 3339 1084 3398 erat
1100 3328 1159 3396 re·'

168 3440 236 3508 bus
259 3431 445 3515 humanis,
468 3426 561 3503 banc
580 3433 787 3525 opinionem
804 3431 1011 3501 instillatam
1035 3441 1071 3498 et
1098 3428 1158 3496 in-

169 3541 272 3609 fixam
287 3557 360 3604 esse
373 3533 540 3603 omuibus
554 3534 776 3624 principibus
788 3533 833 3601 ab
848 3532 994 3602 ineunte
1008 3543 1131 3600 aetate.

131 3652 134 3657 “
272 3631 335 3704 Ad
345 3627 584 3731 Principem]
638 3633 723 3704 Tibi
741 3634 860 3727 itaque
878 3631 1030 3703 lllustris
1055 3631 1157 3721 prin·

1204 2017 1345 2107 augebit
1383 2018 1421 2088 in
1454 2018 1682 2111 Principibus
1715 2043 1872 2090 amorem
1909 2040 1989 2109 erga
2026 2013 2193 2088 honesta

1204 2120 1420 2212 disciplinas.
1976 2136 1979 2140 ’

1220 2456 1289 2531 Νο.
1307 2455 1367 2530 11.

1211 2552 1383 2584 Μ

1219 2609 1221 2612 Δ
1272 2658 1297 2727 †
1312 2655 1349 2709 Er
1363 2653 1547 2710 Miscellaneis
1561 2671 1644 2708 manu
1657 2653 1767 2723 seriptis
1781 2653 1922 2723 Stephani
1931 2655 2018 2709 meat
2027 2653 2055 2709 in
2068 2651 2193 2710 biblioth.

1308 2722 1396 2778 Goth.
1409 2722 1472 2779 cod.
1485 2721 1539 2778 No.
1553 2725 1613 2779 240.
1629 2740 1656 2793 p.
1670 2723 1736 2780 72²³.

2002 2461 2065 2540 (an.
2082 2459 2193 2542 1534.)

1205 2877 1405 2977 Praefatio
1430 2890 1521 2954 ante
1546 2879 1844 3054 disputatgbnqpa
1871 2878 2103 2977 ll'itedeapae
2123 2876 2194 2951 lta·

1587 2987 1652 3058 tta.
1745 3028 1755 3050 ·
1827 3035 1838 3057 .

1206 3120 1289 3202 Etsi
1307 3154 1411 3199 nemo
1429 3131 1587 3221 ignorat,
1612 3155 1678 3202 nos
1696 3125 1911 3203 authoritate
1924 3144 2192 3224 praeceptorum

1207 3231 1303 3320 cogi,
1336 3232 1436 3301 utin
1457 3227 1553 3300 bunc
1582 3233 1699 3303 locum
1721 3234 1954 3324 prodeamus,
1985 3247 2104 3305 umen
2125 3226 2194 3301 hoc

1206 3332 1397 3403 verecundi
1418 3331 1552 3420 ingenii
1568 3344 1636 3417 est,
1662 3347 1780 3424 petere
1796 3358 1815 3403 a
1832 3335 1952 3420 vobis,
1975 3358 2021 3404 ne
2036 3357 2136 3404 secus
2145 3332 2194 3402 de

1206 3447 1327 3504 nostro
1349 3432 1497 3503 consilio
1520 3432 1694 3503 iudicetis.
1743 3430 1846 3522 Rogo
1867 3435 1975 3524 igitur
1997 3435 2121 3517 initio,
2147 3455 2194 3504 ne

1207 3559 1262 3602 me
1278 3533 1412 3621 ingenii
1427 3532 1554 3602 fiducia
1575 3533 1634 3602 eed
1654 3532 1770 3603 oibcio
1783 3535 1974 3604 adductum
1992 3532 2194 3605 existimetis

1206 3638 1250 3704 ad
1269 3630 1361 3702 banc
1383 3656 1568 3725 personam
1591 3634 1862 3726 suscipiendam.
1913 3633 2004 3713 Nam
2020 3657 2083 3725 ego
2099 3629 2194 3704 hanc

2014 2551 2186 2583 nonu
2273 2541 2275 2545 ’

169 3761 252 3834 ceps
267 3737 422 3831 primum
437 3748 535 3826 opto,
559 3749 600 3805 ut
613 3733 711 3805 Deus
726 3732 812 3826 Opt.
830 3733 926 3808 Max.
944 3750 978 3806 te
993 3747 1107 3803 servet
1123 3742 1156 3800 et
1206 3737 1252 3805 ob
1266 3757 1403 3804 causam
1420 3735 1558 3804 facilius
1573 3735 1678 3806 etiam
1693 3759 1828 3805 rnorem
1853 3736 1940 3825 gessi
1958 3733 2193 3827 praeceptori·

171 3840 340 3914 concedat
356 3835 452 3919 tibi,
467 3850 508 3907 ut
530 3837 683 3927 patrium
708 3833 884 3906 Ducatum
908 3834 1082 3906 foeliciter
1104 3847 1154 3904 te-
1206 3839 1291 3920 bus,
1317 3851 1358 3906 ut
1378 3836 1633 3927 intelligerent,
1657 3861 1714 3906 me
1738 3838 1901 3908 lubenter
1915 3837 2075 3908 conferre
2093 3832 2194 3931 quasi

121 3921 130 3944 ¹
170 3965 254 4014 neas
277 3953 311 4010 et
333 3960 442 4025 regas.
502 3933 612 4030 ldque
634 3962 711 4007 mea
735 3961 820 4006 voce
842 3950 936 4007 totus
959 3931 1017 4005 bic
1038 3948 1157 4004 coetus
1206 3939 1402 4034 symbolam
1429 3940 1472 4007 ad
1501 3939 1791 4009 consuetudinem
1819 3939 2025 4029 disputandi
2053 3958 2194 4007 conser-

136 4079 137 4082 ¹
169 4040 464 4116 Doctissimorum
495 4050 599 4131 atque
630 4038 845 4130 optimorum
881 4037 1038 4107 virorum
1070 4033 1157 4104 lllu-
1206 4041 1370 4125 vandam,
1396 4040 1490 4134 quod
1506 4041 1642 4110 utinam
1659 4040 1814 4110 iacerent
1826 4039 1930 4108 etiam
1943 4038 2073 4133 reliqui
2089 4032 2193 4109 scho-

169 4145 343 4218 strissimo
376 4138 530 4231 principi
558 4141 658 4209 fratri
696 4153 777 4219 tuo,
812 4153 846 4209 et
880 4139 944 4207 tibi
981 4151 1155 4228 precatur.
1205 4141 1339 4210 lastici!
1367 4140 1515 4231 Saepius
1531 4143 1625 4210 enim
1637 4142 1841 4210 audiremus
1857 4164 1916 4209 eos
1928 4141 2137 4211 disserentes
2149 4139 2194 4209 de

165 4230 308 4320 Deinde
330 4241 397 4313 tibi
415 4242 544 4328 gratias
561 4265 643 4328 ago,
668 4243 763 4333 quod
787 4253 946 4330 suscepto
964 4235 1030 4308 boc
1054 4232 1157 4306 scbo-
1205 4243 1313 4310 rebus
1326 4242 1488 4310 maximis
1504 4257 1539 4313 et
1561 4245 1602 4312 ad
1620 4242 1728 4311 vitam
1750 4241 1967 4322 utilissimis,
1988 4242 2059 4311 ²nos
2073 4241 2112 4309 in
2127 4234 2195 4309 hae

170 4350 292 4418 lastico
318 4341 453 4413 bonore
479 4343 763 4413 benevolentiam
797 4355 893 4410 tuam
926 4363 1006 4429 erga
1041 4338 1155 4408 studia
1206 4342 1479 4413 fabulanostras
1496 4357 1610 4434 partes
1624 4367 1699 4413 non
1714 4354 1786 4414 tam
1802 4343 1986 4414 fastidiose
1997 4342 2194 4434 suscipere·

171 4450 349 4529 declaras,
375 4457 478 4535 teque
500 4444 646 4528 iterum,
672 4445 765 4536 quod
784 4444 958 4524 faustum,
980 4442 1157 4532 foelixque
1207 4468 1295 4513 mus.
1353 4439 1504 4528 Errant,
1539 4444 1658 4539 inquit
1688 4445 1898 4515 muliercula
1930 4446 1969 4513 in
2000 4441 2194 4522 comoedia,

171 4551 236 4634 sit,
257 4544 445 4618 Rectorem
467 4539 571 4616 buius
587 4544 798 4617 Academiae
820 4543 1009 4626 renuncia,
1035 4567 1074 4611 ac
1090 4541 1156 4612 tibi
1205 4545 1266 4639 qui
1284 4544 1415 4613 invitos
1432 4569 1535 4614 canes
1550 4548 1595 4614 ad
1612 4547 1814 4615 venandum
1830 4546 1977 4620 ducunt.
2018 4543 2069 4616 lta
2086 4543 2193 4614 etiam

171 4652 271 4740 signa
284 4646 507 4735 magistratus
521 4647 621 4717 trado
635 4661 669 4718 et
691 4642 775 4718 baec
789 4659 909 4716 nostra
926 4644 1042 4716 studia
1060 4666 1157 4713 com-
1205 4659 1446 4738 praeceptores
1460 4647 1630 4736 gravatim
1646 4647 1845 4737 disputant,
1870 4659 2055 4736 postquam
2070 4645 2194 4728 rident

170 4751 314 4823 mendo.
363 4742 445 4816 Erit
471 4746 565 4814 enim
596 4749 661 4818 tibi
694 4744 929 4819 honorificum
957 4762 989 4818 te
1015 4767 1156 4839 quoque
1205 4770 1272 4815 nos
1297 4769 1398 4836 aegre
1423 4749 1569 4840 perpelli
1595 4771 1714 4840 posse,
1738 4762 1778 4818 ut
1792 4761 1953 4815 nostrum
1970 4742 2193 4813 officiumla·

171 4860 376 4946 sequentem
392 4845 631 4916 laudatissima
645 4851 801 4938 exempla
822 4849 996 4919 maiorum
1012 4860 1155 4915 tuorum
1205 4847 1350 4920 ciamus.
1401 4843 1477 4938 Ego
1498 4851 1617 4941 itaque
1637 4869 1752 4916 meam
1776 4846 1814 4912 in
1835 4839 1901 4912 bac
1921 4867 1960 4912 ee
1986 4843 2191 4914 facilitatem

172 4977 289 5026 amare
313 4963 349 5022 et
371 4947 541 5017 venerari
556 4947 739 5018 literarum
765 4948 895 5021 studia.
946 4944 1157 5029 Meministi,
1206 4947 1256 5015 eis
1276 4969 1488 5039 magnopere
1502 4948 1600 5017 volui
1623 4944 1779 5037 probari.
1832 4941 1983 5016 interest
2001 4945 2097 5015 enim
2120 4944 2195 5017 rei-

171 5080 277 5151 quam
297 5052 426 5123 interim
450 5049 584 5139 optimo
606 5047 760 5139 principi
778 5048 869 5139 patri
885 5061 946 5117 tuo
961 5044 1156 5118 familiaris.
1206 5049 1367 5138 publicae
1382 5047 1581 5119 conservari
1597 5046 1802 5138 disputandi
1817 5069 1962 5132 morem,
1985 5047 2191 5138 praesertim

170 5156 294 5251 ltaque
318 5178 392 5224 non
417 5151 541 5221 dubito
565 5162 599 5219 te
623 5150 760 5240 paterni
782 5148 932 5238 exempli
954 5147 1157 5220 admonere.
1206 5171 1284 5218 cum
1304 5144 1414 5220 iubis
1432 5147 1684 5236 certaminibus
1703 5169 1759 5217 res
1779 5147 1933 5240 optimae
1948 5161 2053 5240 atque
2071 5145 2192 5218 utilis-

169 5257 286 5332 Erant
307 5258 346 5326 in
371 5279 412 5324 eo
435 5278 514 5323 curn
531 5251 620 5320 aliae
636 5250 783 5321 virtutes
799 5252 896 5320 bono
918 5261 952 5319 et
973 5248 1155 5317 moderato
1205 5249 1314 5320 simae
1334 5265 1368 5321 et
1388 5250 1536 5340 agitatae
1555 5261 1589 5319 et
1612 5248 1801 5341 explicatae
1816 5249 1898 5323 sint.
1950 5245 2190 5319 inofficiosum

169 5359 333 5455 principe
352 5357 498 5448 dignae,
523 5366 598 5423 tum
617 5350 743 5422 eximia
765 5352 936 5446 quaedam
960 5348 1154 5420 reverentia
1206 5362 1321 5420 autem
1335 5363 1405 5436 est,
1424 5374 1505 5420 cum
1520 5351 1690 5420 maximas
1705 5350 1875 5422 utilitates
1888 5343 1975 5418 lube
1991 5350 2192 5435 auierampa

169 5487 252 5555 erga
272 5462 404 5539 literas.
455 5453 562 5528 llunc
581 5471 621 5527 ut
639 5452 814 5526 foeliciter
832 5451 998 5539 imiteris,
1022 5449 1089 5520 tibi
1113 5474 1155 5522 ea
1203 5451 1365 5546 plerique
1377 5473 1511 5540 omnes,
1535 5475 1609 5525 non
1626 5452 1786 5524 conferre
1799 5450 1953 5521 vicissim
1966 5472 2129 5545 operiam
2150 5464 2191 5525 ut
