4748 6022
251 332 329 415 ns
840 294 1271 414 ouansrtones
1300 314 1697 398 scaouurcan
2213 310 2294 396 sss

257 505 431 602 impium,
458 513 494 572 et
512 466 739 596 tyrannicam
761 496 896 567 dictum
920 507 991 581 est,
1014 494 1045 565 si
1067 494 1246 586 intelliga-
1266 497 1271 613 1
1293 489 1361 595 bae
1383 507 1522 566 senecta
1544 495 1672 566 mnndi
1695 493 1734 564 in
1748 491 1945 568 Ecclesiam
1961 492 2178 586 pervasiise,
2206 496 2292 592 qui-

258 610 388 686 tarde
410 602 642 698 opinionibus
665 612 725 670 aut
748 599 878 670 ritibus
899 611 996 669 extra
1010 593 1246 688 Evangelium
1269 621 1271 663 ι
1293 597 1362 669 bus
1377 599 1580 692 quaerenda
1595 597 1670 670 sint
1687 596 1857 668 remedia.
1910 593 2009 667 Haec
2024 621 2106 666 cum
2122 599 2186 669 illc
2209 622 2290 690 grs-

175 702 177 704 ’
259 708 472 801 excogitatis.
524 703 646 794 Quare
678 725 753 771 non
787 713 881 770 recte
905 699 1060 785 faciunt,
1090 701 1151 793 qui
1178 695 1246 770 hoe
1294 699 1441 772 sissima
1456 698 1624 770 oratione
1634 711 1877 789 exaggeraret,
1892 699 2095 790 interpellat
2111 724 2196 772 enm
2208 700 2291 774 Cle.

261 816 356 894 dicto
372 809 597 881 autoritatem
613 803 844 898 Synodorum
862 824 990 891 augere
1008 814 1196 875 conantur.
1295 824 1418 886 mens,
1448 802 1534 872 satis
1550 803 1753 896 tyrannice,
1781 801 1959 894 inquiens.
2000 799 2182 889 Quotam
2198 799 2291 876 mihi

363 912 436 985 Sed
453 909 614 980 ‘ilsllffli‘
631 930 697 975 ¹¹²⁶
712 918 847 975 veleris
862 900 1246 987 nominasseCanones,
1296 905 1347 975 sic
1360 904 1603 975 contradicere
1622 906 1756 975 audes?
1804 901 1950 973 Placide
1972 901 2226 993 Mercurinus,
2252 921 2293 981 nt

259 1015 437 1090 humanas
455 1011 644 1105 opiniones
668 1019 730 1076 aut
750 1007 909 1088 decreta,
934 1005 1125 1095 excogitata
1151 1019 1248 1075 extra
1297 1007 1423 1077 eratin
1441 1031 1482 1075 eo
1497 1030 1633 1075 summa
1650 1008 1815 1096 gravitas.
1850 1003 2024 1099 Expouo,
2040 1007 2170 1102 iuquit,
2186 1033 2293 1080 man-

260 1116 518 1208 Evangelium,
543 1136 582 1181 ae
600 1111 704 1199 longe
718 1108 816 1177 aliud
830 1107 1001 1191 sensisse,
1025 1132 1135 1201 quam
1150 1107 1248 1200 quod
1296 1110 1379 1178 data
1401 1106 1551 1178 Domini
1577 1109 1646 1177 mei
1673 1107 1922 1200 lmperatoris,
1947 1109 2010 1202 qui
2034 1132 2098 1179 suo
2123 1113 2293 1199 consilio,

261 1245 361 1294 nune
374 1220 654 1307 interpretantur
672 1206 732 1294 bi,
758 1209 822 1303 qui
844 1209 1053 1281 traditiones
1074 1206 1250 1280 humanas
1298 1232 1372 1280 non
1390 1232 1432 1278 ex
1448 1210 1601 1280 aliorum
1624 1211 1839 1303 praescripto
1861 1205 1948 1280 haec
1965 1211 2049 1301 agit.
2102 1211 2153 1284 Et
2169 1226 2291 1285 tamen

263 1337 300 1396 et
333 1320 513 1392 doctrinas
544 1313 826 1384 Daemoniorum
859 1312 1069 1383 defendunt.
1135 1308 1249 1378 Video
1298 1313 1411 1382 fateor
1436 1335 1492 1381 me
1514 1313 1655 1405 qunqde
1678 1313 1789 1407 ipsius
1814 1313 2026 1383 sententiam
2051 1316 2223 1405 probare,
2256 1330 2293 1390 et

254 1425 361 1498 ‘enim
382 1423 421 1490 in
438 1415 594 1513 Synodis
615 1414 761 1486 vetustis
785 1413 967 1482 nominari
982 1413 1148 1482 Canones
1170 1425 1250 1482 tan·
1300 1415 1332 1484 ei
1349 1409 1568 1484 hortatorem
1584 1438 1677 1500 esse,
1703 1427 1743 1486 ut
1759 1417 1797 1485 in
1816 1415 1993 1487 sententia
2016 1432 2177 1504 maneat,
2204 1421 2292 1513 quia

264 1542 341 1600 turn
363 1520 533 1618 Symbola
556 1534 590 1590 et
611 1515 803 1586 sententias
825 1517 869 1589 de
890 1539 973 1586 vera
995 1515 1178 1600 doctrina,
1212 1514 1251 1581 iu
1300 1516 1451 1586 maxime
1473 1517 1667 1587 necessaria
1700 1530 1751 1588 est
1777 1517 1963 1587 universae
1987 1514 2168 1590 Ecclesiae
2196 1521 2292 1594 iusta

264 1628 396 1724 quibus
414 1623 563 1694 reiectae
585 1632 669 1690 sunt
687 1616 815 1710 impiae
828 1616 1016 1707 opiniones
1030 1631 1065 1688 et
1082 1610 1252 1709 blasphe-
1300 1618 1557 1689 deliberatione
1573 1618 1716 1709 piorum
1733 1632 1768 1689 et
1778 1621 1964 1691 doctorum
1979 1623 2024 1690 de
2039 1622 2163 1694 multis
2175 1623 2292 1694 maxi·

263 1730 375 1814 miae,
400 1722 582 1796 utCanon
604 1718 809 1815 estSynodi
831 1716 998 1790 Niceuae.
1050 1713 1252 1790 Anathema
1299 1721 1368 1790 mis
1390 1720 1514 1794 causis.
1566 1718 1636 1791 Hic
1656 1722 1811 1792 surrexit
1836 1720 2036 1815 Imperator
2056 1721 2229 1813 Carolus,
2254 1739 2292 1798 et

264 1833 311 1904 *ἢ
325 1829 389 1924 ‘iul
403 1824 627 1919 ampliilllur
642 1820 862 1894 S³¹¹¹⁰⁸³l²¹¹l
886 1816 1160 1914 blasphemiam
1193 1819 1253 1891 Sic
1301 1847 1363 1894 sua
1385 1845 1471 1892 voce
1494 1824 1707 1894 senteutiam
1731 1846 1831 1894 suam
1850 1824 1899 1893 ita
1922 1826 2102 1916 exposuit,
2136 1840 2177 1897 ut
2205 1827 2292 1901 satis

265 1931 393 2009 Canon
423 1942 476 2001 est
507 1925 645 2021 Synodi
678 1921 917 2013 Gangrensis,
968 1918 1169 1994 Anathema
1197 1923 1253 2006 sit,
1302 1927 1487 2016 adpareret
1513 1948 1594 1995 eum
1616 1949 1691 1996 non
1710 1939 1849 1996 tantum
1875 1926 1992 1996 alieno
2020 1929 2171 1998 consilio
2200 1930 2292 2021 regi,

265 2037 331 2130 qui
351 2030 518 2123 coniugio
541 2040 603 2098 aut
626 2049 689 2097 esu
708 2026 869 2095 carnium
891 2025 979 2097 dicit
1005 2025 1120 2120 pollui
1145 2016 1253 2096 Chri·
1301 2025 1432 2098 Narrat
1456 2027 1560 2097 initio
1583 2050 1620 2096 se
1642 2027 1755 2099 Deum
1779 2052 1864 2097 vero
1887 2041 2028 2120 pectore
2043 2032 2224 2119 venerari,
2252 2046 2291 2104 et

267 2138 437 2210 *ἥψω
1299 2125 1481 2199 Ecclesiae
1494 2151 1633 2220 semper
1647 2131 1975 2222 obtemperaturum
1992 2154 2066 2202 esse
2077 2187 2087 2218 ,
2100 2134 2290 2228 multaque

368 2235 477 2306 Tales
500 2227 696 2301 sententiae
722 2239 807 2298 sunt
833 2228 1073 2298 confessiones
1097 2228 1254 2322 piorum,
1302 2234 1348 2301 de
1363 2230 1539 2315 dissidiis,
1565 2245 1741 2303 eteorum
1760 2233 1927 2302 remediis
1949 2235 2124 2325 cogitare,
2147 2258 2213 2304 nec
2227 2236 2292 2305 ut.

266 2350 465 2434 repetentes
487 2346 521 2404 et
546 2332 747 2403 adserentes
771 2330 884 2422 ipsam
905 2327 1093 2421 Evangelii
1118 2355 1254 2413 vocem,
1305 2334 1381 2402 lum
1398 2333 1561 2403 iuvenire
1579 2336 1777 2405 remedium
1791 2334 2006 2405 couveniens
2023 2337 2176 2408 bonitati
2191 2334 2291 2408 Pon·

265 2467 341 2516 non
366 2448 606 2532 proponentes
631 2433 700 2502 alia
724 2455 818 2502 nova
839 2435 1003 2523 dogmata
1020 2447 1116 2504 entra
1132 2430 1255 2504 Evan-
1304 2434 1432 2507 tiliciae
1446 2448 1481 2505 et
1500 2432 1768 2525 Imperatoriae,
1793 2437 1865 2506 nisi
1882 2432 1952 2509 boc
1967 2439 2102 2530 ipsum,
2127 2453 2167 2510 ut
2186 2454 2290 2510 antea

142 2541 147 2548 ’
265 2546 408 2639 gelium.
460 2537 568 2608 Tales
581 2528 773 2605 sententias
788 2534 903 2626 prima
922 2536 1117 2627 antiquitas
1138 2536 1255 2606 nomi·
1303 2536 1954 2632 Synodnscoguoscatcontroversias.
2005 2540 2134 2613 Postea
2152 2565 2191 2612 se
2213 2564 2290 2612 non

265 2648 375 2719 nabat
395 2639 571 2713 Canones.
631 2636 757 2707 Postea
789 2636 918 2708 vetusti
947 2637 1105 2708 nominis
1127 2639 1255 2708 umbra
1304 2640 1509 2710 defuturum
1528 2662 1601 2709 esse
1617 2639 1852 2716 executioni,

257 2743 467 2822 ,confirmati
482 2754 566 2813 sunt
582 2762 731 2811 errores,
780 2735 901 2828 Quare
917 2739 1028 2810 simus
1042 2741 1257 2833 circumspc'-
1406 2736 1485 2811 Etsi
1508 2755 1626 2812 autem
1647 2745 1800 2815 fateatur
1827 2767 1865 2833 se
1885 2743 1938 2815 uti
1963 2757 1998 2815 et
2024 2741 2230 2816 Mercurini
2255 2757 2289 2815 ει

266 2851 337 2935 cti,
362 2862 398 2919 et
418 2844 598 2940 quomodo
624 2840 816 2934 antiquitas
840 2841 959 2911 locuta
982 2843 1027 2913 sit
1053 2841 1255 2913 considere-
1305 2842 1459 2914 aliorum
1482 2866 1607 2914 senum
1631 2845 1810 2931 consiliis,
1843 2860 1886 2920 ut
1907 2848 2026 2932 decet,
2052 2859 2173 2918 tamen
2195 2841 2289 2916 bane

265 2974 357 3024 mus.
408 2946 480 3020 Sed
496 2941 577 3016 cum
594 2942 705 3014 multa
721 2941 1085 3035 deSynodisrecteet
1104 2944 1258 3033 graviter
1306 2968 1380 3015 esse
1399 2968 1500 3016 suam
1524 2949 1732 3018 seutentiam
1747 2961 1782 3019 et
1799 2949 2039 3029 voluntatem,
2065 2974 2173 3042 quam
2191 2946 2289 3018 Mer-

266 3055 339 3126 dici
364 3050 520 3146 possint,
553 3070 620 3117 oro
644 3045 762 3116 virum
795 3045 1033 3115 clarissimum
1064 3045 1257 3117 Ductorem
1306 3047 1453 3119 cutinus
1470 3049 1695 3139 exposuisset,
1721 3073 1832 3145 eaque
1847 3051 1886 3120 in
1901 3051 2074 3122 sententia
2091 3073 2240 3143 prorsus
2252 3073 2289 3121 se

257 3151 471 3249 ‘Georgium
487 3142 697 3233 Maiorem,
722 3158 762 3218 nt
780 3160 925 3239 propter
940 3143 1091 3220 Scholae
1107 3172 1257 3219 cousue-
1305 3173 1514 3221 mansurum
1537 3173 1612 3220 esse
1634 3154 1748 3222 donec
1772 3153 1942 3244 spiraret,
1966 3177 2032 3224 nec
2053 3177 2091 3225 se
2109 3155 2203 3224 velle
2224 3155 2290 3225 ob·

265 3258 431 3331 tudinem
446 3257 490 3324 de
504 3247 574 3323 boe
587 3259 795 3342 argumento
811 3250 914 3342 plura
930 3250 1035 3325 dicat.
1307 3251 1366 3323 rui
1380 3276 1435 3321 res
1451 3253 1581 3335 bonas,
1601 3278 1752 3346 quarum
1767 3256 1953 3346 explicatio
1969 3268 2003 3326 ει
2017 3255 2211 3327 illustratio
2225 3280 2290 3326 m.

1307 3353 1455 3424 cessaria
1485 3354 1533 3425 sit
1557 3350 1746 3431 Ecclesiae.
1805 3355 1895 3429 Erat
1921 3359 1959 3427 in
1983 3358 2146 3428 oratione
2166 3355 2291 3430 Caroli

1307 3455 1459 3547 gravitas
1476 3480 1582 3549 supra
1596 3471 1762 3544 aetatem,
1785 3485 1892 3554 quam
1908 3461 2011 3532 multi
2026 3461 2204 3553 sapientes
2225 3463 2291 3531 ad·

438 3478 617 3567 Responsio
638 3479 685 3546 11.
698 3475 884 3564 'Georgii
903 3475 1093 3546 Maioris.
1416 3559 1424 3575 ·
1526 3560 1534 3576 ,
1705 3562 1714 3578 .
2069 3563 2078 3579 ‚
2150 3564 2158 3581 ι

1308 3558 1444 3639 mirati,
1463 3560 1507 3628 de
1524 3562 1667 3649 ingenio
1684 3584 1759 3631 erus
1773 3576 1807 3632 et
1821 3563 1939 3635 sutura
1960 3563 2209 3654 magnitudine
2222 3559 2291 3633 ho-

369 3638 432 3711 Me
457 3660 600 3733 quoquo
622 3631 682 3705 hic
708 3636 785 3706 dies
809 3640 979 3708 admouet
1013 3637 1058 3706 de
1090 3634 1257 3731 Synodis,

267 3744 351 3841 quia
370 3767 451 3813 cum
466 3755 547 3810 ante
561 3738 689 3829 viginti
713 3761 827 3807 annos
852 3735 921 3808 boc
943 3739 1001 3808 die
1018 3736 1169 3809 Carolus
1183 3736 1256 3808 lm-

264 3859 409 3943 pcrator
423 3840 611 3914 Bononiae
627 3854 818 3911 coronatus
832 3853 943 3926 esset,
968 3840 1140 3931 postridie
1158 3843 1256 3912 venit

194 3988 196 3992 >
263 3952 304 4022 in
329 3949 502 4022 Senatum
529 3942 777 4024 pontificium,
816 3942 855 4011 in
889 3966 962 4036 quo
988 3941 1062 4033 ipse
1090 3940 1255 4013 Pontifex

264 4049 432 4124 Clemens
448 4062 483 4119 ct
495 4069 622 4136 magna
637 4043 836 4138 frequentia
848 4041 998 4134 Collegii
1008 4042 1254 4114 Cardinalium

265 4155 397 4224 aderat.
460 4147 516 4221 lbi
551 4146 798 4230 Mercurinus,
835 4147 981 4218 nomine
1025 4145 1254 4238 Imperatoris

264 4256 370 4346 longa
388 4254 550 4324 oratione
568 4249 754 4345 Synodum
778 4250 967 4340 flagitavit,
993 4264 1028 4320 et
1051 4274 1171 4320 causas
1194 4273 1253 4319 ex-

145 4406 184 4424 -
263 4356 404 4451 posuit,
435 4379 500 4424 cur
522 4352 669 4448 Synodo
698 4377 789 4445 opus
814 4354 871 4424 sit.
928 4350 1062 4423 Contra
1088 4350 1253 4424 Clemens

264 4484 328 4531 sua
352 4480 440 4528 voce
463 4452 715 4548 imperatorem
742 4450 926 4539 bortatur,
948 4466 990 4524 nt
1004 4453 1252 4524 dissentientes

263 4586 284 4633 a
303 4559 468 4635 Romana
484 4560 567 4627 sede
581 4557 689 4626 armis
707 4568 922 4648 compescat,
955 4555 1038 4649 quia
1059 4555 1252 4646 disputatio

151 4719 174 4740 .
262 4665 310 4738 sit
324 4667 371 4736 de
386 4664 493 4733 rebus
511 4674 613 4731 antea
626 4656 804 4732 iudicatis.
851 4655 957 4729 Nune
971 4669 1102 4727 restare
1126 4680 1252 4727 execu-

262 4769 416 4853 tionem,
439 4780 475 4837 et
497 4765 574 4835 iore
597 4760 798 4853 exemplum
823 4760 1084 4852 perniciosum,
1110 4759 1140 4827 si
1165 4783 1252 4829 cou-

262 4874 428 4953 cedatur,
453 4881 495 4938 nt
516 4890 571 4936 res
594 4878 699 4935 antea
721 4862 897 4935 iudicatae
914 4860 1017 4932 novis
1040 4861 1251 4954 disputatio-

261 4971 370 5043 nibus
412 4967 686 5051 labefactentur,
737 4989 877 5058 semper
919 4963 1122 5035 civitatibns
1160 4965 1251 5036 bene

262 5070 411 5145 moratis
437 5062 506 5139 hoe
536 5068 688 5138 salutare
720 5067 847 5155 luisse,
879 5063 1050 5164 ἐμμένειν
1076 5065 1155 5148 τοῖς
1186 5058 1251 5140 νό-

262 5200 358 5271 μοις.

278 5296 281 5304 '
365 5287 568 5384 Respondit
591 5281 839 5370 Mercurinus,
872 5286 1002 5358 multas
1027 5305 1151 5357 causas
1172 5311 1251 5356 mo-

263 5412 317 5470 tas
336 5419 433 5481 esse,
460 5415 552 5487 quae
572 5390 611 5458 in
634 5387 861 5477 superiorum
878 5387 1120 5463 seculorumS
1146 5390 1252 5459 nodis

143 5488 144 5492 ¹
261 5521 339 5571 non
352 5494 601 5588 sintsgitatae.
644 5483 702 5561 Et
716 5485 891 5582 paulatim
904 5511 1019 5563 noros
1041 5415 1188 5562 morbos
1210 5491 1249 5561 in

1307 3661 1454 3730 noribce
1469 3661 1580 3732 locuti
1597 3678 1690 3734 sunt.
1743 3662 1821 3757 lpse
1833 3663 1998 3736 Clemens
2017 3679 2096 3757 post
2112 3690 2190 3735 eam
2209 3677 2290 3737 ora-

1307 3763 1441 3833 tionem
1472 3764 1536 3834 diu
1563 3777 1733 3859 tanquam
1761 3768 1931 3837 attonitus
1956 3769 2063 3844 stetit.
2123 3767 2290 3839 Tandem

1306 3865 1452 3935 laudare
1477 3862 1706 3955 Imperatoris
1730 3868 1893 3960 pietatem
1923 3871 2035 3962 cepit,
2067 3884 2102 3942 et
2126 3865 2291 3942 hortatus

1307 3979 1378 4051 est,
1404 3979 1443 4035 ut
1458 3965 1560 4037 Sedis
1574 3967 1759 4041 Romanae
1774 3971 1980 4060 dignitatem
2003 3985 2161 4054 tueatur,
2188 3975 2289 4044 aede
2360 4055 2361 4059 Ἰ

1306 4068 1454 4163 Synodo
1476 4069 1586 4155 dixit,
1611 4095 1647 4141 se
1669 4072 1807 4163 collegii
1823 4074 2008 4145 sententiis
2021 4077 2286 4168 obtemperatu-

1307 4194 1386 4241 rum
1403 4191 1487 4240 esse.
1522 4169 1592 4243 Hic
1607 4173 1688 4242 linis
1702 4175 1769 4245 fuit
1787 4176 1863 4245 eius
1875 4178 2116 4249 contentionis
2130 4202 2169 4246 eo
2186 4178 2260 4249 die.

1406 4269 1510 4343 Hanc
1535 4269 1718 4345 historiam
1742 4277 1886 4349 recitavi
1906 4295 2085 4352 narratam
2114 4279 2219 4351 nobis
2243 4281 2290 4350 ab

1305 4373 1367 4453 iis,
1398 4374 1461 4468 qui
1491 4375 1750 4465 interfuerunt,
1782 4405 1888 4474 quam
1923 4383 2068 4476 quidem
2100 4383 2192 4453 scire
2225 4405 2290 4453 vos

1305 4499 1447 4568 quoque
1471 4479 1587 4559 volui,
1613 4481 1694 4573 quia
1723 4481 1811 4552 utile
1831 4499 1883 4555 est
1908 4485 2016 4570 seire,
2039 4508 2131 4578 qnae
2152 4485 2291 4558 inerint

1303 4600 1526 4649 summorum
1548 4579 1758 4674 Principum
1781 4585 1819 4653 in
1844 4609 1881 4654 re
1901 4600 2017 4671 tanta,
2043 4600 2077 4658 et
2100 4587 2234 4658 iudicia
2256 4601 2291 4660 et

1304 4678 1514 4752 voluntates.
1563 4680 1667 4754 Esset
1681 4686 1830 4756 omnino
1853 4688 1911 4779 pia
1928 4688 2095 4785 Synodus
2110 4685 2291 4761 Ecclesiae

1304 4781 1512 4853 necessaria.
1569 4777 1640 4854 Sed
1663 4788 1778 4877 optari
1798 4805 1935 4882 potest,
1964 4792 2101 4883 sperari
2118 4792 2158 4861 in
2180 4794 2290 4866 tantis

1304 4878 1492 4953 hominum
1508 4887 1691 4957 furoribus
1707 4914 1781 4961 nou
1798 4906 1920 4982 potest.
1972 4893 2046 4964 Nos
2064 4908 2184 4965 autem
2208 4919 2291 4966 oro

1303 5008 1384 5055 runs
1406 4986 1520 5058 filium
1535 4984 1603 5070 Dei
1625 5002 1665 5060 ut
1688 4990 1764 5084 ipse
1786 4995 1855 5063 sibi
1873 4995 1966 5065 iuter
1981 5020 2048 5066 nos
2064 5020 2205 5089 semper
2218 4991 2290 5070 Ee-

1303 5088 1446 5172 clesiarn
1471 5105 1650 5162 aeternam
1681 5095 1842 5186 colligat,
1874 5111 1910 5168 et
1939 5099 2064 5185 iaciat,
2097 5112 2140 5169 ut
2173 5124 2289 5171 unum

1303 5189 1428 5261 sintin
1444 5192 1520 5285 ipso
1535 5193 1854 5268 multaeEcclesiae
1867 5224 1949 5270 vcra
1964 5201 2193 5273 invocatione
2202 5227 2290 5274 con·

1303 5293 1465 5368 sociatae.
1504 5292 1558 5365 De
1574 5308 1634 5367 tna
1648 5300 1853 5392 quaestione
1866 5326 1951 5373 vero
1968 5304 2125 5375 breviter
2139 5328 2292 5399 respon-

1303 5394 1414 5481 debo,
1439 5398 1609 5469 usitatum
1637 5415 1690 5473 est
1712 5416 1828 5474 vetera
1844 5404 1937 5476 dicta
1960 5407 2053 5477 male
2075 5403 2294 5504 detorquere

1302 5498 1348 5566 ad
1369 5497 1659 5592 superstitionem
1683 5518 1720 5576 et
1740 5507 1786 5577 ad
1809 5508 2048 5603 tyrannidem.
2100 5504 2162 5582 Ad
2188 5512 2292 5584 illam
