4748 6022
78 242 157 322 585
452 256 459 262 ·
854 229 1324 311 PRAEMONENDA.
2046 233 2122 310 685

207 408 379 475 Paucorus
402 407 490 473 bunc
510 393 653 474 Tereum
671 406 869 489 nuncupavit
891 403 999 470 Ulrico
1020 402 1228 488 Mordeisen,
1261 401 1453 467 Conciliarie
1467 404 1577 468 -llucis
1600 403 1680 467 Sara
1702 403 1809 470 uraca
1829 416 1864 468 et
1881 405 2023 494 ¹epistola
2045 408 2122 473 data

80 507 134 564 est
155 495 186 562 d
209 496 238 560 1.
261 496 376 578 Septb.
401 495 504 579 1558,
533 496 565 558 iu
588 512 652 577 qua
672 494 846 575 praecipue
866 492 931 555 boc
952 491 1089 570 monuit,
1121 490 1183 554 bas
1205 491 1369 553 orationes
1389 490 1421 552 in
1443 488 1623 554 Academia
1642 489 1752 556 Viteb.
1774 490 1906 564 babitus,
1920 491 2007 556 clare
2023 495 2120 558 refu·
2226 561 2235 575 ἱ

80 598 151 651 tare
178 581 373 646 calumniam
403 582 603 644 inimicorum
625 577 864 657 Melanthenis,
893 571 1071 639 doctrinam
1090 575 1289 639 Academiae
1318 594 1382 637 nen
1412 594 1625 658 essepuram
1648 569 1893 641 sedatioribus
1916 581 2121 642 contamina·

79 683 156 736 tam.
202 664 378 730 Caeterum
400 665 455 730 bic
479 667 603 729 'lomus
626 664 726 727 babet
745 663 860 726 xhlll
884 663 1066 742 orationes,
1095 660 1163 723 Xll
1185 660 1406 743 praefationes
1428 659 1530 742 (quas
1553 661 1700 724 dedimus
1721 661 1752 723 in
1776 663 1963 746 epistolis),
1992 664 2024 727 11
2044 665 2120 748 epi·

81 755 206 833 stolas,
234 751 302 814 XX
325 752 536 834 quaestiones
559 735 782 832 academica's,
811 757 845 812 et
866 747 1088 810 Melantbonis
1110 746 1282 828 scriptum:
1315 744 1501 829 Responsio
1525 746 1819 811 decontroversiis
1843 747 2006 814 Stankari.

251 867 282 932 5.
330 864 447 929 Tomara
468 863 607 950 parietur.
658 863 750 945 Quas
767 863 965 938 ⁴bielantbon
995 863 1036 927 ab
1063 882 1148 927 anne
1182 861 1279 926 1557.
1306 879 1412 946 usque
1442 854 1484 925 ad
1513 872 1648 927 mortem
1676 863 1809 947 scripsit
1836 865 2019 949 orationes,
2057 882 2118 932 eas

162 973 246 1020 anno
269 952 364 1016 1565.
388 952 521 1034 collegit
550 961 584 1015 et
612 949 712 1014 edidit
734 945 890 1014 Mtctntt
909 944 1045 1032 Meiere,
1074 948 1381 1040 Norimbergensis,
1409 946 1608 1011 Academiae
1629 947 1738 1017 Viteb.
1761 950 1923 1033 minister,
1946 951 2000 1035 qui
2020 951 2120 1017 libel·

161 1041 230 1105 lum
250 1037 414 1102 dedicavit
436 1037 571 1102 Senatui
592 1035 872 1122 Norimbergensi.
916 1034 1086 1116 Duplicem
1110 1043 1218 1097 autem
1240 1034 1295 1097 bic
1317 1033 1397 1096 liber
1420 1034 1518 1097 babet
1540 1033 1684 1119 titulum,
1711 1034 1881 1100 videlicet:

293 1141 332 1222 a)
355 1136 559 1224 „Orationes
578 1143 762 1223 postremae
790 1138 932 1220 scriptae
962 1156 984 1236 ι
1006 1126 1201 1236 Reverendo
1223 1136 1293 1198 viro
1310 1135 1466 1236 ,Philippo
1488 1136 1718 1237 Melantlr'ene,
1746 1138 1913 1237 proximis·
1930 1137 2023 1201 annis
2045 1150 2121 1205 ante

210 1224 371 1310 „obitum
421 1226 486 1288 llis
508 1223 678 1287 adiunctae
701 1233 777 1288 sunt
798 1224 883 1287 aliae
905 1230 1070 1285 orationes
1091 1222 1134 1284 ab
1158 1222 1244 1285 rllrus
1267 1222 1353 1285 obitu
1376 1230 1532 1285 recitatae
1553 1221 1682 1304 publrce
1703 1242 1736 1285 ιιι
1758 1222 1937 1287 Academia
1959 1223 2119 1289 Viteber-

210 1311 346 1409 „gensi
391 1307 476 1408 (Jum
497 1311 603 1392 gratia
624 1319 658 1372 et
679 1309 850 1408 priuilegio
868 1306 915 1406 ¹ad
937 1323 1041 1370 annos
1064 1302 1257 1389 quindecim.
1305 1307 1525 1407 witebergae
1547 1326 1630 1371 anuo
1652 1306 1882 1408 M.D.erV.”
1915 1306 2003 1371 1058
2023 1327 2121 1410 pagg.

206 1393 1240 1630 iffi-idspitii,viliiit‘ii'iaiiiib‘i,biiisss’ii
1255 1394 1404 1543 lllld
1421 1393 2122 1564 tltltltlltttttldlltllt

207 1576 246 1632 ιιι
282 1585 337 1630 um
355 1584 410 1629 mu
447 1584 479 1627 vr
515 1582 582 1628 erc:

294 1667 336 1750 b)
357 1665 572 1749 „oretanum
594 1684 677 1752 quas
690 1665 907 1732 Reverendus
930 1666 980 1730 vir
998 1664 1090 1764 Phil..
1099 1663 1178 1726 Mel.
1199 1664 1354 1764 proximis
1374 1664 1468 1764 annis
1488 1675 1565 1730 ante
1586 1666 1708 1731 obitum
1730 1664 1873 1749 scripsit:
1894 1667 2123 1816 thusepest

210 1753 360 1836 „obitum
381 1755 486 1836 ipsius
505 1756 537 1818 in
555 1755 735 1819 Academia
755 1752 1006 1833 Witebergenai
1028 1758 1168 1829 serrptae
1191 1760 1226 1813 et
1248 1751 1375 1832 publice
1396 1762 1553 1816 recrtatae
1583 1762 1677 1835 sunt,
1701 1749 1820 1816 Tomoe
1842 1747 1989 1828 Quintus.
2066 1766 2120 1815 um

208 1840 340 1923 „gratia
369 1848 404 1903 et
432 1841 612 1939 privilegio.
658 1839 876 1937 Wrtebergee
904 1838 1002 1899 Anno
1025 1836 1072 1899 Μ.
1081 1833 1122 1896 D.
1131 1833 1292 1898 LXXll.''
1335 1835 1391 1950 (”ln
1414 1836 1513 1918 linet)
1546 1837 1788 1921 „Witebergae
1811 1837 2015 1903 excutiebant
2037 1836 2123 1902 cte-

206 1924 572 2092 tltttttllllnf
592 1919 1343 2093 ,tl‘lfflllttltffltttlf‘titillat&
1362 1921 1923 2090 ,lintri,tilttl‘llr
1940 1921 2125 2089 illl.)-

83 2115 200 2207 lusupt
221 2111 298 2177 huic
319 2113 423 2174 Temo
447 2111 480 2172 X
503 2112 714 2192 quaestiones
736 2108 958 2187 academicae,
985 2107 1019 2172 X
1040 2109 1260 2174 oratiunculae
1281 2111 1448 2175 breviores
1470 2111 1542 2173 aliis
1563 2111 1800 2195 praescriptae,
1822 2120 1856 2173 et
1877 2111 1976 2174 XVll
1998 2113 2123 2175 oratio·

84 2217 146 2262 nes
165 2199 305 2264 maiores
328 2197 402 2257 sivo
424 2195 711 2272 Declamationes3
742 2192 917 2258 Caeterum
939 2195 1099 2257 orationes
1122 2204 1197 2275 post
1219 2197 1339 2258 obitum
1361 2195 1584 2259 Melantbonis
1606 2213 1711 2277 usque
1733 2195 1775 2259 ad
1797 2214 1848 2260 an.
1865 2195 1959 2260 1565.
1981 2197 2013 2260 in
2026 2197 2122 2261 Aca·

85 2283 191 2347 demis
217 2281 387 2364 Vrteberg.
416 2281 580 2344 recitatae.
624 2283 660 2344 ln
689 2278 756 2343 line
786 2278 905 2342 addidit
933 2279 1041 2342 Maius
1063 2278 1285 2344 Melantbonis
1313 2279 1567 2343 adhortationem
1597 2280 1639 2344 ad
1668 2281 1838 2346 lectionem
1861 2281 2123 2364 Tragoediamm,

84 2378 119 2432 et
140 2365 287 2430 eiusdem
305 2363 540 2447 praelationem
562 2365 594 2428 in
617 2365 762 2429 libellum
786 2363 827 2426 de
846 2373 918 2428 arte
939 2364 1085 2447 poetica,
1115 2381 1199 2446 quae
1220 2364 1285 2429 vid.
1305 2365 1338 2427 in
1361 2364 1520 2448 Epistolis
1542 2364 1621 2430 blel.

251 2479 282 2545 a.
329 2476 449 2545 Tamus
469 2483 594 2546 ιιιιιιι.
640 2474 734 2561 Quae
763 2493 841 2564 post
867 2499 987 2545 annum
1008 2478 1106 2544 1585.
1135 2499 1242 2564 usque
1269 2479 1311 2545 ad
1335 2481 1387 2546 an.
1411 2479 1505 2546 1571.
1533 2481 1563 2545 in
1586 2481 1702 2547 subola
1722 2482 1974 2568 Witebergensi
1995 2482 2123 2566 publice

168 2565 323 2631 recitatae
345 2576 422 2630 sunt
442 2565 527 2630 idem
550 2566 695 2632 Miobael
716 2566 827 2631 Maius
851 2560 969 2629 edidit:
1649 2572 1652 2578 ’

211 2666 446 2752 „0rationum,
482 2686 565 2750 quae
587 2688 706 2752 magna
729 2686 836 2731 rerum
865 2677 899 2730 et
928 2675 1191 2750 argumentorum
1213 2669 1372 2734 varietate
1394 2620 1536 2753 scriptae
1558 2682 1593 2734 et
1612 2672 1766 2736 recitatae
1788 2681 1864 2735 sunt
1886 2672 1918 2735 in
1939 2669 2121 2739 Academia

212 2751 369 2843 Νἰιιι).
384 2751 424 2814 ab
446 2771 531 2814 anno
553 2752 762 2817 mmnxv.
775 2770 883 2836 usque
897 2752 939 2816 ad
954 2770 1073 2817 annum
1088 2752 1325 2837 balalrxxl,
1358 2751 1475 2819 Tomos
1495 2759 1624 2822 aemes.
1657 2755 1743 2822 cm
1764 2757 1868 2842 gratia
1890 2768 1924 2822 et
1944 2757 2122 2844 privilegio.

161 2850 169 2856 '
214 2836 430 2921 „witeberg
456 2832 569 2901 15⁷1?
601 2837 744 2922 anlpb.
774 2838 847 2924 ⁹¹lr
869 2837 911 2920 pl
955 2836 1689 2931 (RecususFraneef.adbioen.a.1583.)

169 2952 311 3122 ma!
329 2950 448 3017 Tomara
467 2951 624 3037 septimus
644 2975 666 3018 a
686 2953 826 3019 Mutine
848 2953 963 3039 Hylio,
985 2953 1131 3019 Rectene
1152 2955 1297 3025 Sebelae
1321 2956 1514 3042 Gerlitiana,
1543 2959 1702 3039 collectus
1724 2969 1759 3025 et
1780 2957 1887 3045 editus
1915 2958 1964 3025 sic
1992 2970 2047 3026 est
2067 2961 2122 3024 in·

207 3060 233 3104 rr
321 3061 328 3100 :

209 3143 426 3229 „Orationem
450 3144 594 3209 Scbolae
615 3143 966 3222 Melancbtbenianse,
992 3161 1079 3227 quae
1104 3144 1146 3209 ab
1168 3162 1254 3207 anne
1273 3143 1501 3207 lindam.
1523 3161 1632 3228 usque
1653 3142 1696 3209 ad
1716 3163 1836 3209 annum
1858 3145 1904 3211 bl.
1913 3145 1953 3210 D.
1961 3145 2120 3213 LXXIV.

208 3231 267 3313 „in
291 3228 470 3293 Academia
483 3230 610 3294 Witeb.
633 3231 773 3311 scriptae
795 3238 830 3293 et
854 3230 1011 3294 recitatae
1033 3238 1127 3314 sent,
1152 3224 1448 3312 Temesaeptimua.
1492 3229 1687 3300 Servestae.
1729 3231 1922 3299 Excudebat
1938 3234 2119 3301 Benaveu·

210 3324 310 3398 „tura
329 3315 447 3391 Faber.
488 3317 585 3379 Anao
607 3316 654 3379 br.
663 3316 704 3380 D.
714 3311 928 3379 cxxxv?
971 3316 1037 3380 718
1058 3332 1155 3399 pugg.
1183 3314 1215 3378 8

84 3417 149 3482 Hic
169 3418 313 3498 lomus,
347 3419 401 3500 qui
430 3418 527 3482 etium
555 3428 609 3483 est
636 3418 670 3482 in
698 3416 787 3481 libris
814 3416 1006 3502 rarioribus,
1034 3417 1097 3482 luit
1117 3416 1266 3501 ultimus,
1294 3435 1400 3498 neque
1422 3426 1541 3500 postea
1563 3375 1683 3499 aliquid
1705 3417 1883 3482 orationum
1905 3429 1981 3502 post
1998 3378 2121 3486 annum

89 3501 183 3567 1574.
205 3504 385 3568 habitarum
406 3505 438 3567 in
459 3502 564 3568 Acad.
587 3503 716 3570 Witeb.
738 3500 864 3585 prodiit.

131 3653 191 3717 IV.
235 3650 346 3717 Editio
374 3651 583 3717 Seroesteno.
640 3649 731 3713 ldem
760 3649 923 3731 librarius,
958 3649 1188 3713 Beneventnra
1216 3649 1341 3731 llaber,
1377 3648 1431 3731 qui
1460 3647 1598 3712 'remum
1619 3649 1694 3714 Vll.
1724 3650 2004 3716 Declamationum
2032 3655 2121 3738 typis
2254 3730 2258 3738 Ι

173 3738 413 3819 exscripserat,
441 3736 547 3800 denuo
570 3734 670 3798 edidit
691 3736 813 3798 Tomos
835 3736 859 3798 1.
883 3735 922 3798 ll.
941 3734 1004 3799 ‘lll.·
1025 3734 1083 3800 lV.
1107 3734 1254 3799 editionis
1275 3733 1427 3817 principis
1447 3734 1738 3818 Argentoratensis
1762 3754 1803 3799 ne
1830 3737 1964 3800 verbulo
1994 3738 2123 3821 quidem

173 3831 313 3902 mutato,
342 3832 459 3902 estque
480 3822 551 3884 eius
573 3820 653 3883 liber
676 3819 762 3901 quod
783 3838 845 3883 nos
870 3818 1005 3882 dicimus
1029 3817 1089 3887 siu
1110 3818 1242 3902 bloiet
1264 3817 1477 3898 blebbtud.
1521 3815 1646 3886 Prodiit
1659 3821 1742 3885 baec
1759 3820 1856 3885 editio
1871 3824 1919 3884 sic
1931 3824 2100 3906 inscripta:

261 3919 409 4005 „Tomos
434 3921 565 4002 primata
593 3923 790 3987 selectarum
812 3921 1090 3987 Declamationum
1112 3923 1174 3987 Ph.
1196 3923 1294 4006 Mel,
1323 3940 1405 4004 quas
1427 3924 1620 4006 conscripsit
1641 3933 1676 3985 et
1704 3925 1817 4007 partim
1844 3925 1917 4007 ipse
1945 3926 1977 3988 in
2007 3927 2123 3992 schola

217 4009 329 4092 „Wit
352 4010 511 4087 recitavit,
530 4010 646 4089 partim
667 4009 741 4071 aliis
762 4008 948 4074 recitandas
970 4008 1124 4075 exhibuit.
1168 4008 1356 4073 Servestee.
1401 4008 1595 4072 Excudebat
1615 4009 1846 4074 Bonaventura
1866 4010 1983 4074 Faber.
2026 4014 2123 4077 Anno

212 4092 572 4178 „ualtnxxxvrt”
612 4093 678 4157 688
702 4111 799 4178 pagg.
820 4095 853 4158 8.
1544 4114 1545 4118 ’

258 4191 409 4280 „Tamus
429 4192 588 4294 recaredus
609 4195 749 4280 Philippi
771 4196 992 4261 Melanthenis
1015 4215 1088 4260 cum
1110 4193 1345 4278 praelationum
1370 4197 1402 4258 in
1425 4197 1582 4279 quosdam
1604 4199 1749 4262 illustras
1771 4208 1918 4264 auteres:
1951 4211 2019 4264 tum
2042 4221 2122 4267 ora·

215 4283 365 4366 „tionum
394 4281 434 4345 de
463 4283 589 4345 clariss.
618 4282 760 4346 virorum
787 4284 873 4347 vitis.
924 4284 1117 4349 Servestae.
1159 4281 1352 4345 Excedebat
1380 4283 1505 4346 Bonav.
1527 4283 1645 4349 llaber.
1683 4283 2014 4351 M.D.LXXXV11.”
2057 4288 2124 4354 789

215 4367 404 4551 wimer
425 4465 543 4532 terties
570 4468 766 4531 selectarum
791 4468 1072 4534 Declamationum
1093 4471 1155 4537 Pb.
1173 4471 1281 4552 Mel,
1307 4488 1391 4552 quas
1419 4472 1627 4554 conscripsit,
1657 4484 1690 4537 et
1719 4474 1835 4553 partim
1857 4476 1982 4558 ipsein
2005 4478 2121 4546 schola

216 4554 365 4702 „lt'iteb8
377 4553 541 4638 recitavit,
577 4555 693 4636 partim
715 4554 787 4619 aliis
806 4556 990 4620 recitandas
1012 4556 1166 4622 exhibuit.
1215 4554 1296 4620 lbid.
1318 4556 1405 4639 apud
1428 4557 1523 4673 eund.
1567 4557 1665 4623 Anno
1687 4559 2016 4625 tr.n.hxxxvrr.''
2057 4564 2122 4629 818

217 4656 401 4835 paffomm
422 4742 558 4821 quemue
586 4740 783 4804 selectarum
805 4742 1084 4806 Declamationum
1105 4741 1171 4840 Pb.¹
1189 4739 1288 4822 Met,
1323 4760 1405 4824 quas
1428 4746 1637 4828 conseripsit,
1667 4754 1704 4807 ιι
1722 4744 1836 4826 partim
1857 4779 1900 4791 -
1925 4779 1966 4794 -
1989 4781 2030 4794 -
2053 4767 2118 4826 ιι,-
2233 4757 2237 4763 ’

219 4822 359 4904 „hibuit
391 4822 576 4888 Serveetae.
619 4825 813 4891 llxcudebat
835 4828 1016 4891 Bonavent
1038 4827 1154 4890 Faber.
1197 4825 1515 4893 M.D.LXXXV1.''
1558 4831 1622 4893 844
1635 4845 1732 4911 pagg.
1760 4830 1791 4893 8.

135 4969 177 5034 V.
222 4967 332 5033 Editio
352 4964 587 5039 Richardionc.
606 5053 613 5067 ο
631 4965 737 5047 Quum
760 4991 818 5052 ea,
846 4990 930 5053 quae
954 4972 1065 5035 Tomis
1089 4982 1228 5069 quatuor
1248 4974 1406 5056 prioribus
1429 4974 1577 5040 editionis
1603 4976 1755 5058 principis
1782 4979 1984 5045 eontinentur
2012 5005 2119 5069 neque

171 5053 350 5119 secundum
372 5071 526 5117 annorum
550 5069 686 5138 serrem,
715 5075 822 5139 neque
845 5055 1024 5119 secundum
1053 5068 1256 5119 materiarum
1289 5062 1517 5141 cognationem
1548 5059 1726 5142 dispositae
1755 5076 1887 5151 essem,
1912 5063 2119 5152 Richardius,

174 5140 351 5223 discipulus
372 5137 473 5220 Cusp-
495 5137 660 5236 Pauperi,
683 5138 789 5203 denuo
812 5142 973 5203 orationes
994 5141 1215 5205 Melantbonis
1238 5141 1354 5227 edidit,
1384 5157 1418 5209 et
1447 5164 1506 5208 eas
1537 5144 1716 5209 seeundum
1743 5152 1924 5235 “gementi
1944 5155 2117 5237 cognatio·
2251 5187 2253 5191 ·

175 5246 249 5290 nem
271 5223 446 5290 coniunxit.
487 5220 611 5286 Prodnt
633 5239 703 5285 erus
725 5224 806 5286 liber
830 5226 880 5289 sie
905 5227 1098 5307 inscriptus:
2318 5244 2325 5252 ,

217 5327 523 5411 „Declamationum
545 5324 687 5409 Philippi
709 5324 951 5426 ldelantlponis,
978 5345 1063 5426 puae
1084 5327 1234 5411 abipso,
1264 5327 1408 5412 stallis,
1444 5329 1474 5394 in
1495 5332 1674 5398 Academia
1695 5334 1941 5420 Wrtebergensi
1963 5339 2117 5408 recitatae
2192 5388 2198 5425 ,

214 5431 283 5497 „ac
305 5412 411 5478 editae
439 5421 534 5489 sunt,
565 5430 651 5477 nuuc
678 5430 815 5495 prrmem
843 5431 875 5476 ιιι
903 5421 1038 5498 gratiam
1067 5423 1102 5479 at
1130 5431 1333 5480 communem
1365 5413 1584 5484 studiosorum
1622 5421 1813 5500 utilitatem,
1848 5424 1969 5505 optime
1997 5426 2116 5515 ordine,
