<?xml version="1.0" encoding="UTF-8"?>
<!DOCTYPE html PUBLIC "-//W3C//DTD XHTML 1.0 Transitional//EN"
    "http://www.w3.org/TR/xhtml1/DTD/xhtml1-transitional.dtd">
<html xmlns="http://www.w3.org/1999/xhtml" xml:lang="en" lang="en">
 <head>
  <title>
</title>
<meta http-equiv="Content-Type" content="text/html;charset=utf-8" />
  <meta name='ocr-system' content='tesseract 3.04.00' />
  <meta name='ocr-capabilities' content='ocr_page ocr_carea ocr_par ocr_line ocrx_word'/>
</head>
<body>
  <div class='ocr_page' id='page_1' title='image "./philippimelanth18melagoog/philippimelanth18melagoog_0436.png"; bbox 0 0 4748 6022; ppageno 0'>
   <div class='ocr_carea' id='block_1_1' title="bbox 169 213 2229 346">
    <p class='ocr_par' dir='ltr' id='par_1_1' title="bbox 169 213 2229 346">
     <span class='ocr_line' id='line_1_1' title="bbox 169 213 2229 346; baseline -0.001 -18"><span class='ocrx_word' id='word_1_1' title='bbox 169 257 245 329; x_wconf 76' lang='lat' dir='ltr'>aar</span> <span class='ocrx_word' id='word_1_2' title='bbox 763 228 1188 346; x_wconf 81' lang='lat' dir='ltr'>Quaasrtoaas</span> <span class='ocrx_word' id='word_1_3' title='bbox 1222 224 1638 324; x_wconf 75' lang='lat' dir='ltr'>actuaaitoatt·</span> <span class='ocrx_word' id='word_1_4' title='bbox 2134 213 2229 339; x_wconf 69' lang='lat' dir='ltr'>asa*</span> 
     </span>
    </p>
   </div>
   <div class='ocr_carea' id='block_1_2' title="bbox 169 412 2287 1330">
    <p class='ocr_par' dir='ltr' id='par_1_2' title="bbox 169 412 2287 1330">
     <span class='ocr_line' id='line_1_2' title="bbox 272 412 2212 519; baseline -0.001 -22"><span class='ocrx_word' id='word_1_5' title='bbox 272 421 365 499; x_wconf 90' lang='lat' dir='ltr'>Cum</span> <span class='ocrx_word' id='word_1_6' title='bbox 381 422 490 515; x_wconf 87' lang='lat' dir='ltr'>igitur</span> <span class='ocrx_word' id='word_1_7' title='bbox 505 414 593 494; x_wconf 81' lang='lat' dir='ltr'>baec</span> <span class='ocrx_word' id='word_1_8' title='bbox 605 422 765 519; x_wconf 83' lang='lat' dir='ltr'>quaestio</span> <span class='ocrx_word' id='word_1_9' title='bbox 780 424 980 494; x_wconf 89' lang='lat' dir='ltr'>doctrinam</span> <span class='ocrx_word' id='word_1_10' title='bbox 996 424 1089 495; x_wconf 91' lang='lat' dir='ltr'>vitae</span> <span class='ocrx_word' id='word_1_11' title='bbox 1103 446 1168 495; x_wconf 82' lang='lat' dir='ltr'>ne·</span> <span class='ocrx_word' id='word_1_12' title='bbox 1219 421 1306 512; x_wconf 84' lang='lat' dir='ltr'>legis</span> <span class='ocrx_word' id='word_1_13' title='bbox 1330 412 1493 497; x_wconf 81' lang='lat' dir='ltr'>naturale</span> <span class='ocrx_word' id='word_1_14' title='bbox 1516 422 1598 505; x_wconf 60' lang='lat' dir='ltr'>est,⁴</span> <span class='ocrx_word' id='word_1_15' title='bbox 1626 423 1721 518; x_wconf 88' lang='lat' dir='ltr'>quod</span> <span class='ocrx_word' id='word_1_16' title='bbox 1748 422 1886 509; x_wconf 60' lang='lat' dir='ltr'>emutat</span> <span class='ocrx_word' id='word_1_17' title='bbox 1908 412 1975 515; x_wconf 72' lang='lat' dir='ltr'>aas</span> <span class='ocrx_word' id='word_1_18' title='bbox 2000 424 2081 503; x_wconf 69' lang='lat' dir='ltr'>cum</span> <span class='ocrx_word' id='word_1_19' title='bbox 2106 425 2212 511; x_wconf 83' lang='lat' dir='ltr'>lateri</span> 
     </span>
     <span class='ocr_line' id='line_1_3' title="bbox 169 520 2287 620; baseline -0.001 -20"><span class='ocrx_word' id='word_1_20' title='bbox 169 529 381 608; x_wconf 83' lang='lat' dir='ltr'>cessariam,</span> <span class='ocrx_word' id='word_1_21' title='bbox 414 539 449 596; x_wconf 90' lang='lat' dir='ltr'>et</span> <span class='ocrx_word' id='word_1_22' title='bbox 480 526 623 618; x_wconf 78' lang='lat' dir='ltr'><strong>plenam</strong></span> <span class='ocrx_word' id='word_1_23' title='bbox 657 524 869 597; x_wconf 86' lang='lat' dir='ltr'>eruditionis</span> <span class='ocrx_word' id='word_1_24' title='bbox 902 526 1101 613; x_wconf 78' lang='lat' dir='ltr'>contineat,</span> <span class='ocrx_word' id='word_1_25' title='bbox 1132 520 1169 595; x_wconf 77' lang='lat' dir='ltr'>el</span> <span class='ocrx_word' id='word_1_26' title='bbox 1218 547 1404 614; x_wconf 79' lang='lat' dir='ltr'>cogamur,</span> <span class='ocrx_word' id='word_1_27' title='bbox 1435 548 1574 616; x_wconf 87' lang='lat' dir='ltr'>semper</span> <span class='ocrx_word' id='word_1_28' title='bbox 1596 525 1732 620; x_wconf 88' lang='lat' dir='ltr'>aliquid</span> <span class='ocrx_word' id='word_1_29' title='bbox 1759 524 1918 597; x_wconf 88' lang='lat' dir='ltr'>sordium</span> <span class='ocrx_word' id='word_1_30' title='bbox 1941 542 1977 599; x_wconf 91' lang='lat' dir='ltr'>et</span> <span class='ocrx_word' id='word_1_31' title='bbox 2001 527 2211 600; x_wconf 92' lang='lat' dir='ltr'>vitiosorum</span> <span class='ocrx_word' id='word_1_32' title='bbox 2282 598 2287 610; x_wconf 76' lang='grc'><em>,</em></span> 
     </span>
     <span class='ocr_line' id='line_1_4' title="bbox 172 621 2212 721; baseline 0 -20"><span class='ocrx_word' id='word_1_33' title='bbox 172 629 378 701; x_wconf 86' lang='lat' dir='ltr'>dulcissima</span> <span class='ocrx_word' id='word_1_34' title='bbox 409 627 581 717; x_wconf 85' lang='lat' dir='ltr'>sapientia</span> <span class='ocrx_word' id='word_1_35' title='bbox 610 627 689 710; x_wconf 69' lang='lat' dir='ltr'>sit,</span> <span class='ocrx_word' id='word_1_36' title='bbox 707 627 847 697; x_wconf 88' lang='lat' dir='ltr'>erudita</span> <span class='ocrx_word' id='word_1_37' title='bbox 869 627 1056 721; x_wconf 69' lang='lat' dir='ltr'>explicatio</span> <span class='ocrx_word' id='word_1_38' title='bbox 1080 627 1171 718; x_wconf 88' lang='lat' dir='ltr'>legis·</span> <span class='ocrx_word' id='word_1_39' title='bbox 1218 625 1410 695; x_wconf 79' lang='lat' dir='ltr'>affectuum</span> <span class='ocrx_word' id='word_1_40' title='bbox 1433 626 1473 695; x_wconf 89' lang='lat' dir='ltr'>in</span> <span class='ocrx_word' id='word_1_41' title='bbox 1489 625 1618 696; x_wconf 88' lang='lat' dir='ltr'>animis</span> <span class='ocrx_word' id='word_1_42' title='bbox 1633 621 1789 700; x_wconf 83' lang='lat' dir='ltr'>haerere.</span> <span class='ocrx_word' id='word_1_43' title='bbox 1837 625 2022 702; x_wconf 87' lang='lat' dir='ltr'>Praeterea</span> <span class='ocrx_word' id='word_1_44' title='bbox 2040 652 2121 701; x_wconf 88' lang='lat' dir='ltr'>cum</span> <span class='ocrx_word' id='word_1_45' title='bbox 2138 630 2212 702; x_wconf 83' lang='lat' dir='ltr'>siut</span> 
     </span>
     <span class='ocr_line' id='line_1_5' title="bbox 173 722 2213 826; baseline -0.001 -24"><span class='ocrx_word' id='word_1_46' title='bbox 173 732 335 802; x_wconf 84' lang='lat' dir='ltr'>divinae:</span> <span class='ocrx_word' id='word_1_47' title='bbox 361 726 451 800; x_wconf 80' lang='lat' dir='ltr'>Peto</span> <span class='ocrx_word' id='word_1_48' title='bbox 463 744 490 797; x_wconf 80' lang='lat' dir='ltr'>a·</span> <span class='ocrx_word' id='word_1_49' title='bbox 499 741 535 800; x_wconf 88' lang='lat' dir='ltr'>te</span> <span class='ocrx_word' id='word_1_50' title='bbox 547 728 742 798; x_wconf 86' lang='lat' dir='ltr'>clarissime</span> <span class='ocrx_word' id='word_1_51' title='bbox 755 722 802 799; x_wconf 81' lang='lat' dir='ltr'>D.</span> <span class='ocrx_word' id='word_1_52' title='bbox 817 726 970 817; x_wconf 86' lang='lat' dir='ltr'>Doctor,</span> <span class='ocrx_word' id='word_1_53' title='bbox 994 744 1036 800; x_wconf 92' lang='lat' dir='ltr'>ut</span> <span class='ocrx_word' id='word_1_54' title='bbox 1049 729 1166 801; x_wconf 90' lang='lat' dir='ltr'>coetui</span> <span class='ocrx_word' id='word_1_55' title='bbox 1219 727 1332 798; x_wconf 89' lang='lat' dir='ltr'>multa</span> <span class='ocrx_word' id='word_1_56' title='bbox 1346 726 1473 803; x_wconf 89' lang='lat' dir='ltr'>delicta</span> <span class='ocrx_word' id='word_1_57' title='bbox 1488 750 1579 822; x_wconf 89' lang='lat' dir='ltr'>quae</span> <span class='ocrx_word' id='word_1_58' title='bbox 1594 728 1660 821; x_wconf 90' lang='lat' dir='ltr'>ipsi</span> <span class='ocrx_word' id='word_1_59' title='bbox 1676 752 1752 798; x_wconf 92' lang='lat' dir='ltr'>non</span> <span class='ocrx_word' id='word_1_60' title='bbox 1766 729 1951 815; x_wconf 82' lang='lat' dir='ltr'>novimus,</span> <span class='ocrx_word' id='word_1_61' title='bbox 1976 750 2067 826; x_wconf 88' lang='lat' dir='ltr'>qnae</span> <span class='ocrx_word' id='word_1_62' title='bbox 2083 732 2113 801; x_wconf 86' lang='lat' dir='ltr'>si</span> <span class='ocrx_word' id='word_1_63' title='bbox 2128 753 2213 824; x_wconf 88' lang='lat' dir='ltr'>pos·</span> 
     </span>
     <span class='ocr_line' id='line_1_6' title="bbox 173 824 2212 926; baseline 0 -21"><span class='ocrx_word' id='word_1_64' title='bbox 173 829 395 906; x_wconf 85' lang='lat' dir='ltr'>Scholastica</span> <span class='ocrx_word' id='word_1_65' title='bbox 416 830 600 916; x_wconf 89' lang='lat' dir='ltr'>ostendas,</span> <span class='ocrx_word' id='word_1_66' title='bbox 622 831 803 924; x_wconf 75' lang='lat' dir='ltr'>quomodo</span> <span class='ocrx_word' id='word_1_67' title='bbox 825 830 1077 922; x_wconf 87' lang='lat' dir='ltr'>intelligendae</span> <span class='ocrx_word' id='word_1_68' title='bbox 1095 830 1167 902; x_wconf 80' lang='lat' dir='ltr'>sint</span> <span class='ocrx_word' id='word_1_69' title='bbox 1218 832 1303 900; x_wconf 86' lang='lat' dir='ltr'>sunt</span> <span class='ocrx_word' id='word_1_70' title='bbox 1324 828 1362 897; x_wconf 94' lang='lat' dir='ltr'>in</span> <span class='ocrx_word' id='word_1_71' title='bbox 1385 828 1492 900; x_wconf 86' lang='lat' dir='ltr'>nobis</span> <span class='ocrx_word' id='word_1_72' title='bbox 1514 824 1677 914; x_wconf 84' lang='lat' dir='ltr'>haerere,</span> <span class='ocrx_word' id='word_1_73' title='bbox 1699 832 1881 926; x_wconf 82' lang='lat' dir='ltr'>quomodo</span> <span class='ocrx_word' id='word_1_74' title='bbox 1894 833 2212 926; x_wconf 81' lang='lat' dir='ltr'>affimnar&#39;epossu·</span> 
     </span>
     <span class='ocr_line' id='line_1_7' title="bbox 173 928 2209 1029; baseline 0 -25"><span class='ocrx_word' id='word_1_75' title='bbox 173 930 241 1004; x_wconf 86' lang='lat' dir='ltr'>hae</span> <span class='ocrx_word' id='word_1_76' title='bbox 255 934 533 1028; x_wconf 71' lang='lat' dir='ltr'><strong>propositiones:</strong></span> <span class='ocrx_word' id='word_1_77' title='bbox 560 929 642 1001; x_wconf 88' lang='lat' dir='ltr'>lure</span> <span class='ocrx_word' id='word_1_78' title='bbox 656 943 806 1002; x_wconf 88' lang='lat' dir='ltr'>naturae</span> <span class='ocrx_word' id='word_1_79' title='bbox 815 953 920 1025; x_wconf 14' lang='lat' dir='ltr'>*usum</span> <span class='ocrx_word' id='word_1_80' title='bbox 933 957 1053 1003; x_wconf 86' lang='lat' dir='ltr'>rerum</span> <span class='ocrx_word' id='word_1_81' title='bbox 1069 956 1167 1002; x_wconf 93' lang='lat' dir='ltr'>com-</span> <span class='ocrx_word' id='word_1_82' title='bbox 1219 954 1318 1015; x_wconf 88' lang='lat' dir='ltr'>mus,</span> <span class='ocrx_word' id='word_1_83' title='bbox 1344 953 1410 999; x_wconf 90' lang='lat' dir='ltr'>nos</span> <span class='ocrx_word' id='word_1_84' title='bbox 1427 928 1503 1001; x_wconf 88' lang='lat' dir='ltr'>Deo</span> <span class='ocrx_word' id='word_1_85' title='bbox 1520 930 1658 1021; x_wconf 89' lang='lat' dir='ltr'>placere</span> <span class='ocrx_word' id='word_1_86' title='bbox 1674 944 1741 1007; x_wconf 86' lang='lat' dir='ltr'>etc.</span> <span class='ocrx_word' id='word_1_87' title='bbox 1790 928 1880 1004; x_wconf 83' lang='lat' dir='ltr'>Item</span> <span class='ocrx_word' id='word_1_88' title='bbox 1895 937 2075 1029; x_wconf 91' lang='lat' dir='ltr'>quomodo</span> <span class='ocrx_word' id='word_1_89' title='bbox 2091 936 2159 1005; x_wconf 86' lang='lat' dir='ltr'>scis</span> <span class='ocrx_word' id='word_1_90' title='bbox 2175 948 2209 1006; x_wconf 89' lang='lat' dir='ltr'>te</span> 
     </span>
     <span class='ocr_line' id='line_1_8' title="bbox 173 1030 2210 1126; baseline -0.002 -22"><span class='ocrx_word' id='word_1_91' title='bbox 173 1060 319 1105; x_wconf 92' lang='lat' dir='ltr'>munem</span> <span class='ocrx_word' id='word_1_92' title='bbox 349 1057 434 1104; x_wconf 86' lang='lat' dir='ltr'>esse.</span> <span class='ocrx_word' id='word_1_93' title='bbox 488 1030 551 1117; x_wconf 72' lang='grc' dir='ltr'>ΕΙ,</span> <span class='ocrx_word' id='word_1_94' title='bbox 595 1030 780 1103; x_wconf 72' lang='lat' dir='ltr'>Naturalia</span> <span class='ocrx_word' id='word_1_95' title='bbox 813 1034 1050 1105; x_wconf 87' lang='lat' dir='ltr'>immutabilia</span> <span class='ocrx_word' id='word_1_96' title='bbox 1081 1054 1167 1118; x_wconf 84' lang='lat' dir='ltr'>esse,</span> <span class='ocrx_word' id='word_1_97' title='bbox 1218 1031 1357 1124; x_wconf 86' lang='lat' dir='ltr'>placere</span> <span class='ocrx_word' id='word_1_98' title='bbox 1377 1056 1457 1102; x_wconf 89' lang='lat' dir='ltr'>cum</span> <span class='ocrx_word' id='word_1_99' title='bbox 1479 1032 1569 1101; x_wconf 87' lang='lat' dir='ltr'>scire</span> <span class='ocrx_word' id='word_1_100' title='bbox 1588 1058 1661 1101; x_wconf 92' lang='lat' dir='ltr'>non</span> <span class='ocrx_word' id='word_1_101' title='bbox 1677 1035 1790 1126; x_wconf 89' lang='lat' dir='ltr'>possis</span> <span class='ocrx_word' id='word_1_102' title='bbox 1804 1058 1965 1121; x_wconf 84' lang='lat' dir='ltr'>causam,</span> <span class='ocrx_word' id='word_1_103' title='bbox 1991 1060 2036 1104; x_wconf 93' lang='lat' dir='ltr'>an</span> <span class='ocrx_word' id='word_1_104' title='bbox 2052 1036 2120 1104; x_wconf 88' lang='lat' dir='ltr'>scis</span> <span class='ocrx_word' id='word_1_105' title='bbox 2137 1037 2210 1106; x_wconf 71' lang='lat' dir='ltr'>ele,</span> 
     </span>
     <span class='ocr_line' id='line_1_9' title="bbox 173 1128 2212 1233; baseline -0.001 -24"><span class='ocrx_word' id='word_1_106' title='bbox 173 1134 221 1209; x_wconf 84' lang='lat' dir='ltr'>Et</span> <span class='ocrx_word' id='word_1_107' title='bbox 236 1138 322 1233; x_wconf 91' lang='lat' dir='ltr'>quid</span> <span class='ocrx_word' id='word_1_108' title='bbox 340 1139 385 1206; x_wconf 88' lang='lat' dir='ltr'>de</span> <span class='ocrx_word' id='word_1_109' title='bbox 399 1133 591 1225; x_wconf 72' lang='lat' dir='ltr'>Augustini</span> <span class='ocrx_word' id='word_1_110' title='bbox 604 1135 701 1204; x_wconf 89' lang='lat' dir='ltr'>dicto</span> <span class='ocrx_word' id='word_1_111' title='bbox 718 1137 944 1207; x_wconf 88' lang='lat' dir='ltr'>sentiendum</span> <span class='ocrx_word' id='word_1_112' title='bbox 960 1138 1017 1208; x_wconf 88' lang='lat' dir='ltr'>sit.</span> <span class='ocrx_word' id='word_1_113' title='bbox 1068 1133 1167 1205; x_wconf 85' lang='lat' dir='ltr'>Haec</span> <span class='ocrx_word' id='word_1_114' title='bbox 1218 1147 1306 1207; x_wconf 75' lang='lat' dir='ltr'>ctuss</span> <span class='ocrx_word' id='word_1_115' title='bbox 1325 1221 1328 1232; x_wconf 70' lang='lat'>,</span> <span class='ocrx_word' id='word_1_116' title='bbox 1355 1128 1454 1203; x_wconf 85' lang='lat' dir='ltr'>Haec</span> <span class='ocrx_word' id='word_1_117' title='bbox 1474 1142 1677 1223; x_wconf 84' lang='lat' dir='ltr'>argumenta</span> <span class='ocrx_word' id='word_1_118' title='bbox 1702 1159 1775 1204; x_wconf 92' lang='lat' dir='ltr'>non</span> <span class='ocrx_word' id='word_1_119' title='bbox 1795 1135 1922 1207; x_wconf 75' lang='lat' dir='ltr'>leviter</span> <span class='ocrx_word' id='word_1_120' title='bbox 1942 1139 2089 1207; x_wconf 91' lang='lat' dir='ltr'>turbant</span> <span class='ocrx_word' id='word_1_121' title='bbox 2106 1160 2212 1207; x_wconf 71' lang='lat' dir='ltr'>men:</span> 
     </span>
     <span class='ocr_line' id='line_1_10' title="bbox 174 1234 2210 1330; baseline -0.001 -19"><span class='ocrx_word' id='word_1_122' title='bbox 174 1254 233 1311; x_wconf 89' lang='lat' dir='ltr'>tua</span> <span class='ocrx_word' id='word_1_123' title='bbox 253 1238 439 1330; x_wconf 72' lang='lat' dir='ltr'>explicatio</span> <span class='ocrx_word' id='word_1_124' title='bbox 457 1235 561 1307; x_wconf 85' lang='lat' dir='ltr'>nobis</span> <span class='ocrx_word' id='word_1_125' title='bbox 577 1235 693 1323; x_wconf 88' lang='lat' dir='ltr'>utilis,</span> <span class='ocrx_word' id='word_1_126' title='bbox 716 1251 751 1307; x_wconf 90' lang='lat' dir='ltr'>et</span> <span class='ocrx_word' id='word_1_127' title='bbox 768 1239 881 1308; x_wconf 85' lang='lat' dir='ltr'>doctis</span> <span class='ocrx_word' id='word_1_128' title='bbox 896 1250 994 1327; x_wconf 87' lang='lat' dir='ltr'>grata</span> <span class='ocrx_word' id='word_1_129' title='bbox 1011 1237 1090 1307; x_wconf 85' lang='lat' dir='ltr'>erit.</span> <span class='ocrx_word' id='word_1_130' title='bbox 1218 1246 1288 1322; x_wconf 92' lang='lat' dir='ltr'>tes,</span> <span class='ocrx_word' id='word_1_131' title='bbox 1312 1260 1377 1305; x_wconf 91' lang='lat' dir='ltr'>nec</span> <span class='ocrx_word' id='word_1_132' title='bbox 1392 1234 1470 1305; x_wconf 85' lang='lat' dir='ltr'>siue</span> <span class='ocrx_word' id='word_1_133' title='bbox 1487 1258 1615 1327; x_wconf 90' lang='lat' dir='ltr'>magno</span> <span class='ocrx_word' id='word_1_134' title='bbox 1632 1237 1824 1306; x_wconf 86' lang='lat' dir='ltr'>certamine</span> <span class='ocrx_word' id='word_1_135' title='bbox 1842 1237 1988 1309; x_wconf 87' lang='lat' dir='ltr'>eluctari</span> <span class='ocrx_word' id='word_1_136' title='bbox 2006 1263 2047 1308; x_wconf 86' lang='lat' dir='ltr'>ex</span> <span class='ocrx_word' id='word_1_137' title='bbox 2065 1238 2210 1311; x_wconf 87' lang='lat' dir='ltr'>dubita-</span> 
     </span>
    </p>
   </div>
   <div class='ocr_carea' id='block_1_3' title="bbox 276 1335 2210 1528">
    <p class='ocr_par' dir='ltr' id='par_1_3' title="bbox 276 1335 2210 1528">
     <span class='ocr_line' id='line_1_11' title="bbox 276 1335 2209 1472; baseline -0.016 -10"><span class='ocrx_word' id='word_1_138' title='bbox 276 1384 354 1462; x_wconf 90' lang='lat' dir='ltr'>Oro</span> <span class='ocrx_word' id='word_1_139' title='bbox 382 1403 500 1459; x_wconf 89' lang='lat' dir='ltr'>autem</span> <span class='ocrx_word' id='word_1_140' title='bbox 524 1386 639 1458; x_wconf 79' lang='lat' dir='ltr'>filium</span> <span class='ocrx_word' id='word_1_141' title='bbox 662 1384 749 1472; x_wconf 90' lang='lat' dir='ltr'>Dei,</span> <span class='ocrx_word' id='word_1_142' title='bbox 781 1382 979 1459; x_wconf 89' lang='lat' dir='ltr'>Dominum</span> <span class='ocrx_word' id='word_1_143' title='bbox 1002 1403 1165 1461; x_wconf 86' lang='lat' dir='ltr'>nostrum</span> <span class='ocrx_word' id='word_1_144' title='bbox 1216 1336 1315 1407; x_wconf 46' lang='lat'>“⁰¹¹²</span> <span class='ocrx_word' id='word_1_145' title='bbox 1331 1352 1527 1457; x_wconf 37' lang='grc' dir='ltr'>βψω·</span> <span class='ocrx_word' id='word_1_146' title='bbox 1568 1335 1784 1433; x_wconf 60' lang='grc' dir='ltr'>0“““”Ἶ““’“</span> <span class='ocrx_word' id='word_1_147' title='bbox 1799 1350 1916 1457; x_wconf 55' lang='grc' dir='ltr'>’Ψῗω</span> <span class='ocrx_word' id='word_1_148' title='bbox 1933 1339 2109 1458; x_wconf 58' lang='lat' dir='ltr'>⁸Peffl⁰⁸³e</span> <span class='ocrx_word' id='word_1_149' title='bbox 2125 1346 2209 1410; x_wconf 57' lang='grc' dir='ltr'>’ΠΜ</span> 
     </span>
     <span class='ocr_line' id='line_1_12' title="bbox 1217 1434 2210 1528; baseline 0.003 -20"><span class='ocrx_word' id='word_1_150' title='bbox 1217 1434 1284 1508; x_wconf 91' lang='lat' dir='ltr'>hae</span> <span class='ocrx_word' id='word_1_151' title='bbox 1304 1440 1540 1525; x_wconf 72' lang='lat' dir='ltr'>obtectiones,</span> <span class='ocrx_word' id='word_1_152' title='bbox 1565 1450 1683 1510; x_wconf 89' lang='lat' dir='ltr'>tamen</span> <span class='ocrx_word' id='word_1_153' title='bbox 1709 1465 1776 1510; x_wconf 83' lang='lat' dir='ltr'>vor</span> <span class='ocrx_word' id='word_1_154' title='bbox 1800 1442 1924 1510; x_wconf 79' lang='lat' dir='ltr'>divana</span> <span class='ocrx_word' id='word_1_155' title='bbox 1946 1445 2131 1510; x_wconf 75' lang='lat' dir='ltr'>retinenda</span> <span class='ocrx_word' id='word_1_156' title='bbox 2146 1452 2210 1528; x_wconf 86' lang='lat' dir='ltr'>est&#39;,</span> 
     </span>
    </p>
   </div>
   <div class='ocr_carea' id='block_1_4' title="bbox 172 1482 2208 1685">
    <p class='ocr_par' dir='ltr' id='par_1_4' title="bbox 172 1482 2208 1685">
     <span class='ocr_line' id='line_1_13' title="bbox 173 1482 2199 1577; baseline -0.015 -14"><span class='ocrx_word' id='word_1_157' title='bbox 173 1490 290 1563; x_wconf 88' lang='lat' dir='ltr'>lesum</span> <span class='ocrx_word' id='word_1_158' title='bbox 303 1486 505 1574; x_wconf 75' lang='lat' dir='ltr'>Christum,</span> <span class='ocrx_word' id='word_1_159' title='bbox 530 1505 570 1561; x_wconf 88' lang='lat' dir='ltr'>ut</span> <span class='ocrx_word' id='word_1_160' title='bbox 591 1482 683 1559; x_wconf 87' lang='lat' dir='ltr'>hanc</span> <span class='ocrx_word' id='word_1_161' title='bbox 699 1484 913 1577; x_wconf 83' lang='lat' dir='ltr'>Ecclesiam,</span> <span class='ocrx_word' id='word_1_162' title='bbox 938 1505 971 1561; x_wconf 91' lang='lat' dir='ltr'>et</span> <span class='ocrx_word' id='word_1_163' title='bbox 994 1485 1062 1561; x_wconf 92' lang='lat' dir='ltr'>hos</span> <span class='ocrx_word' id='word_1_164' title='bbox 1082 1516 1166 1563; x_wconf 90' lang='lat' dir='ltr'>coe·</span> <span class='ocrx_word' id='word_1_165' title='bbox 1377 1539 1386 1558; x_wconf 90' lang='lat'><strong>.</strong></span> <span class='ocrx_word' id='word_1_166' title='bbox 1443 1541 1453 1559; x_wconf 89' lang='lat'><strong>.</strong></span> <span class='ocrx_word' id='word_1_167' title='bbox 1790 1540 1800 1560; x_wconf 78' lang='grc'><em>,</em></span> <span class='ocrx_word' id='word_1_168' title='bbox 1838 1540 1850 1560; x_wconf 75' lang='grc'>,</span> <span class='ocrx_word' id='word_1_169' title='bbox 2195 1558 2199 1565; x_wconf 32' lang='grc' dir='ltr'>Ι</span> 
     </span>
     <span class='ocr_line' id='line_1_14' title="bbox 172 1543 2208 1685; baseline -0.015 -44"><span class='ocrx_word' id='word_1_170' title='bbox 172 1608 230 1666; x_wconf 59' lang='grc' dir='ltr'>ω,</span> <span class='ocrx_word' id='word_1_171' title='bbox 254 1588 513 1677; x_wconf 53' lang='lat' dir='ltr'><strong>scholasticos,</strong></span> <span class='ocrx_word' id='word_1_172' title='bbox 546 1603 581 1662; x_wconf 52' lang='lat' dir='ltr'>el</span> <span class='ocrx_word' id='word_1_173' title='bbox 611 1604 664 1676; x_wconf 50' lang='grc' dir='ltr'>ιο,</span> <span class='ocrx_word' id='word_1_174' title='bbox 699 1605 814 1661; x_wconf 59' lang='lat' dir='ltr'>mm</span> <span class='ocrx_word' id='word_1_175' title='bbox 840 1606 875 1662; x_wconf 55' lang='lat' dir='ltr'>et</span> <span class='ocrx_word' id='word_1_176' title='bbox 896 1593 1093 1685; x_wconf 48' lang='lat' dir='ltr'>gubernet,</span> <span class='ocrx_word' id='word_1_177' title='bbox 1125 1607 1166 1665; x_wconf 64' lang='lat' dir='ltr'><strong>m</strong></span> <span class='ocrx_word' id='word_1_178' title='bbox 1217 1565 1308 1661; x_wconf 60' lang='lat' dir='ltr'>quae</span> <span class='ocrx_word' id='word_1_179' title='bbox 1322 1551 1426 1610; x_wconf 84' lang='lat' dir='ltr'>tottea</span> <span class='ocrx_word' id='word_1_180' title='bbox 1443 1543 1541 1612; x_wconf 78' lang='lat' dir='ltr'>rubet</span> <span class='ocrx_word' id='word_1_181' title='bbox 1554 1543 1696 1613; x_wconf 91' lang='lat' dir='ltr'>credere</span> <span class='ocrx_word' id='word_1_182' title='bbox 1711 1564 1956 1612; x_wconf 73' lang='lat' dir='ltr'>remissionem</span> <span class='ocrx_word' id='word_1_183' title='bbox 1972 1555 2208 1634; x_wconf 89' lang='lat' dir='ltr'>peccatorum,</span> 
     </span>
    </p>
   </div>
   <div class='ocr_carea' id='block_1_5' title="bbox 173 1635 2208 1871">
    <p class='ocr_par' dir='ltr' id='par_1_5' title="bbox 173 1635 2208 1871">
     <span class='ocr_line' id='line_1_15' title="bbox 173 1635 2207 1788; baseline -0.014 -47"><span class='ocrx_word' id='word_1_184' title='bbox 173 1696 247 1787; x_wconf 56' lang='lat' dir='ltr'>ipse</span> <span class='ocrx_word' id='word_1_185' title='bbox 271 1720 291 1764; x_wconf 58' lang='lat'><em>2</em></span> <span class='ocrx_word' id='word_1_186' title='bbox 313 1695 418 1765; x_wconf 58' lang='lat' dir='ltr'><strong>nobis</strong></span> <span class='ocrx_word' id='word_1_187' title='bbox 440 1717 582 1788; x_wconf 54' lang='lat' dir='ltr'>quoque</span> <span class='ocrx_word' id='word_1_188' title='bbox 607 1692 645 1761; x_wconf 66' lang='lat' dir='ltr'>in</span> <span class='ocrx_word' id='word_1_189' title='bbox 668 1693 769 1763; x_wconf 68' lang='lat' dir='ltr'>omni</span> <span class='ocrx_word' id='word_1_190' title='bbox 784 1695 992 1769; x_wconf 50' lang='lat' dir='ltr'>aeternitate</span> <span class='ocrx_word' id='word_1_191' title='bbox 1009 1696 1166 1766; x_wconf 53' lang='lat' dir='ltr'><strong>celebre·</strong></span> <span class='ocrx_word' id='word_1_192' title='bbox 1217 1654 1308 1761; x_wconf 73' lang='lat' dir='ltr'>srcut</span> <span class='ocrx_word' id='word_1_193' title='bbox 1329 1641 1369 1762; x_wconf 77' lang='lat' dir='ltr'>in</span> <span class='ocrx_word' id='word_1_194' title='bbox 1391 1641 1478 1713; x_wconf 88' lang='lat' dir='ltr'>actis</span> <span class='ocrx_word' id='word_1_195' title='bbox 1501 1642 1644 1764; x_wconf 73' lang='lat' dir='ltr'>dicitur.</span> <span class='ocrx_word' id='word_1_196' title='bbox 1692 1640 1795 1763; x_wconf 73' lang='lat' dir='ltr'>Huic</span> <span class='ocrx_word' id='word_1_197' title='bbox 1804 1666 1927 1764; x_wconf 78' lang='lat' dir='ltr'>omnes</span> <span class='ocrx_word' id='word_1_198' title='bbox 1943 1635 2138 1736; x_wconf 86' lang='lat' dir='ltr'>prophetae</span> <span class='ocrx_word' id='word_1_199' title='bbox 2154 1655 2207 1714; x_wconf 88' lang='lat' dir='ltr'>te-</span> 
     </span>
     <span class='ocr_line' id='line_1_16' title="bbox 175 1740 2208 1871; baseline -0.014 -28"><span class='ocrx_word' id='word_1_200' title='bbox 175 1811 245 1871; x_wconf 46' lang='lat' dir='ltr'>ms·</span> <span class='ocrx_word' id='word_1_201' title='bbox 297 1794 394 1868; x_wconf 50' lang='lat' dir='ltr'><strong>Dixi·</strong></span> <span class='ocrx_word' id='word_1_202' title='bbox 1217 1758 1425 1815; x_wconf 82' lang='lat' dir='ltr'>strmousum</span> <span class='ocrx_word' id='word_1_203' title='bbox 1456 1740 1664 1837; x_wconf 70' lang='lat' dir='ltr'>perhibent,</span> <span class='ocrx_word' id='word_1_204' title='bbox 1706 1767 1950 1815; x_wconf 75' lang='lat' dir='ltr'>remissionem</span> <span class='ocrx_word' id='word_1_205' title='bbox 1984 1758 2208 1839; x_wconf 87' lang='lat' dir='ltr'>peccatorum</span> 
     </span>
    </p>
   </div>
   <div class='ocr_carea' id='block_1_6' title="bbox 180 1845 2220 2647">
    <p class='ocr_par' dir='ltr' id='par_1_6' title="bbox 180 1845 2220 2578">
     <span class='ocr_line' id='line_1_17' title="bbox 1217 1845 2209 1940; baseline 0.002 -26"><span class='ocrx_word' id='word_1_206' title='bbox 1217 1846 1375 1938; x_wconf 88' lang='lat' dir='ltr'>accipere</span> <span class='ocrx_word' id='word_1_207' title='bbox 1405 1869 1468 1937; x_wconf 89' lang='lat' dir='ltr'>per</span> <span class='ocrx_word' id='word_1_208' title='bbox 1498 1870 1628 1916; x_wconf 91' lang='lat' dir='ltr'>nomen</span> <span class='ocrx_word' id='word_1_209' title='bbox 1660 1847 1736 1916; x_wconf 90' lang='lat' dir='ltr'>eius</span> <span class='ocrx_word' id='word_1_210' title='bbox 1765 1866 1889 1917; x_wconf 90' lang='lat' dir='ltr'>omnes</span> <span class='ocrx_word' id='word_1_211' title='bbox 1912 1845 1975 1940; x_wconf 88' lang='lat' dir='ltr'>qui</span> <span class='ocrx_word' id='word_1_212' title='bbox 1998 1847 2147 1917; x_wconf 85' lang='lat' dir='ltr'>credum</span> <span class='ocrx_word' id='word_1_213' title='bbox 2169 1846 2209 1916; x_wconf 83' lang='lat' dir='ltr'>itt</span> 
     </span>
     <span class='ocr_line' id='line_1_18' title="bbox 1217 1943 2208 2040; baseline 0.002 -23"><span class='ocrx_word' id='word_1_214' title='bbox 1217 1970 1311 2021; x_wconf 82' lang='lat' dir='ltr'>eum.</span> <span class='ocrx_word' id='word_1_215' title='bbox 1361 1944 1411 2018; x_wconf 78' lang='lat' dir='ltr'>Et</span> <span class='ocrx_word' id='word_1_216' title='bbox 1428 1945 1560 2017; x_wconf 84' lang='lat' dir='ltr'>Paulus</span> <span class='ocrx_word' id='word_1_217' title='bbox 1583 1950 1625 2017; x_wconf 88' lang='lat' dir='ltr'>ad</span> <span class='ocrx_word' id='word_1_218' title='bbox 1647 1943 1822 2040; x_wconf 83' lang='lat' dir='ltr'>Ephesios</span> <span class='ocrx_word' id='word_1_219' title='bbox 1837 1949 1992 2019; x_wconf 89' lang='lat' dir='ltr'>ostendit</span> <span class='ocrx_word' id='word_1_220' title='bbox 2010 1948 2115 2017; x_wconf 83' lang='lat' dir='ltr'>fidem</span> <span class='ocrx_word' id='word_1_221' title='bbox 2133 1970 2208 2019; x_wconf 90' lang='lat' dir='ltr'>esse</span> 
     </span>
     <span class='ocr_line' id='line_1_19' title="bbox 1216 2048 2220 2142; baseline 0.003 -27"><span class='ocrx_word' id='word_1_222' title='bbox 1216 2048 1382 2118; x_wconf 85' lang='lat' dir='ltr'>fiduciam</span> <span class='ocrx_word' id='word_1_223' title='bbox 1396 2051 1618 2119; x_wconf 74' lang='lat' dir='ltr'>accedentem</span> <span class='ocrx_word' id='word_1_224' title='bbox 1635 2051 1679 2119; x_wconf 94' lang='lat' dir='ltr'>ad</span> <span class='ocrx_word' id='word_1_225' title='bbox 1691 2048 1807 2120; x_wconf 88' lang='lat' dir='ltr'>Deum</span> <span class='ocrx_word' id='word_1_226' title='bbox 1826 2050 1863 2118; x_wconf 89' lang='lat' dir='ltr'>in</span> <span class='ocrx_word' id='word_1_227' title='bbox 1880 2049 2008 2119; x_wconf 79' lang='lat' dir='ltr'>fiducia</span> <span class='ocrx_word' id='word_1_228' title='bbox 2025 2072 2089 2142; x_wconf 88' lang='lat' dir='ltr'>per</span> <span class='ocrx_word' id='word_1_229' title='bbox 2102 2048 2220 2118; x_wconf 60' lang='lat' dir='ltr'>fidem⁴</span> 
     </span>
     <span class='ocr_line' id='line_1_20' title="bbox 1217 2145 2212 2244; baseline 0.003 -28"><span class='ocrx_word' id='word_1_230' title='bbox 1217 2147 1256 2217; x_wconf 92' lang='lat' dir='ltr'>in</span> <span class='ocrx_word' id='word_1_231' title='bbox 1281 2149 1410 2241; x_wconf 88' lang='lat' dir='ltr'>ipsum.</span> <span class='ocrx_word' id='word_1_232' title='bbox 1463 2149 1564 2222; x_wconf 88' lang='lat' dir='ltr'>Sicut</span> <span class='ocrx_word' id='word_1_233' title='bbox 1586 2163 1621 2221; x_wconf 92' lang='lat' dir='ltr'>et</span> <span class='ocrx_word' id='word_1_234' title='bbox 1642 2152 1688 2221; x_wconf 88' lang='lat' dir='ltr'>ad</span> <span class='ocrx_word' id='word_1_235' title='bbox 1709 2148 1817 2224; x_wconf 85' lang='lat' dir='ltr'>Rom.</span> <span class='ocrx_word' id='word_1_236' title='bbox 1839 2151 1973 2244; x_wconf 78' lang='lat' dir='ltr'>inquite</span> <span class='ocrx_word' id='word_1_237' title='bbox 2006 2145 2212 2242; x_wconf 69' lang='lat' dir='ltr'>Iuslsficoli</span> 
     </span>
     <span class='ocr_line' id='line_1_21' title="bbox 198 2242 2209 2354; baseline 0.002 -37"><span class='ocrx_word' id='word_1_238' title='bbox 198 2278 264 2350; x_wconf 43' lang='lat' dir='ltr'>Nu·</span> <span class='ocrx_word' id='word_1_239' title='bbox 279 2273 342 2347; x_wconf 81' lang='lat'>50.</span> <span class='ocrx_word' id='word_1_240' title='bbox 928 2276 1060 2354; x_wconf 42' lang='lat' dir='ltr'><strong>mun·</strong></span> <span class='ocrx_word' id='word_1_241' title='bbox 1071 2286 1165 2351; x_wconf 46' lang='lat'><strong>1552·</strong></span> <span class='ocrx_word' id='word_1_242' title='bbox 1218 2242 1289 2319; x_wconf 68' lang='lat' dir='ltr'>nde</span> <span class='ocrx_word' id='word_1_243' title='bbox 1303 2270 1428 2346; x_wconf 80' lang='lat' dir='ltr'><em>pacem</em></span> <span class='ocrx_word' id='word_1_244' title='bbox 1444 2244 1623 2321; x_wconf 77' lang='lat' dir='ltr'>laudemus</span> <span class='ocrx_word' id='word_1_245' title='bbox 1638 2259 1670 2320; x_wconf 86' lang='lat' dir='ltr'>et</span> <span class='ocrx_word' id='word_1_246' title='bbox 1686 2272 1869 2322; x_wconf 83' lang='lat' dir='ltr'>accessam</span> <span class='ocrx_word' id='word_1_247' title='bbox 1882 2246 1940 2319; x_wconf 81' lang='lat' dir='ltr'>od</span> <span class='ocrx_word' id='word_1_248' title='bbox 1949 2247 2083 2323; x_wconf 86' lang='lat' dir='ltr'>Deum.</span> <span class='ocrx_word' id='word_1_249' title='bbox 2134 2247 2209 2322; x_wconf 76' lang='lat' dir='ltr'>De-</span> 
     </span>
     <span class='ocr_line' id='line_1_22' title="bbox 180 2349 2208 2445; baseline 0.011 -42"><span class='ocrx_word' id='word_1_250' title='bbox 180 2370 352 2403; x_wconf 52' lang='grc' dir='ltr'><strong>Μ</strong></span> <span class='ocrx_word' id='word_1_251' title='bbox 448 2412 459 2427; x_wconf 22' lang='lat' dir='ltr'>N</span> <span class='ocrx_word' id='word_1_252' title='bbox 948 2374 1160 2414; x_wconf 50' lang='lat' dir='ltr'><em>Q</em></span> <span class='ocrx_word' id='word_1_253' title='bbox 1218 2351 1327 2445; x_wconf 90' lang='lat' dir='ltr'>nique</span> <span class='ocrx_word' id='word_1_254' title='bbox 1349 2352 1525 2424; x_wconf 90' lang='lat' dir='ltr'>amittitur</span> <span class='ocrx_word' id='word_1_255' title='bbox 1546 2352 1737 2424; x_wconf 70' lang='lat' dir='ltr'>discrimen</span> <span class='ocrx_word' id='word_1_256' title='bbox 1760 2354 1848 2445; x_wconf 85' lang='lat' dir='ltr'>legis</span> <span class='ocrx_word' id='word_1_257' title='bbox 1869 2368 1904 2425; x_wconf 90' lang='lat' dir='ltr'>et</span> <span class='ocrx_word' id='word_1_258' title='bbox 1921 2349 2109 2442; x_wconf 76' lang='lat' dir='ltr'>Evangelii</span> <span class='ocrx_word' id='word_1_259' title='bbox 2126 2377 2208 2425; x_wconf 88' lang='lat' dir='ltr'>cnm</span> 
     </span>
     <span class='ocr_line' id='line_1_23' title="bbox 239 2448 2209 2578; baseline 0.005 -59"><span class='ocrx_word' id='word_1_260' title='bbox 239 2505 307 2574; x_wconf 56' lang='lat' dir='ltr'>ffi</span> <span class='ocrx_word' id='word_1_261' title='bbox 322 2503 478 2578; x_wconf 67' lang='lat' dir='ltr'>apographo</span> <span class='ocrx_word' id='word_1_262' title='bbox 493 2502 523 2558; x_wconf 51' lang='grc' dir='ltr'>ἱ,</span> <span class='ocrx_word' id='word_1_263' title='bbox 537 2500 608 2558; x_wconf 81' lang='lat' dir='ltr'>cot.</span> <span class='ocrx_word' id='word_1_264' title='bbox 620 2499 707 2558; x_wconf 40' lang='lat' dir='ltr'>M..</span> <span class='ocrx_word' id='word_1_265' title='bbox 743 2500 816 2558; x_wconf 64' lang='grc' dir='ltr'><strong>Μ</strong></span> <span class='ocrx_word' id='word_1_266' title='bbox 841 2504 903 2559; x_wconf 39' lang='lat'>544·</span> <span class='ocrx_word' id='word_1_267' title='bbox 1217 2454 1390 2523; x_wconf 88' lang='lat' dir='ltr'>docentur</span> <span class='ocrx_word' id='word_1_268' title='bbox 1403 2448 1577 2540; x_wconf 87' lang='lat' dir='ltr'>homines,</span> <span class='ocrx_word' id='word_1_269' title='bbox 1601 2456 1818 2526; x_wconf 89' lang='lat' dir='ltr'>manendum</span> <span class='ocrx_word' id='word_1_270' title='bbox 1833 2452 1959 2524; x_wconf 89' lang='lat' dir='ltr'>esseio</span> <span class='ocrx_word' id='word_1_271' title='bbox 1973 2456 2209 2529; x_wconf 85' lang='lat' dir='ltr'>dubitatione.</span> 
     </span>
    </p>

    <p class='ocr_par' dir='ltr' id='par_1_7' title="bbox 818 2548 2209 2647">
     <span class='ocr_line' id='line_1_24' title="bbox 818 2548 2209 2647; baseline 0.004 -26"><span class='ocrx_word' id='word_1_272' title='bbox 818 2548 826 2563; x_wconf 81' lang='grc'><strong><em>’</em></strong></span> <span class='ocrx_word' id='word_1_273' title='bbox 1217 2551 1303 2623; x_wconf 92' lang='lat' dir='ltr'>ldeo</span> <span class='ocrx_word' id='word_1_274' title='bbox 1328 2554 1425 2623; x_wconf 89' lang='lat' dir='ltr'>euim</span> <span class='ocrx_word' id='word_1_275' title='bbox 1448 2554 1636 2647; x_wconf 82' lang='lat' dir='ltr'>promissio</span> <span class='ocrx_word' id='word_1_276' title='bbox 1653 2556 1917 2626; x_wconf 90' lang='lat' dir='ltr'>misericordiae</span> <span class='ocrx_word' id='word_1_277' title='bbox 1931 2556 2051 2626; x_wconf 90' lang='lat' dir='ltr'>addita</span> <span class='ocrx_word' id='word_1_278' title='bbox 2069 2571 2141 2642; x_wconf 86' lang='lat' dir='ltr'>est,</span> <span class='ocrx_word' id='word_1_279' title='bbox 2167 2571 2209 2627; x_wconf 88' lang='lat' dir='ltr'>ut</span> 
     </span>
    </p>
   </div>
   <div class='ocr_carea' id='block_1_7' title="bbox 168 2654 2310 2981">
    <p class='ocr_par' dir='ltr' id='par_1_8' title="bbox 168 2654 2310 2981">
     <span class='ocr_line' id='line_1_25' title="bbox 172 2654 2310 2772; baseline -0.007 -31"><span class='ocrx_word' id='word_1_280' title='bbox 172 2680 551 2770; x_wconf 61' lang='lat' dir='ltr'>Quaegfwadomtm</span> <span class='ocrx_word' id='word_1_281' title='bbox 565 2682 620 2751; x_wconf 72' lang='grc' dir='ltr'>Μ,</span> <span class='ocrx_word' id='word_1_282' title='bbox 645 2676 810 2751; x_wconf 78' lang='lat' dir='ltr'>tacebo</span> <span class='ocrx_word' id='word_1_283' title='bbox 836 2680 1165 2772; x_wconf 50' lang='lat' dir='ltr'>omnimo,</span> <span class='ocrx_word' id='word_1_284' title='bbox 1217 2655 1303 2725; x_wconf 89' lang='lat' dir='ltr'>certi</span> <span class='ocrx_word' id='word_1_285' title='bbox 1333 2654 1462 2741; x_wconf 88' lang='lat' dir='ltr'>simus,</span> <span class='ocrx_word' id='word_1_286' title='bbox 1494 2657 1632 2726; x_wconf 87' lang='lat' dir='ltr'>etiamsi</span> <span class='ocrx_word' id='word_1_287' title='bbox 1662 2681 1786 2729; x_wconf 89' lang='lat' dir='ltr'>sumus</span> <span class='ocrx_word' id='word_1_288' title='bbox 1808 2657 1947 2747; x_wconf 84' lang='lat' dir='ltr'>indigni</span> <span class='ocrx_word' id='word_1_289' title='bbox 1972 2671 2007 2727; x_wconf 91' lang='lat' dir='ltr'>et</span> <span class='ocrx_word' id='word_1_290' title='bbox 2030 2656 2209 2728; x_wconf 87' lang='lat' dir='ltr'>immundi</span> <span class='ocrx_word' id='word_1_291' title='bbox 2306 2666 2310 2671; x_wconf 85' lang='lat'>&#39;</span> 
     </span>
     <span class='ocr_line' id='line_1_26' title="bbox 171 2756 2209 2878; baseline -0.006 -37"><span class='ocrx_word' id='word_1_292' title='bbox 171 2789 347 2872; x_wconf 58' lang='lat' dir='ltr'>gosem,</span> <span class='ocrx_word' id='word_1_293' title='bbox 382 2788 424 2856; x_wconf 68' lang='lat'>5„</span> <span class='ocrx_word' id='word_1_294' title='bbox 449 2787 684 2874; x_wconf 62' lang='lat' dir='ltr'>prmum</span> <span class='ocrx_word' id='word_1_295' title='bbox 713 2782 988 2876; x_wconf 57' lang='grc' dir='ltr'><strong><em>ΜαΜΝΜ</em></strong></span> <span class='ocrx_word' id='word_1_296' title='bbox 1014 2783 1165 2876; x_wconf 52' lang='lat' dir='ltr'>mmm</span> <span class='ocrx_word' id='word_1_297' title='bbox 1216 2756 1327 2849; x_wconf 91' lang='lat' dir='ltr'>recipi</span> <span class='ocrx_word' id='word_1_298' title='bbox 1345 2779 1411 2826; x_wconf 91' lang='lat' dir='ltr'>nos</span> <span class='ocrx_word' id='word_1_299' title='bbox 1423 2771 1543 2830; x_wconf 88' lang='lat' dir='ltr'>tamen</span> <span class='ocrx_word' id='word_1_300' title='bbox 1558 2757 1663 2830; x_wconf 86' lang='lat' dir='ltr'>alleo</span> <span class='ocrx_word' id='word_1_301' title='bbox 1676 2774 1822 2851; x_wconf 89' lang='lat' dir='ltr'>propter</span> <span class='ocrx_word' id='word_1_302' title='bbox 1837 2758 2068 2878; x_wconf 77' lang='lat' dir='ltr'>mediatorem</span> <span class='ocrx_word' id='word_1_303' title='bbox 2082 2759 2209 2835; x_wconf 78' lang='lat' dir='ltr'>filium.</span> 
     </span>
     <span class='ocr_line' id='line_1_27' title="bbox 168 2855 2208 2981; baseline -0.003 -21"><span class='ocrx_word' id='word_1_304' title='bbox 168 2892 343 2981; x_wconf 80' lang='lat' dir='ltr'>poposito</span> <span class='ocrx_word' id='word_1_305' title='bbox 372 2889 414 2956; x_wconf 80' lang='lat' dir='ltr'>ia</span> <span class='ocrx_word' id='word_1_306' title='bbox 441 2882 573 2956; x_wconf 83' lang='lat' dir='ltr'>aclsolo</span> <span class='ocrx_word' id='word_1_307' title='bbox 605 2879 864 2978; x_wconf 73' lang='lat' dir='ltr'>Vitcberpesssl</span> <span class='ocrx_word' id='word_1_308' title='bbox 892 2881 953 2957; x_wconf 75' lang='lat'>28.</span> <span class='ocrx_word' id='word_1_309' title='bbox 977 2882 1041 2956; x_wconf 81' lang='lat' dir='ltr'>die</span> <span class='ocrx_word' id='word_1_310' title='bbox 1062 2892 1165 2962; x_wconf 78' lang='lat' dir='ltr'>tuuis·</span> <span class='ocrx_word' id='word_1_311' title='bbox 1216 2855 1315 2930; x_wconf 63' lang='lat' dir='ltr'>Hm</span> <span class='ocrx_word' id='word_1_312' title='bbox 1337 2859 1526 2949; x_wconf 59' lang='lat' dir='ltr'>Pf⁰¹¹¹³⁸⁸3⁰</span> <span class='ocrx_word' id='word_1_313' title='bbox 1551 2884 1618 2929; x_wconf 61' lang='lat'>*⁰¹</span> <span class='ocrx_word' id='word_1_314' title='bbox 1642 2874 1693 2931; x_wconf 63' lang='lat'>‘⁸‘</span> <span class='ocrx_word' id='word_1_315' title='bbox 1707 2856 1894 2951; x_wconf 64' lang='lat' dir='ltr'><strong>EV³¹¹8²¹¹3</strong></span> <span class='ocrx_word' id='word_1_316' title='bbox 1911 2883 2075 2952; x_wconf 63' lang='lat' dir='ltr'>P¹⁰Pms</span> <span class='ocrx_word' id='word_1_317' title='bbox 2101 2884 2208 2954; x_wconf 56' lang='lat' dir='ltr'>(luam</span> 
     </span>
    </p>
   </div>
   <div class='ocr_carea' id='block_1_8' title="bbox 183 2960 2211 3159">
    <p class='ocr_par' dir='ltr' id='par_1_9' title="bbox 183 2960 2211 3159">
     <span class='ocr_line' id='line_1_28' title="bbox 183 2960 2211 3079; baseline -0.01 -26"><span class='ocrx_word' id='word_1_318' title='bbox 183 3013 281 3061; x_wconf 76' lang='lat' dir='ltr'>anno</span> <span class='ocrx_word' id='word_1_319' title='bbox 309 2986 419 3062; x_wconf 73' lang='lat'>1552</span> <span class='ocrx_word' id='word_1_320' title='bbox 440 2989 599 3059; x_wconf 68' lang='lat' dir='ltr'>Deam</span> <span class='ocrx_word' id='word_1_321' title='bbox 619 2977 678 3057; x_wconf 78' lang='grc' dir='ltr'>Μ,</span> <span class='ocrx_word' id='word_1_322' title='bbox 704 2986 911 3057; x_wconf 57' lang='lat' dir='ltr'>Martem,</span> <span class='ocrx_word' id='word_1_323' title='bbox 937 2990 1152 3079; x_wconf 60' lang='lat' dir='ltr'>ggmm,</span> <span class='ocrx_word' id='word_1_324' title='bbox 1215 2960 1279 3053; x_wconf 90' lang='lat' dir='ltr'>qui</span> <span class='ocrx_word' id='word_1_325' title='bbox 1302 2984 1377 3030; x_wconf 90' lang='lat' dir='ltr'>non</span> <span class='ocrx_word' id='word_1_326' title='bbox 1401 2961 1659 3051; x_wconf 85' lang='lat' dir='ltr'>amplectantur</span> <span class='ocrx_word' id='word_1_327' title='bbox 1675 2962 1812 3032; x_wconf 85' lang='lat' dir='ltr'>carcere</span> <span class='ocrx_word' id='word_1_328' title='bbox 1831 2962 1917 3052; x_wconf 87' lang='lat' dir='ltr'>legis</span> <span class='ocrx_word' id='word_1_329' title='bbox 1934 2962 2065 3054; x_wconf 90' lang='lat' dir='ltr'>captivi</span> <span class='ocrx_word' id='word_1_330' title='bbox 2084 2976 2211 3055; x_wconf 75' lang='lat' dir='ltr'>teuen7</span> 
     </span>
     <span class='ocr_line' id='line_1_29' title="bbox 573 3060 2210 3159; baseline -0.004 -18"><span class='ocrx_word' id='word_1_331' title='bbox 573 3082 760 3159; x_wconf 58' lang='lat' dir='ltr'>managa,</span> <span class='ocrx_word' id='word_1_332' title='bbox 1215 3074 1286 3144; x_wconf 90' lang='lat' dir='ltr'>tur,</span> <span class='ocrx_word' id='word_1_333' title='bbox 1308 3063 1487 3147; x_wconf 83' lang='lat' dir='ltr'>dubitant,</span> <span class='ocrx_word' id='word_1_334' title='bbox 1511 3063 1653 3153; x_wconf 84' lang='lat' dir='ltr'>lugiunt</span> <span class='ocrx_word' id='word_1_335' title='bbox 1666 3060 1795 3148; x_wconf 89' lang='lat' dir='ltr'>Deum,</span> <span class='ocrx_word' id='word_1_336' title='bbox 1821 3087 1885 3134; x_wconf 89' lang='lat' dir='ltr'>nec</span> <span class='ocrx_word' id='word_1_337' title='bbox 1899 3079 2036 3137; x_wconf 90' lang='lat' dir='ltr'>curant.</span> <span class='ocrx_word' id='word_1_338' title='bbox 2086 3060 2210 3135; x_wconf 78' lang='lat' dir='ltr'>Evan-</span> 
     </span>
    </p>
   </div>
   <div class='ocr_carea' id='block_1_9' title="bbox 171 3159 2276 3969">
    <p class='ocr_par' dir='ltr' id='par_1_10' title="bbox 171 3159 2276 3969">
     <span class='ocr_line' id='line_1_30' title="bbox 1216 3159 2209 3256; baseline 0.006 -26"><span class='ocrx_word' id='word_1_339' title='bbox 1216 3162 1366 3251; x_wconf 84' lang='lat' dir='ltr'>gelium,</span> <span class='ocrx_word' id='word_1_340' title='bbox 1391 3186 1471 3234; x_wconf 92' lang='lat' dir='ltr'>cum</span> <span class='ocrx_word' id='word_1_341' title='bbox 1486 3162 1658 3234; x_wconf 92' lang='lat' dir='ltr'>Salomon</span> <span class='ocrx_word' id='word_1_342' title='bbox 1672 3159 1740 3235; x_wconf 89' lang='lat' dir='ltr'>hoc</span> <span class='ocrx_word' id='word_1_343' title='bbox 1754 3164 1872 3256; x_wconf 90' lang='lat' dir='ltr'>ipsum</span> <span class='ocrx_word' id='word_1_344' title='bbox 1888 3166 1994 3252; x_wconf 92' lang='lat' dir='ltr'>velit,</span> <span class='ocrx_word' id='word_1_345' title='bbox 2019 3167 2064 3236; x_wconf 88' lang='lat' dir='ltr'>de</span> <span class='ocrx_word' id='word_1_346' title='bbox 2078 3166 2209 3239; x_wconf 86' lang='lat' dir='ltr'>volun-</span> 
     </span>
     <span class='ocr_line' id='line_1_31' title="bbox 173 3245 2276 3356; baseline 0.002 -21"><span class='ocrx_word' id='word_1_347' title='bbox 173 3245 379 3348; x_wconf 84' lang='lat' dir='ltr'>Utrumque</span> <span class='ocrx_word' id='word_1_348' title='bbox 408 3249 598 3325; x_wconf 63' lang='lat' dir='ltr'>honestum</span> <span class='ocrx_word' id='word_1_349' title='bbox 622 3266 693 3339; x_wconf 55' lang='grc' dir='ltr'>αἱ,</span> <span class='ocrx_word' id='word_1_350' title='bbox 725 3266 761 3324; x_wconf 89' lang='lat' dir='ltr'>et</span> <span class='ocrx_word' id='word_1_351' title='bbox 783 3275 849 3323; x_wconf 90' lang='lat' dir='ltr'>nos</span> <span class='ocrx_word' id='word_1_352' title='bbox 873 3266 1076 3325; x_wconf 80' lang='lat' dir='ltr'>reverenter</span> <span class='ocrx_word' id='word_1_353' title='bbox 1097 3255 1165 3326; x_wconf 93' lang='lat' dir='ltr'>ob·</span> <span class='ocrx_word' id='word_1_354' title='bbox 1216 3274 1288 3333; x_wconf 88' lang='lat' dir='ltr'>tate</span> <span class='ocrx_word' id='word_1_355' title='bbox 1300 3259 1369 3335; x_wconf 89' lang='lat' dir='ltr'>Dei</span> <span class='ocrx_word' id='word_1_356' title='bbox 1391 3277 1426 3335; x_wconf 91' lang='lat' dir='ltr'>et</span> <span class='ocrx_word' id='word_1_357' title='bbox 1447 3263 1558 3356; x_wconf 88' lang='lat' dir='ltr'>ipsius</span> <span class='ocrx_word' id='word_1_358' title='bbox 1581 3266 1691 3337; x_wconf 89' lang='lat' dir='ltr'>verbo</span> <span class='ocrx_word' id='word_1_359' title='bbox 1714 3266 1945 3337; x_wconf 91' lang='lat' dir='ltr'>iudicandum</span> <span class='ocrx_word' id='word_1_360' title='bbox 1962 3290 2054 3354; x_wconf 89' lang='lat' dir='ltr'>esse,</span> <span class='ocrx_word' id='word_1_361' title='bbox 2077 3291 2150 3339; x_wconf 91' lang='lat' dir='ltr'>uon</span> <span class='ocrx_word' id='word_1_362' title='bbox 2167 3293 2209 3339; x_wconf 83' lang='lat' dir='ltr'>es</span> <span class='ocrx_word' id='word_1_363' title='bbox 2272 3321 2276 3327; x_wconf 74' lang='lat'>·</span> 
     </span>
     <span class='ocr_line' id='line_1_32' title="bbox 172 3354 2210 3458; baseline 0.002 -33"><span class='ocrx_word' id='word_1_364' title='bbox 172 3376 368 3450; x_wconf 79' lang='lat' dir='ltr'>temperare</span> <span class='ocrx_word' id='word_1_365' title='bbox 393 3355 544 3427; x_wconf 90' lang='lat' dir='ltr'>utilibus</span> <span class='ocrx_word' id='word_1_366' title='bbox 565 3354 738 3426; x_wconf 88' lang='lat' dir='ltr'>institutis</span> <span class='ocrx_word' id='word_1_367' title='bbox 762 3357 1021 3427; x_wconf 83' lang='lat' dir='ltr'>academiarum</span> <span class='ocrx_word' id='word_1_368' title='bbox 1047 3371 1081 3427; x_wconf 89' lang='lat' dir='ltr'>et</span> <span class='ocrx_word' id='word_1_369' title='bbox 1102 3380 1165 3429; x_wconf 87' lang='lat' dir='ltr'>vos</span> <span class='ocrx_word' id='word_1_370' title='bbox 1215 3363 1369 3435; x_wconf 84' lang='lat' dir='ltr'>externis</span> <span class='ocrx_word' id='word_1_371' title='bbox 1389 3363 1598 3458; x_wconf 86' lang='lat' dir='ltr'>spectaculis</span> <span class='ocrx_word' id='word_1_372' title='bbox 1620 3390 1741 3436; x_wconf 90' lang='lat' dir='ltr'>rerum</span> <span class='ocrx_word' id='word_1_373' title='bbox 1766 3370 2000 3439; x_wconf 78' lang='lat' dir='ltr'>secundarum</span> <span class='ocrx_word' id='word_1_374' title='bbox 2025 3384 2060 3443; x_wconf 66' lang='lat' dir='ltr'>aa</span> <span class='ocrx_word' id='word_1_375' title='bbox 2083 3373 2210 3440; x_wconf 63' lang='lat' dir='ltr'>adver.</span> 
     </span>
     <span class='ocr_line' id='line_1_33' title="bbox 172 3452 2208 3563; baseline 0.007 -34"><span class='ocrx_word' id='word_1_376' title='bbox 172 3485 237 3554; x_wconf 89' lang='lat' dir='ltr'>pro</span> <span class='ocrx_word' id='word_1_377' title='bbox 270 3473 383 3529; x_wconf 88' lang='lat' dir='ltr'>vestra</span> <span class='ocrx_word' id='word_1_378' title='bbox 414 3452 635 3529; x_wconf 86' lang='lat' dir='ltr'>humanitate</span> <span class='ocrx_word' id='word_1_379' title='bbox 665 3457 753 3527; x_wconf 90' lang='lat' dir='ltr'>boni</span> <span class='ocrx_word' id='word_1_380' title='bbox 777 3457 961 3527; x_wconf 89' lang='lat' dir='ltr'>consulere</span> <span class='ocrx_word' id='word_1_381' title='bbox 986 3458 1166 3529; x_wconf 85' lang='lat' dir='ltr'>orationes</span> <span class='ocrx_word' id='word_1_382' title='bbox 1213 3489 1355 3554; x_wconf 87' lang='lat' dir='ltr'>aarum,</span> <span class='ocrx_word' id='word_1_383' title='bbox 1388 3490 1479 3563; x_wconf 83' lang='lat' dir='ltr'>quae</span> <span class='ocrx_word' id='word_1_384' title='bbox 1508 3466 1613 3538; x_wconf 87' lang='lat' dir='ltr'>honis</span> <span class='ocrx_word' id='word_1_385' title='bbox 1641 3491 1682 3536; x_wconf 91' lang='lat' dir='ltr'>ac</span> <span class='ocrx_word' id='word_1_386' title='bbox 1712 3456 1815 3537; x_wconf 89' lang='lat' dir='ltr'>malis</span> <span class='ocrx_word' id='word_1_387' title='bbox 1846 3468 2012 3541; x_wconf 80' lang='lat' dir='ltr'>similiter</span> <span class='ocrx_word' id='word_1_388' title='bbox 2031 3452 2208 3559; x_wconf 53' lang='lat' dir='ltr'>accidunt:</span> 
     </span>
     <span class='ocr_line' id='line_1_34' title="bbox 171 3554 2209 3665; baseline 0.006 -34"><span class='ocrx_word' id='word_1_389' title='bbox 171 3586 317 3646; x_wconf 83' lang='lat' dir='ltr'>eorum,</span> <span class='ocrx_word' id='word_1_390' title='bbox 343 3560 407 3654; x_wconf 88' lang='lat' dir='ltr'>qui</span> <span class='ocrx_word' id='word_1_391' title='bbox 428 3582 501 3629; x_wconf 90' lang='lat' dir='ltr'>uon</span> <span class='ocrx_word' id='word_1_392' title='bbox 524 3560 727 3648; x_wconf 88' lang='lat' dir='ltr'>arrogantia</span> <span class='ocrx_word' id='word_1_393' title='bbox 749 3554 820 3628; x_wconf 86' lang='lat' dir='ltr'>huc</span> <span class='ocrx_word' id='word_1_394' title='bbox 834 3560 879 3627; x_wconf 91' lang='lat' dir='ltr'>ad</span> <span class='ocrx_word' id='word_1_395' title='bbox 896 3559 1087 3629; x_wconf 88' lang='lat' dir='ltr'>dicendum</span> <span class='ocrx_word' id='word_1_396' title='bbox 1106 3584 1165 3632; x_wconf 91' lang='lat' dir='ltr'>ac·</span> <span class='ocrx_word' id='word_1_397' title='bbox 1214 3564 1332 3639; x_wconf 86' lang='lat' dir='ltr'>David</span> <span class='ocrx_word' id='word_1_398' title='bbox 1357 3591 1431 3637; x_wconf 93' lang='lat' dir='ltr'>non</span> <span class='ocrx_word' id='word_1_399' title='bbox 1449 3580 1579 3639; x_wconf 88' lang='lat' dir='ltr'>statuat</span> <span class='ocrx_word' id='word_1_400' title='bbox 1594 3590 1631 3639; x_wconf 90' lang='lat' dir='ltr'>se</span> <span class='ocrx_word' id='word_1_401' title='bbox 1646 3591 1666 3637; x_wconf 92' lang='lat' dir='ltr'>a</span> <span class='ocrx_word' id='word_1_402' title='bbox 1680 3564 1759 3641; x_wconf 86' lang='lat' dir='ltr'>Deo</span> <span class='ocrx_word' id='word_1_403' title='bbox 1776 3568 1953 3641; x_wconf 89' lang='lat' dir='ltr'>abiectum</span> <span class='ocrx_word' id='word_1_404' title='bbox 1970 3595 2043 3642; x_wconf 89' lang='lat' dir='ltr'>esse</span> <span class='ocrx_word' id='word_1_405' title='bbox 2062 3571 2209 3665; x_wconf 76' lang='lat' dir='ltr'>proptei</span> 
     </span>
     <span class='ocr_line' id='line_1_35' title="bbox 172 3660 2209 3765; baseline 0.005 -32"><span class='ocrx_word' id='word_1_406' title='bbox 172 3665 319 3733; x_wconf 91' lang='lat' dir='ltr'>cedunt:</span> <span class='ocrx_word' id='word_1_407' title='bbox 346 3664 407 3730; x_wconf 89' lang='lat' dir='ltr'>sed</span> <span class='ocrx_word' id='word_1_408' title='bbox 425 3676 464 3731; x_wconf 89' lang='lat' dir='ltr'>ut</span> <span class='ocrx_word' id='word_1_409' title='bbox 484 3660 659 3730; x_wconf 89' lang='lat' dir='ltr'>voluntati</span> <span class='ocrx_word' id='word_1_410' title='bbox 680 3673 945 3749; x_wconf 82' lang='lat' dir='ltr'>praecepturum</span> <span class='ocrx_word' id='word_1_411' title='bbox 962 3674 997 3730; x_wconf 91' lang='lat' dir='ltr'>et</span> <span class='ocrx_word' id='word_1_412' title='bbox 1013 3686 1163 3732; x_wconf 88' lang='lat' dir='ltr'>consue·</span> <span class='ocrx_word' id='word_1_413' title='bbox 1215 3668 1380 3749; x_wconf 84' lang='lat' dir='ltr'>exilium,</span> <span class='ocrx_word' id='word_1_414' title='bbox 1405 3668 1468 3739; x_wconf 85' lang='lat' dir='ltr'>ted</span> <span class='ocrx_word' id='word_1_415' title='bbox 1487 3670 1532 3741; x_wconf 90' lang='lat' dir='ltr'>de</span> <span class='ocrx_word' id='word_1_416' title='bbox 1555 3668 1737 3741; x_wconf 87' lang='lat' dir='ltr'>voluntate</span> <span class='ocrx_word' id='word_1_417' title='bbox 1754 3666 1826 3742; x_wconf 78' lang='lat' dir='ltr'>Dei</span> <span class='ocrx_word' id='word_1_418' title='bbox 1845 3670 1978 3743; x_wconf 87' lang='lat' dir='ltr'>iudicet</span> <span class='ocrx_word' id='word_1_419' title='bbox 2000 3699 2042 3744; x_wconf 84' lang='lat' dir='ltr'>ex</span> <span class='ocrx_word' id='word_1_420' title='bbox 2055 3673 2209 3765; x_wconf 88' lang='lat' dir='ltr'>promis-</span> 
     </span>
     <span class='ocr_line' id='line_1_36' title="bbox 171 3756 2207 3870; baseline 0.004 -35"><span class='ocrx_word' id='word_1_421' title='bbox 171 3762 291 3835; x_wconf 88' lang='lat' dir='ltr'>tudini</span> <span class='ocrx_word' id='word_1_422' title='bbox 313 3761 495 3833; x_wconf 87' lang='lat' dir='ltr'>obediant.</span> <span class='ocrx_word' id='word_1_423' title='bbox 545 3756 644 3828; x_wconf 80' lang='lat' dir='ltr'>llaec</span> <span class='ocrx_word' id='word_1_424' title='bbox 667 3783 747 3829; x_wconf 91' lang='lat' dir='ltr'>cum</span> <span class='ocrx_word' id='word_1_425' title='bbox 771 3759 818 3830; x_wconf 92' lang='lat' dir='ltr'>ita</span> <span class='ocrx_word' id='word_1_426' title='bbox 843 3760 933 3845; x_wconf 89' lang='lat' dir='ltr'>sint,</span> <span class='ocrx_word' id='word_1_427' title='bbox 956 3774 1036 3853; x_wconf 90' lang='lat' dir='ltr'>peto</span> <span class='ocrx_word' id='word_1_428' title='bbox 1058 3788 1078 3832; x_wconf 87' lang='lat' dir='ltr'>a</span> <span class='ocrx_word' id='word_1_429' title='bbox 1100 3789 1163 3833; x_wconf 88' lang='lat' dir='ltr'>vo-</span> <span class='ocrx_word' id='word_1_430' title='bbox 1214 3769 1330 3841; x_wconf 88' lang='lat' dir='ltr'>sione:</span> <span class='ocrx_word' id='word_1_431' title='bbox 1369 3766 1561 3843; x_wconf 81' lang='lat' dir='ltr'>Dominus</span> <span class='ocrx_word' id='word_1_432' title='bbox 1582 3764 1740 3841; x_wconf 81' lang='lat' dir='ltr'>obstulit</span> <span class='ocrx_word' id='word_1_433' title='bbox 1762 3758 1959 3870; x_wconf 79' lang='lat' dir='ltr'>peccalum.</span> <span class='ocrx_word' id='word_1_434' title='bbox 2025 3772 2207 3846; x_wconf 87' lang='lat' dir='ltr'>lerobeam</span> 
     </span>
     <span class='ocr_line' id='line_1_37' title="bbox 171 3858 2208 3969; baseline 0.006 -36"><span class='ocrx_word' id='word_1_435' title='bbox 171 3865 244 3948; x_wconf 88' lang='lat' dir='ltr'>bis,</span> <span class='ocrx_word' id='word_1_436' title='bbox 272 3877 310 3933; x_wconf 92' lang='lat' dir='ltr'>ut</span> <span class='ocrx_word' id='word_1_437' title='bbox 332 3858 424 3930; x_wconf 88' lang='lat' dir='ltr'>hanc</span> <span class='ocrx_word' id='word_1_438' title='bbox 448 3883 561 3929; x_wconf 91' lang='lat' dir='ltr'>meam</span> <span class='ocrx_word' id='word_1_439' title='bbox 582 3859 779 3930; x_wconf 89' lang='lat' dir='ltr'>orationem</span> <span class='ocrx_word' id='word_1_440' title='bbox 804 3861 979 3954; x_wconf 83' lang='lat' dir='ltr'>patienter</span> <span class='ocrx_word' id='word_1_441' title='bbox 999 3862 1162 3936; x_wconf 86' lang='lat' dir='ltr'>audiatis.</span> <span class='ocrx_word' id='word_1_442' title='bbox 1214 3896 1290 3941; x_wconf 90' lang='lat' dir='ltr'>uon</span> <span class='ocrx_word' id='word_1_443' title='bbox 1311 3876 1440 3945; x_wconf 85' lang='lat' dir='ltr'>statuat</span> <span class='ocrx_word' id='word_1_444' title='bbox 1462 3895 1498 3944; x_wconf 89' lang='lat' dir='ltr'>te</span> <span class='ocrx_word' id='word_1_445' title='bbox 1512 3862 1590 3944; x_wconf 87' lang='lat' dir='ltr'>Deo</span> <span class='ocrx_word' id='word_1_446' title='bbox 1616 3873 1752 3965; x_wconf 88' lang='lat' dir='ltr'>placere</span> <span class='ocrx_word' id='word_1_447' title='bbox 1777 3887 1963 3967; x_wconf 89' lang='lat' dir='ltr'>propterea</span> <span class='ocrx_word' id='word_1_448' title='bbox 1986 3870 2070 3969; x_wconf 81' lang='lat' dir='ltr'>q&#39;uia</span> <span class='ocrx_word' id='word_1_449' title='bbox 2085 3876 2131 3946; x_wconf 91' lang='lat' dir='ltr'>ad</span> <span class='ocrx_word' id='word_1_450' title='bbox 2149 3880 2208 3949; x_wconf 84' lang='lat' dir='ltr'>se-</span> 
     </span>
    </p>
   </div>
   <div class='ocr_carea' id='block_1_10' title="bbox 175 2065 388 2076">
    <p class='ocr_par' dir='ltr' id='par_1_11' title="bbox 175 2065 388 2076">
     <span class='ocr_line' id='line_1_38' title="bbox 175 2065 388 2076; baseline -0.005 0"><span class='ocrx_word' id='word_1_451' title='bbox 175 2067 210 2076; x_wconf 63' lang='grc' dir='ltr'>ο..</span> <span class='ocrx_word' id='word_1_452' title='bbox 217 2066 308 2075; x_wconf 75' lang='lat'><em>------</em></span> <span class='ocrx_word' id='word_1_453' title='bbox 314 2065 388 2075; x_wconf 65' lang='grc' dir='ltr'><strong>..ω-ιο</strong></span> 
     </span>
    </p>
   </div>
   <div class='ocr_carea' id='block_1_11' title="bbox 172 3958 2329 4068">
    <p class='ocr_par' dir='ltr' id='par_1_12' title="bbox 172 3958 2329 4068">
     <span class='ocr_line' id='line_1_39' title="bbox 172 3958 2329 4068; baseline 0.007 -34"><span class='ocrx_word' id='word_1_454' title='bbox 172 3965 215 4034; x_wconf 93' lang='lat' dir='ltr'>ln</span> <span class='ocrx_word' id='word_1_455' title='bbox 239 3988 308 4059; x_wconf 91' lang='lat' dir='ltr'>qua</span> <span class='ocrx_word' id='word_1_456' title='bbox 329 3958 397 4033; x_wconf 82' lang='lat' dir='ltr'>ltoc</span> <span class='ocrx_word' id='word_1_457' title='bbox 415 3984 555 4056; x_wconf 88' lang='lat' dir='ltr'>quoque</span> <span class='ocrx_word' id='word_1_458' title='bbox 574 3962 776 4054; x_wconf 86' lang='lat' dir='ltr'>praestabo,</span> <span class='ocrx_word' id='word_1_459' title='bbox 803 3962 1164 4054; x_wconf 83' lang='lat' dir='ltr'>neprolixitasvobis</span> <span class='ocrx_word' id='word_1_460' title='bbox 1213 3994 1324 4064; x_wconf 84' lang='lat' dir='ltr'>guum</span> <span class='ocrx_word' id='word_1_461' title='bbox 1357 3986 1499 4047; x_wconf 80' lang='lat' dir='ltr'>evectus</span> <span class='ocrx_word' id='word_1_462' title='bbox 1531 3988 1608 4063; x_wconf 73' lang='lat' dir='ltr'>est,</span> <span class='ocrx_word' id='word_1_463' title='bbox 1641 3988 1677 4047; x_wconf 91' lang='lat' dir='ltr'>et</span> <span class='ocrx_word' id='word_1_464' title='bbox 1705 3976 1863 4066; x_wconf 89' lang='lat' dir='ltr'>potentia</span> <span class='ocrx_word' id='word_1_465' title='bbox 1895 3976 2065 4068; x_wconf 84' lang='lat' dir='ltr'>etgloria</span> <span class='ocrx_word' id='word_1_466' title='bbox 2091 3977 2206 4049; x_wconf 86' lang='lat' dir='ltr'>lloret.</span> <span class='ocrx_word' id='word_1_467' title='bbox 2242 3976 2249 3985; x_wconf 84' lang='grc'>’</span> <span class='ocrx_word' id='word_1_468' title='bbox 2322 4025 2329 4035; x_wconf 92' lang='lat'><strong>·</strong></span> 
     </span>
    </p>
   </div>
   <div class='ocr_carea' id='block_1_12' title="bbox 171 4060 2209 5070">
    <p class='ocr_par' dir='ltr' id='par_1_13' title="bbox 171 4060 2209 5070">
     <span class='ocr_line' id='line_1_40' title="bbox 171 4060 2208 4170; baseline 0.007 -34"><span class='ocrx_word' id='word_1_469' title='bbox 171 4067 315 4136; x_wconf 87' lang='lat' dir='ltr'>molesta</span> <span class='ocrx_word' id='word_1_470' title='bbox 331 4066 388 4138; x_wconf 89' lang='lat' dir='ltr'>sit.</span> <span class='ocrx_word' id='word_1_471' title='bbox 442 4060 489 4135; x_wconf 90' lang='lat' dir='ltr'>Ut</span> <span class='ocrx_word' id='word_1_472' title='bbox 502 4073 619 4134; x_wconf 88' lang='lat' dir='ltr'>autem</span> <span class='ocrx_word' id='word_1_473' title='bbox 636 4063 804 4134; x_wconf 91' lang='lat' dir='ltr'>usitatum</span> <span class='ocrx_word' id='word_1_474' title='bbox 822 4077 893 4145; x_wconf 89' lang='lat' dir='ltr'>est,</span> <span class='ocrx_word' id='word_1_475' title='bbox 917 4069 1161 4161; x_wconf 80' lang='lat' dir='ltr'>quaestionem</span> <span class='ocrx_word' id='word_1_476' title='bbox 1214 4075 1286 4148; x_wconf 87' lang='lat' dir='ltr'>Sed</span> <span class='ocrx_word' id='word_1_477' title='bbox 1314 4098 1395 4147; x_wconf 90' lang='lat' dir='ltr'>cnm</span> <span class='ocrx_word' id='word_1_478' title='bbox 1419 4077 1534 4170; x_wconf 89' lang='lat' dir='ltr'>prosit</span> <span class='ocrx_word' id='word_1_479' title='bbox 1557 4100 1632 4148; x_wconf 91' lang='lat' dir='ltr'>non</span> <span class='ocrx_word' id='word_1_480' title='bbox 1658 4077 1774 4149; x_wconf 88' lang='lat' dir='ltr'>solum</span> <span class='ocrx_word' id='word_1_481' title='bbox 1798 4079 1843 4147; x_wconf 90' lang='lat' dir='ltr'>ad</span> <span class='ocrx_word' id='word_1_482' title='bbox 1869 4079 2089 4159; x_wconf 74' lang='lat' dir='ltr'>et&#39;udleodos¹</span> <span class='ocrx_word' id='word_1_483' title='bbox 2107 4079 2208 4165; x_wconf 54' lang='lat' dir='ltr'>alioe</span> 
     </span>
     <span class='ocr_line' id='line_1_41' title="bbox 171 4164 2209 4274; baseline 0.007 -36"><span class='ocrx_word' id='word_1_484' title='bbox 171 4165 230 4239; x_wconf 89' lang='lat' dir='ltr'>bie</span> <span class='ocrx_word' id='word_1_485' title='bbox 259 4188 477 4259; x_wconf 85' lang='lat' dir='ltr'>proponere,</span> <span class='ocrx_word' id='word_1_486' title='bbox 510 4166 610 4235; x_wconf 89' lang='lat' dir='ltr'>cuius</span> <span class='ocrx_word' id='word_1_487' title='bbox 637 4164 823 4257; x_wconf 84' lang='lat' dir='ltr'>explicatio</span> <span class='ocrx_word' id='word_1_488' title='bbox 852 4169 1163 4241; x_wconf 76' lang='lat' dir='ltr'>commonefactio-</span> <span class='ocrx_word' id='word_1_489' title='bbox 1213 4178 1274 4247; x_wconf 91' lang='lat' dir='ltr'>sed</span> <span class='ocrx_word' id='word_1_490' title='bbox 1288 4177 1395 4248; x_wconf 63' lang='lat' dir='ltr'>uum</span> <span class='ocrx_word' id='word_1_491' title='bbox 1412 4180 1457 4250; x_wconf 89' lang='lat' dir='ltr'>ad</span> <span class='ocrx_word' id='word_1_492' title='bbox 1473 4178 1651 4272; x_wconf 88' lang='lat' dir='ltr'>nosipsos</span> <span class='ocrx_word' id='word_1_493' title='bbox 1669 4178 1933 4250; x_wconf 74' lang='lat' dir='ltr'>confirmandos</span> <span class='ocrx_word' id='word_1_494' title='bbox 1950 4181 2135 4274; x_wconf 87' lang='lat' dir='ltr'>perspicue</span> <span class='ocrx_word' id='word_1_495' title='bbox 2149 4198 2209 4251; x_wconf 61' lang='lat' dir='ltr'>res</span> 
     </span>
     <span class='ocr_line' id='line_1_42' title="bbox 171 4262 2207 4376; baseline 0.007 -37"><span class='ocrx_word' id='word_1_496' title='bbox 171 4294 253 4339; x_wconf 91' lang='lat' dir='ltr'>nem</span> <span class='ocrx_word' id='word_1_497' title='bbox 278 4269 401 4341; x_wconf 85' lang='lat' dir='ltr'>utilem</span> <span class='ocrx_word' id='word_1_498' title='bbox 428 4266 604 4347; x_wconf 89' lang='lat' dir='ltr'>eontinet,</span> <span class='ocrx_word' id='word_1_499' title='bbox 635 4266 774 4337; x_wconf 86' lang='lat' dir='ltr'>decrevi</span> <span class='ocrx_word' id='word_1_500' title='bbox 797 4262 930 4339; x_wconf 82' lang='lat' dir='ltr'>deltae</span> <span class='ocrx_word' id='word_1_501' title='bbox 954 4270 1162 4364; x_wconf 85' lang='lat' dir='ltr'>quaestione</span> <span class='ocrx_word' id='word_1_502' title='bbox 1212 4278 1320 4349; x_wconf 79' lang='lat' dir='ltr'>lutari</span> <span class='ocrx_word' id='word_1_503' title='bbox 1331 4292 1559 4370; x_wconf 81' lang='lat' dir='ltr'>argumenta,</span> <span class='ocrx_word' id='word_1_504' title='bbox 1584 4303 1675 4376; x_wconf 86' lang='lat' dir='ltr'>quae</span> <span class='ocrx_word' id='word_1_505' title='bbox 1688 4279 1816 4351; x_wconf 91' lang='lat' dir='ltr'>iubent</span> <span class='ocrx_word' id='word_1_506' title='bbox 1828 4280 2012 4366; x_wconf 80' lang='lat' dir='ltr'>dubitare,</span> <span class='ocrx_word' id='word_1_507' title='bbox 2037 4294 2140 4374; x_wconf 88' lang='lat' dir='ltr'>peto,</span> <span class='ocrx_word' id='word_1_508' title='bbox 2166 4288 2207 4354; x_wconf 91' lang='lat' dir='ltr'>ul</span> 
     </span>
     <span class='ocr_line' id='line_1_43' title="bbox 173 4366 2206 4475; baseline 0.006 -34"><span class='ocrx_word' id='word_1_509' title='bbox 173 4371 354 4441; x_wconf 87' lang='lat' dir='ltr'>disserere.</span> <span class='ocrx_word' id='word_1_510' title='bbox 413 4366 516 4458; x_wconf 83' lang='lat' dir='ltr'>Quae</span> <span class='ocrx_word' id='word_1_511' title='bbox 543 4368 592 4440; x_wconf 92' lang='lat' dir='ltr'>sit</span> <span class='ocrx_word' id='word_1_512' title='bbox 620 4369 792 4438; x_wconf 88' lang='lat' dir='ltr'>sententia</span> <span class='ocrx_word' id='word_1_513' title='bbox 825 4370 912 4441; x_wconf 89' lang='lat' dir='ltr'>dicti</span> <span class='ocrx_word' id='word_1_514' title='bbox 941 4370 1161 4443; x_wconf 86' lang='lat' dir='ltr'>Salomonis:</span> <span class='ocrx_word' id='word_1_515' title='bbox 1212 4377 1445 4452; x_wconf 87' lang='lat' dir='ltr'>Reverendus</span> <span class='ocrx_word' id='word_1_516' title='bbox 1469 4380 1529 4451; x_wconf 81' lang='lat' dir='ltr'>vir</span> <span class='ocrx_word' id='word_1_517' title='bbox 1549 4394 1584 4453; x_wconf 90' lang='lat' dir='ltr'>et</span> <span class='ocrx_word' id='word_1_518' title='bbox 1599 4377 1735 4454; x_wconf 85' lang='lat' dir='ltr'>Doctor</span> <span class='ocrx_word' id='word_1_519' title='bbox 1749 4374 1950 4453; x_wconf 79' lang='lat' dir='ltr'>Forslerus</span> <span class='ocrx_word' id='word_1_520' title='bbox 1971 4385 2022 4452; x_wconf 87' lang='lat' dir='ltr'>de·</span> <span class='ocrx_word' id='word_1_521' title='bbox 2039 4379 2108 4453; x_wconf 85' lang='lat' dir='ltr'>hac</span> <span class='ocrx_word' id='word_1_522' title='bbox 2130 4383 2206 4475; x_wconf 89' lang='lat' dir='ltr'>ipsa</span> 
     </span>
     <span class='ocr_line' id='line_1_44' title="bbox 173 4464 2206 4576; baseline 0.005 -31"><span class='ocrx_word' id='word_1_523' title='bbox 173 4467 299 4545; x_wconf 79' lang='lat' dir='ltr'>Nescit</span> <span class='ocrx_word' id='word_1_524' title='bbox 326 4464 438 4538; x_wconf 78' lang='lat' dir='ltr'>homo</span> <span class='ocrx_word' id='word_1_525' title='bbox 463 4493 625 4541; x_wconf 78' lang='lat' dir='ltr'>umorem</span> <span class='ocrx_word' id='word_1_526' title='bbox 647 4477 680 4538; x_wconf 87' lang='lat' dir='ltr'>el</span> <span class='ocrx_word' id='word_1_527' title='bbox 702 4464 828 4541; x_wconf 79' lang='lat' dir='ltr'>odium</span> <span class='ocrx_word' id='word_1_528' title='bbox 849 4470 1014 4542; x_wconf 82' lang='lat' dir='ltr'>omnium</span> <span class='ocrx_word' id='word_1_529' title='bbox 1037 4488 1162 4544; x_wconf 81' lang='lat' dir='ltr'>coram</span> <span class='ocrx_word' id='word_1_530' title='bbox 1211 4484 1419 4573; x_wconf 87' lang='lat' dir='ltr'>quaestione</span> <span class='ocrx_word' id='word_1_531' title='bbox 1434 4482 1613 4576; x_wconf 87' lang='lat' dir='ltr'>copiosius</span> <span class='ocrx_word' id='word_1_532' title='bbox 1629 4506 1687 4555; x_wconf 86' lang='lat' dir='ltr'>sne</span> <span class='ocrx_word' id='word_1_533' title='bbox 1702 4496 1738 4555; x_wconf 93' lang='lat' dir='ltr'>et</span> <span class='ocrx_word' id='word_1_534' title='bbox 1753 4494 1909 4556; x_wconf 86' lang='lat' dir='ltr'>caeteros</span> <span class='ocrx_word' id='word_1_535' title='bbox 1924 4485 2107 4557; x_wconf 85' lang='lat' dir='ltr'>auditores</span> <span class='ocrx_word' id='word_1_536' title='bbox 2123 4500 2206 4555; x_wconf 74' lang='lat' dir='ltr'>eru-⁵</span> 
     </span>
     <span class='ocr_line' id='line_1_45' title="bbox 174 4568 1297 4668; baseline 0.011 -26"><span class='ocrx_word' id='word_1_537' title='bbox 174 4574 266 4668; x_wconf 79' lang='lat' dir='ltr'>ipso.</span> <span class='ocrx_word' id='word_1_538' title='bbox 315 4568 364 4643; x_wconf 79' lang='lat' dir='ltr'>Et</span> <span class='ocrx_word' id='word_1_539' title='bbox 380 4595 425 4639; x_wconf 92' lang='lat' dir='ltr'>an</span> <span class='ocrx_word' id='word_1_540' title='bbox 443 4569 611 4666; x_wconf 88' lang='lat' dir='ltr'>Synodus</span> <span class='ocrx_word' id='word_1_541' title='bbox 619 4571 832 4643; x_wconf 80' lang='lat' dir='ltr'>Tridentino</span> <span class='ocrx_word' id='word_1_542' title='bbox 848 4588 942 4647; x_wconf 88' lang='lat' dir='ltr'>recte</span> <span class='ocrx_word' id='word_1_543' title='bbox 955 4575 1161 4659; x_wconf 89' lang='lat' dir='ltr'>decreverit,</span> <span class='ocrx_word' id='word_1_544' title='bbox 1211 4582 1297 4654; x_wconf 83' lang='lat' dir='ltr'>dise</span> 
     </span>
     <span class='ocr_line' id='line_1_46' title="bbox 174 4675 1164 4770; baseline 0.006 -27"><span class='ocrx_word' id='word_1_545' title='bbox 174 4697 311 4765; x_wconf 79' lang='lat' dir='ltr'>semper</span> <span class='ocrx_word' id='word_1_546' title='bbox 339 4675 556 4742; x_wconf 88' lang='lat' dir='ltr'>manendum</span> <span class='ocrx_word' id='word_1_547' title='bbox 581 4677 715 4744; x_wconf 88' lang='lat' dir='ltr'>esseio</span> <span class='ocrx_word' id='word_1_548' title='bbox 739 4676 979 4763; x_wconf 88' lang='lat' dir='ltr'>dubitatione,</span> <span class='ocrx_word' id='word_1_549' title='bbox 1011 4700 1058 4747; x_wconf 88' lang='lat' dir='ltr'>an</span> <span class='ocrx_word' id='word_1_550' title='bbox 1082 4680 1164 4770; x_wconf 85' lang='lat' dir='ltr'>pla·-</span> 
     </span>
     <span class='ocr_line' id='line_1_47' title="bbox 174 4770 1158 4867; baseline 0.005 -23"><span class='ocrx_word' id='word_1_551' title='bbox 174 4799 312 4844; x_wconf 88' lang='lat' dir='ltr'>ceamus</span> <span class='ocrx_word' id='word_1_552' title='bbox 327 4770 417 4845; x_wconf 84' lang='lat' dir='ltr'>Deo.</span> <span class='ocrx_word' id='word_1_553' title='bbox 468 4770 601 4843; x_wconf 86' lang='lat' dir='ltr'>Notum</span> <span class='ocrx_word' id='word_1_554' title='bbox 618 4787 671 4844; x_wconf 90' lang='lat' dir='ltr'>est</span> <span class='ocrx_word' id='word_1_555' title='bbox 685 4799 840 4867; x_wconf 85' lang='lat' dir='ltr'>sparsam</span> <span class='ocrx_word' id='word_1_556' title='bbox 857 4801 931 4849; x_wconf 90' lang='lat' dir='ltr'>esse</span> <span class='ocrx_word' id='word_1_557' title='bbox 947 4794 1030 4850; x_wconf 90' lang='lat' dir='ltr'>ante</span> <span class='ocrx_word' id='word_1_558' title='bbox 1047 4781 1158 4851; x_wconf 91' lang='lat' dir='ltr'>multa</span> 
     </span>
     <span class='ocr_line' id='line_1_48' title="bbox 171 4870 1162 4969; baseline 0.006 -23"><span class='ocrx_word' id='word_1_559' title='bbox 171 4877 308 4946; x_wconf 88' lang='lat' dir='ltr'>saecula</span> <span class='ocrx_word' id='word_1_560' title='bbox 334 4875 371 4942; x_wconf 90' lang='lat' dir='ltr'>ia</span> <span class='ocrx_word' id='word_1_561' title='bbox 396 4870 590 4944; x_wconf 81' lang='lat' dir='ltr'>Ecclesiam</span> <span class='ocrx_word' id='word_1_562' title='bbox 614 4888 649 4944; x_wconf 85' lang='lat' dir='ltr'>et</span> <span class='ocrx_word' id='word_1_563' title='bbox 665 4892 780 4948; x_wconf 85' lang='lat' dir='ltr'>extare</span> <span class='ocrx_word' id='word_1_564' title='bbox 802 4879 1004 4969; x_wconf 88' lang='lat' dir='ltr'>inscriptis</span> <span class='ocrx_word' id='word_1_565' title='bbox 1026 4882 1162 4959; x_wconf 78' lang='lat' dir='ltr'>multo·-</span> 
     </span>
     <span class='ocr_line' id='line_1_49' title="bbox 172 4973 1160 5070; baseline 0.002 -23"><span class='ocrx_word' id='word_1_566' title='bbox 172 5003 252 5048; x_wconf 92' lang='lat' dir='ltr'>rum</span> <span class='ocrx_word' id='word_1_567' title='bbox 267 4973 358 5046; x_wconf 87' lang='lat' dir='ltr'>hanc</span> <span class='ocrx_word' id='word_1_568' title='bbox 377 4975 610 5065; x_wconf 88' lang='lat' dir='ltr'>perniciosam</span> <span class='ocrx_word' id='word_1_569' title='bbox 625 4975 849 5066; x_wconf 89' lang='lat' dir='ltr'>opinionem,</span> <span class='ocrx_word' id='word_1_570' title='bbox 873 5002 962 5070; x_wconf 88' lang='lat' dir='ltr'>quae</span> <span class='ocrx_word' id='word_1_571' title='bbox 978 4981 1078 5050; x_wconf 92' lang='lat' dir='ltr'>iubet</span> <span class='ocrx_word' id='word_1_572' title='bbox 1093 4976 1160 5049; x_wconf 87' lang='lat' dir='ltr'>ho·</span> 
     </span>
    </p>
   </div>
   <div class='ocr_carea' id='block_1_13' title="bbox 173 5053 2203 5194">
    <p class='ocr_par' dir='ltr' id='par_1_14' title="bbox 173 5053 2203 5194">
     <span class='ocr_line' id='line_1_50' title="bbox 173 5053 2203 5194; baseline -0.002 -46"><span class='ocrx_word' id='word_1_573' title='bbox 173 5081 285 5149; x_wconf 79' lang='lat' dir='ltr'>enines</span> <span class='ocrx_word' id='word_1_574' title='bbox 310 5102 452 5147; x_wconf 86' lang='lat' dir='ltr'>manere</span> <span class='ocrx_word' id='word_1_575' title='bbox 475 5076 513 5145; x_wconf 93' lang='lat' dir='ltr'>in</span> <span class='ocrx_word' id='word_1_576' title='bbox 535 5076 776 5157; x_wconf 87' lang='lat' dir='ltr'>dubitatione,</span> <span class='ocrx_word' id='word_1_577' title='bbox 811 5104 858 5148; x_wconf 91' lang='lat' dir='ltr'>an</span> <span class='ocrx_word' id='word_1_578' title='bbox 881 5079 960 5149; x_wconf 94' lang='lat' dir='ltr'>Deo</span> <span class='ocrx_word' id='word_1_579' title='bbox 983 5060 1165 5171; x_wconf 85' lang='lat' dir='ltr'>placeant:¹</span> <span class='ocrx_word' id='word_1_580' title='bbox 1218 5053 1390 5181; x_wconf 55' lang='lat' dir='ltr'>Q</span> <span class='ocrx_word' id='word_1_581' title='bbox 1957 5062 2203 5194; x_wconf 58' lang='lat' dir='ltr'>²Q</span> 
     </span>
    </p>
   </div>
   <div class='ocr_carea' id='block_1_14' title="bbox 1943 4876 2208 4901">
    <p class='ocr_par' dir='ltr' id='par_1_15' title="bbox 1943 4876 2208 4901">
     <span class='ocr_line' id='line_1_51' title="bbox 1943 4876 2208 4901; baseline 0.004 -8"><span class='ocrx_word' id='word_1_582' title='bbox 1943 4876 2208 4901; x_wconf 47' lang='grc' dir='ltr'>ῄ--η</span> 
     </span>
    </p>
   </div>
   <div class='ocr_carea' id='block_1_15' title="bbox 171 5177 1159 5275">
    <p class='ocr_par' dir='ltr' id='par_1_16' title="bbox 171 5177 1159 5275">
     <span class='ocr_line' id='line_1_52' title="bbox 171 5177 1159 5275; baseline 0 -25"><span class='ocrx_word' id='word_1_583' title='bbox 171 5182 255 5275; x_wconf 78' lang='lat' dir='ltr'>qtaia</span> <span class='ocrx_word' id='word_1_584' title='bbox 271 5177 447 5250; x_wconf 82' lang='lat' dir='ltr'>humanae</span> <span class='ocrx_word' id='word_1_585' title='bbox 463 5177 593 5248; x_wconf 90' lang='lat' dir='ltr'>rationi</span> <span class='ocrx_word' id='word_1_586' title='bbox 608 5177 750 5249; x_wconf 88' lang='lat' dir='ltr'>videtur</span> <span class='ocrx_word' id='word_1_587' title='bbox 764 5179 965 5268; x_wconf 81' lang='lat' dir='ltr'>arrogantia</span> <span class='ocrx_word' id='word_1_588' title='bbox 975 5203 1060 5266; x_wconf 92' lang='lat' dir='ltr'>esse,</span> <span class='ocrx_word' id='word_1_589' title='bbox 1084 5205 1159 5250; x_wconf 91' lang='lat' dir='ltr'>rem</span> 
     </span>
    </p>
   </div>
   <div class='ocr_carea' id='block_1_16' title="bbox 171 5272 2210 5496">
    <p class='ocr_par' dir='ltr' id='par_1_17' title="bbox 171 5272 2210 5496">
     <span class='ocr_line' id='line_1_53' title="bbox 171 5272 2200 5405; baseline -0.004 -47"><span class='ocrx_word' id='word_1_590' title='bbox 171 5298 305 5358; x_wconf 74' lang='lat' dir='ltr'>lanum</span> <span class='ocrx_word' id='word_1_591' title='bbox 331 5281 536 5365; x_wconf 83' lang='lat' dir='ltr'>adfirmare,</span> <span class='ocrx_word' id='word_1_592' title='bbox 569 5280 665 5374; x_wconf 90' lang='lat' dir='ltr'>quod</span> <span class='ocrx_word' id='word_1_593' title='bbox 689 5276 765 5349; x_wconf 87' lang='lat' dir='ltr'>Deo</span> <span class='ocrx_word' id='word_1_594' title='bbox 790 5280 1006 5371; x_wconf 87' lang='lat' dir='ltr'>placeamus,</span> <span class='ocrx_word' id='word_1_595' title='bbox 1038 5296 1073 5352; x_wconf 92' lang='lat' dir='ltr'>et</span> <span class='ocrx_word' id='word_1_596' title='bbox 1101 5307 1160 5352; x_wconf 90' lang='lat' dir='ltr'>ar·</span> <span class='ocrx_word' id='word_1_597' title='bbox 1281 5272 1685 5405; x_wconf 57' lang='lat' dir='ltr'>¹⁸⁰¹·“}{⁰⁰·l¹⁰⁹⁵·‘3sl</span> <span class='ocrx_word' id='word_1_598' title='bbox 1713 5279 2200 5351; x_wconf 56' lang='lat' dir='ltr'>Miectssll·l¹⁶¹·1’·¹¹·tv¹9⁷·</span> 
     </span>
     <span class='ocr_line' id='line_1_54' title="bbox 174 5345 2210 5496; baseline -0.005 -43"><span class='ocrx_word' id='word_1_599' title='bbox 174 5398 339 5475; x_wconf 76' lang='lat' dir='ltr'>gumenta</span> <span class='ocrx_word' id='word_1_600' title='bbox 362 5407 435 5453; x_wconf 89' lang='lat' dir='ltr'>noo</span> <span class='ocrx_word' id='word_1_601' title='bbox 460 5381 552 5452; x_wconf 88' lang='lat' dir='ltr'>levia</span> <span class='ocrx_word' id='word_1_602' title='bbox 577 5383 722 5452; x_wconf 88' lang='lat' dir='ltr'>turbant</span> <span class='ocrx_word' id='word_1_603' title='bbox 745 5377 919 5452; x_wconf 83' lang='lat' dir='ltr'>homines.</span> <span class='ocrx_word' id='word_1_604' title='bbox 982 5379 1159 5456; x_wconf 84' lang='lat' dir='ltr'>iudicium</span> <span class='ocrx_word' id='word_1_605' title='bbox 1314 5345 1655 5484; x_wconf 49' lang='lat' dir='ltr'>lissssul‘,nffl:2ll⁰n</span> <span class='ocrx_word' id='word_1_606' title='bbox 1665 5350 1912 5481; x_wconf 45' lang='lat' dir='ltr'>{legemem</span> <span class='ocrx_word' id='word_1_607' title='bbox 1926 5350 2210 5496; x_wconf 48' lang='lat' dir='ltr'>iiitffifflffli</span> 
     </span>
    </p>
   </div>
   <div class='ocr_carea' id='block_1_17' title="bbox 1488 5484 1572 5563">
    <p class='ocr_par' dir='ltr' id='par_1_18' title="bbox 1488 5484 1572 5563">
     <span class='ocr_line' id='line_1_55' title="bbox 1488 5484 1572 5563; baseline 0 0"><span class='ocrx_word' id='word_1_608' title='bbox 1488 5484 1572 5563; x_wconf 74' lang='lat'>52⁶</span> 
     </span>
    </p>
   </div>
   <div class='ocr_carea' id='block_1_18' title="bbox 0 0 2378 6020">
    <p class='ocr_par' dir='ltr' id='par_1_19' title="bbox 0 0 2378 6020">
     <span class='ocr_line' id='line_1_56' title="bbox 0 0 2378 6020; baseline 0 0"><span class='ocrx_word' id='word_1_609' title='bbox 0 0 2378 6020; x_wconf 95' lang='lat' dir='ltr'> </span> 
     </span>
    </p>
   </div>
  </div>
 </body>
</html>
