4748 6022
223 310 302 391 857

223 484 331 558 ειίιει
352 484 487 571 dicere,
513 505 620 578 quam
637 483 828 576 proponis,
854 483 1020 554 videlicet
1037 486 1082 553 de
1102 497 1209 555 natn-

222 590 272 663 ris
294 588 334 656 in
356 581 520 668 Christo,
553 600 588 658 et
610 590 655 657 de
676 586 751 664 eius
772 586 971 672 beneficiis,
1000 586 1208 676 praesertim

222 715 302 762 cum
318 689 506 758 audiamus
530 712 674 758 errones
690 690 862 781 quosdam
880 689 1105 759 circumferre
1123 687 1208 761 Ser-

222 793 353 863 veticas
377 791 564 882 reliquias,
593 804 713 860 contra
730 814 818 884 quas
839 790 1066 883 praemunire
1082 786 1208 859 Eccle-

221 894 312 979 sias,
338 894 574 962 necessarium
597 909 659 966 est.
710 886 873 962 Adfirmo
891 893 1019 981 igitur,
1045 893 1083 961 in
1098 886 1206 963 Chri-

165 1008 180 1031 '
222 1011 276 1068 sto
300 1009 386 1065 nato
411 1019 452 1063 ex
477 995 615 1085 virgine
637 996 724 1065 duas
747 1018 821 1064 esse
847 1008 1007 1079 naturas,
1031 986 1144 1093 λόγον
1171 1007 1206 1064 ει

219 1093 413 1169 humanam
439 1110 614 1166 naturam.
670 1092 719 1167 Et
741 1090 854 1194 λόγον
879 1098 984 1168 ἰιιίιίο
1011 1098 1056 1165 ad
1080 1093 1205 1166 Eccle-

220 1201 309 1270 siam
327 1200 472 1268 missum
490 1223 582 1284 esse,
604 1222 645 1268 ac
667 1201 711 1267 ad
727 1197 845 1269 Adam
865 1214 900 1270 et
913 1196 1053 1269 llevam
1079 1212 1204 1289 protu-

220 1302 303 1371 lisse
318 1301 587 1393 promissionem
603 1325 643 1370 ex
660 1302 742 1370 sinu
761 1302 896 1372 aeterni
913 1300 1034 1393 patris,
1060 1324 1100 1368 ac
1112 1295 1203 1393 ὑφι-

221 1396 409 1496 στάμενον
433 1425 528 1488 esse,
553 1418 588 1473 et
607 1426 746 1494 semper
766 1404 918 1474 adfuisse
938 1417 973 1474 ct
991 1403 1110 1472 adesse
1131 1397 1202 1471 Ec-

219 1506 363 1588 clesiae,
389 1518 425 1573 et
449 1504 652 1574 immediate
676 1529 740 1596 per
763 1529 843 1573 eum
869 1504 1071 1574 conservari
1093 1504 1203 1573 mini-

218 1607 363 1678 sterium
386 1602 592 1696 Evangelii,
625 1622 659 1679 et
684 1608 800 1698 ipsum
827 1631 910 1678 voce
926 1603 1113 1696 Evangelii
1133 1606 1201 1674 im-

219 1709 371 1779 mediate
388 1708 561 1778 efficacem
580 1732 672 1794 esse,
699 1724 732 1779 et
750 1711 917 1799 colligere
936 1722 1112 1778 aeternam
1130 1703 1201 1776 Ec-

219 1810 380 1889 clesiam,
407 1822 438 1879 et
464 1835 527 1900 per
552 1836 633 1880 eum
654 1813 700 1880 ab
721 1826 862 1881 aeterno
874 1810 980 1881 Patre
992 1810 1071 1880 dari
1087 1807 1202 1899 Spiri-

218 1925 296 1984 tum
319 1926 490 1981 sanctum.
553 1909 850 1984 Confirmationes
873 1914 1009 2006 aliquas
1030 1905 1114 2005 περὶ
1138 1903 1199 1981 λό-

218 2037 292 2113 γου
305 2029 398 2083 ιεειε
412 2015 691 2083 accommodatas
709 2029 767 2086 tua
785 2015 899 2085 oratio
915 2015 1094 2097 recitavit,
1111 2037 1200 2106 quae

217 2140 356 2208 semper
369 2116 408 2183 iu
423 2127 611 2203 conspectu
630 2116 714 2185 siut.
766 2116 836 2187 Sed
852 2116 925 2207 ipsa
944 2114 1120 2186 invocatio
1135 2114 1200 2182 filii

217 2241 283 2310 per
299 2240 373 2285 sese
386 2228 436 2283 est
452 2215 596 2283 firmum
613 2228 647 2285 et
663 2217 801 2287 illustre
814 2218 1076 2302 testimonium,
1103 2217 1199 2310 qnod

218 2313 327 2414 λόγος
341 2317 387 2385 sit
395 2308 657 2410 ὑφιστάμενος,
671 2332 705 2388 ει
720 2320 956 2411 omnipotens.
985 2317 1099 2410 quue
1110 2343 1200 2411 quo-

215 2419 304 2489 tidie
337 2417 375 2485 in
405 2418 627 2487 invocatione
658 2422 884 2511 cogitandum
906 2436 968 2490 est.
1027 2415 1210 2510 Expresse'

217 2533 334 2591 autem
352 2515 551 2609 Prophetae
572 2533 605 2589 et
619 2516 784 2614 Apostoli
800 2525 843 2593 de
863 2523 1087 2593 invocatione
1103 2521 1200 2590 Mes-

217 2622 289 2693 siae
319 2622 596 2707 concionantur,
629 2636 669 2693 ut
692 2622 826 2695 Paulus
858 2624 897 2695 in
928 2624 1082 2719 secunda
1110 2618 1201 2714 Epi-

217 2724 306 2796 stola
332 2725 376 2792 ad
396 2720 728 2794 Thessalonicenses
752 2726 887 2820 inquit:
920 2725 997 2816 lpse
1022 2722 1201 2795 Dominus

218 2839 340 2897 noster
353 2824 449 2896 lesus
462 2819 627 2896 Christus
642 2841 676 2897 et
690 2824 808 2913 Deus,
823 2842 856 2898 et
871 2841 971 2919 pater
989 2841 1120 2912 noster,
1137 2826 1200 2919 qui

217 2928 341 2998 dilexit
355 2951 439 3007 nos,
466 2928 651 2999 confirmet
671 2932 921 3000 cordavestra.
971 2925 1021 2998 Et
1043 2927 1117 3018 ipse
1141 2928 1199 2996 in-

216 3031 310 3124 quit:
337 3027 469 3102 Venite
483 3031 528 3100 ad
546 3053 601 3098 me
616 3054 757 3112 omnes,
773 3030 835 3125 qui
850 3029 1040 3113 laboratis,
1062 3043 1097 3098 et
1113 3054 1201 3098 one-

216 3132 285 3202 rati
301 3133 410 3218 estis,
444 3145 479 3201 et
500 3154 564 3221 ego
591 3133 746 3203 reficiam
768 3157 842 3206 vos.
895 3131 1001 3202 ltem:
1038 3131 1115 3200 sine
1142 3154 1199 3199 me

215 3229 311 3304 nibil
329 3233 473 3324 potestis
488 3234 614 3309 facere.
650 3231 699 3305 Et
714 3234 874 3305 Psalmus
890 3234 1024 3328 inquit:
1050 3231 1099 3304 Et
1115 3258 1202 3303 con-

217 3336 373 3428 cupiscet
396 3334 476 3408 Rex
498 3337 660 3405 decorem
683 3353 802 3418 tuam,
829 3338 910 3432 quia
933 3337 1008 3428 ipse
1030 3349 1080 3405 est
1103 3333 1200 3405 Deus

216 3452 315 3519 tuus,
342 3453 375 3509 et
391 3439 557 3508 adorabis
572 3463 666 3510 eum.
718 3437 893 3530 Expresse
909 3437 1059 3508 Messias
1083 3432 1142 3506 bic
1167 3451 1201 3506 et

215 3541 425 3611 nominatur
448 3538 565 3621 Deus,
599 3556 633 3611 et
656 3542 875 3631 praecipitur
896 3540 1076 3622 adoratio,
1110 3539 1202 3609 sicut

215 3654 251 3712 et
277 3639 444 3711 leremias
467 3643 630 3713 nominat
655 3666 736 3711 eum
752 3639 889 3722 Deum,
916 3641 1099 3734 inquiens:
1152 3637 1202 3711 Et

214 3736 284 3813 hoc
306 3756 358 3815 est
381 3765 532 3827 nomen,
567 3767 637 3833 quo
660 3744 901 3815 nominabunt
930 3767 1030 3824 cum,
1058 3737 1216 3830 lehara„

213 3843 354 3915 iusticia
377 3858 513 3914 nostra.
565 3840 613 3913 Et
626 3839 749 3915 Esaias
773 3846 936 3916 nominat
958 3869 1039 3914 eum
1054 3840 1202 3913 Emma-

213 3946 310 4016 nuel.
363 3940 410 4014 Et
426 3947 470 4014 de
487 3945 712 4015 invocatione
726 3947 859 4041 inquit:
893 3945 937 4017 ln
960 3947 1020 4015 die
1045 3946 1106 4015 illa
1131 3961 1201 4016 sta·

213 4048 270 4119 bit
287 4048 387 4117 radix
406 4045 514 4131 lesse,
541 4061 576 4119 et
592 4061 714 4137 gentes
736 4051 781 4118 ad
806 4075 882 4120 eam
899 4047 1117 4138 confugient.
1155 4043 1203 4118 Et

213 4148 320 4222 Iacob
341 4174 422 4219 eum
448 4151 606 4220 invocat:
634 4147 829 4222 Benedicat
851 4147 949 4223 Deus
972 4150 1092 4240 pueris
1116 4150 1203 4235 istis,

213 4267 247 4324 et
269 4247 430 4343 Angelus
455 4252 519 4346 qui
544 4252 709 4324 liberavit
738 4278 794 4322 me
818 4278 858 4323 ex
884 4252 1052 4323 omnibus
1088 4252 1202 4321 malis.

212 4351 288 4427 Nec
305 4355 457 4426 dubium
475 4369 545 4439 est,
573 4346 686 4451 λόγον
700 4355 881 4426 nominari
896 4350 1095 4443 Angelum,
1118 4353 1201 4446 quia

213 4457 258 4526 ad
274 4451 469 4526 Ecclesiam
484 4458 529 4526 ab
545 4457 650 4529 initio
669 4458 798 4529 missus
820 4473 882 4531 est.
933 4455 1030 4527 Haec
1055 4455 1094 4523 in
1113 4479 1202 4547 quo-

212 4556 351 4627 tidiana
372 4557 597 4629 invocatione
617 4560 828 4649 cogitemus,
855 4574 890 4631 et
913 4557 1120 4630 confirmari
1141 4581 1201 4627 ve-

151 4705 165 4726 .
212 4681 291 4728 ram
315 4658 523 4729 sententiam
547 4660 586 4728 in
614 4663 719 4732 nobis
744 4677 916 4755 petamus.
969 4659 1091 4732 Audio
1113 4654 1201 4730 Ser-

190 4753 354 4844 vatum,
385 4784 466 4829 cum
497 4758 789 4851 ad'supplicium
822 4767 1031 4847 duceretur,
1063 4761 1197 4831 iussum

215 4886 289 4933 esse
312 4863 481 4931 invocare
506 4861 640 4945 filium,
674 4863 870 4936 Dominum
893 4877 1056 4933 nostrum
1084 4861 1199 4932 lesum

215 4958 415 5048 Christum,
447 4958 504 5033 his
529 4964 664 5033 verbis:
705 4960 829 5035 Ofilii
849 4963 918 5034 Dei
942 4962 1021 5032 lesu
1045 4957 1201 5045 Christe,

213 5066 381 5138 miserere
396 5065 486 5152 mei,
502 5067 562 5136 sed
581 5065 736 5135 noluisse
751 5089 830 5136 eum
847 5063 914 5136 hac
928 5062 1201 5152 compellatione

212 5169 279 5241 uti.
315 5168 430 5239 Tanta
448 5193 527 5237 cum
545 5168 652 5236 fuerit
669 5167 745 5254 eius
761 5166 953 5258 pertinacia
976 5166 1016 5233 in
1033 5159 1200 5252 blasphe-

212 5272 302 5357 mia,
328 5271 519 5360 cogitemus
532 5273 575 5339 de
593 5270 668 5339 eius
683 5283 797 5339 morte
812 5283 964 5338 veterem
980 5289 1138 5335 versum:

260 5382 304 5461 uic
323 5383 472 5452 ἀπόλοιτο
494 5386 545 5450 rol
567 5383 676 5464 ittae,
700 5381 786 5461 ὅστις
814 5387 946 5450 τοιαῦτα
970 5405 1002 5446 κε
1024 5378 1114 5463 ῥέζοι.

716 359 717 365 ι
815 303 1667 413 ouansmoansacannurcar.

2173 311 2248 390 858
2279 324 2296 390 ,“

1361 481 1473 574 Saepe
1491 481 1597 552 etiam
1616 480 1738 552 audivi
1761 503 1890 571 magno
1912 505 1993 552 cum
2009 483 2134 557 dolore
2145 507 2244 555 ‘con-

1259 598 1465 677 querentem
1478 580 1730 654 Reverendum
1750 584 1867 653 virum
1884 581 2074 656 Ductorem
2091 580 2242 656 Marti·

1258 711 1346 754 nam
1355 679 1591 770 Latiarum,
1617 688 1662 755 de
1684 687 1913 757 invocatione
1937 681 2126 760 hominnm
2143 713 2241 759 mor-

1257 801 1420 870 tuorum,
1455 812 1494 858 ac
1520 789 1715 874 dicentem,
1740 790 1769 858 si
1793 791 1894 861 nulla
1921 788 1990 860 alia
2013 815 2116 863 causa
2141 806 2241 875 esset,

1256 915 1320 961 cur
1342 892 1569 962 detestandus
1593 891 1638 960 sit
1662 891 1722 960 ille
1736 915 1832 977 mos,
1866 887 1934 963 boc
1955 894 2038 961 satis
2060 917 2134 963 esse
2157 918 2242 964 cau-

1254 1014 1330 1077 sae,
1356 996 1453 1087 quod
1480 993 1645 1064 obscuret
1669 993 1931 1066 invocationem
1945 989 2097 1080 Christi,
2119 1010 2154 1066 et
2171 991 2240 1065 hoc

1254 1094 1392 1166 illustre
1400 1094 1650 1166 ‘testimonium
1668 1096 1868 1167 divinitatis
1884 1091 2039 1181 Christi,
2065 1099 2160 1190 quod
2178 1121 2239 1166 su-

1254 1197 1366 1269 mitur
1382 1223 1423 1267 ex
1438 1198 1677 1271 invocatione.
1728 1196 1825 1268 Haec
1848 1200 1939 1269 scire
1960 1213 1994 1267 et
2017 1223 2119 1291 saepe
2141 1199 2240 1288 cogi-

1252 1313 1348 1385 tare,
1371 1300 1458 1370 utile
1483 1312 1545 1370 est.
1607 1298 1661 1369 Te
1680 1313 1798 1369 antem
1816 1301 1867 1370 fili
1889 1297 1957 1370 Dei
1981 1299 2134 1372 Domine
2160 1299 2239 1370 lesu

1251 1398 1393 1473 Christe
1412 1428 1496 1486 oro,
1524 1415 1565 1473 ut
1579 1425 1647 1472 nos
1662 1402 1848 1492 gubernes.
1899 1400 1996 1475 Diri.

1261 1798 1327 1869 No·
1343 1797 1406 1872 64.

1266 1897 1437 1925 m

1979 1804 2032 1868 27.
2048 1803 2125 1867 Mati
2143 1804 2237 1866 1556.
2312 1841 2313 1845 =

1864 1907 1867 1914 ¹
1982 1897 2231 1935 ‘v‘-

1319 2011 1350 2066 ln
1367 2011 1527 2080 Quaestion.
1547 2027 1575 2081 p.
1593 2013 1642 2065 144
1655 2031 1715 2083 sqq.
1753 2012 1856 2070 Consil.
1872 2011 1939 2067 Mel.
1952 2012 1989 2068 Τ.
2003 2009 2037 2066 ll.
2053 2030 2079 2132 p.
2092 2009 2154 2063 242.
2174 2007 2238 2061 etin

1350 2081 1451 2138 Select.
1463 2081 1590 2136 Declem.
1601 2079 1636 2135 Τ.
1655 2081 1701 2136 lV.
1714 2100 1742 2151 p.
1754 2079 1814 2134 842.
1851 2080 1979 2135 Richard.
1994 2082 2030 2134 T.
2045 2079 2054 2132 l
2072 2079 2092 2135 l.
2109 2098 2136 2151 p.
2152 2076 2213 2133 585.

1252 2244 1451 2328 Quaestio,
1477 2255 1528 2312 an
1551 2236 1658 2336 fitius
1682 2242 1759 2312 Dei
1785 2247 1894 2312 lesus
1921 2237 2091 2312 Christus
2116 2243 2237 2309 etiam

1250 2341 1485 2415 invocandus
1518 2347 1570 2412 sit
1601 2351 1786 2436 tanquam
1816 2342 2031 2429 Mediator,
2072 2343 2237 2411 recitata

1250 2446 1286 2517 d.
1310 2443 1370 2519 27.
1397 2448 1497 2516 Maii
1526 2442 1660 2535 1556,
1687 2468 1774 2517 cam
1799 2446 2067 2517 decerneretur
2089 2441 2238 2538 prades

1249 2551 1456 2620 Doctorum
1484 2545 1708 2645 Tbeolopiae
1733 2553 1786 2620 M.
1804 2549 1952 2621 Paulo
1981 2545 2034 2618 ab
2050 2550 2237 2633 Binan,

1301 2649 1601 2746 Hamburgensis
1627 2652 1818 2722 Ecclesiae
1839 2649 2185 2743 Saperintmdenti.

1249 2786 1411 2872 Non-est
1428 2822 1585 2885 necesse,
1611 2824 1668 2869 me
1685 2801 1865 2893 disputare
1886 2804 1930 2871 de
1944 2825 2065 2887 causa,
2091 2814 2239 2893 propter

1252 2926 1359 2997 quam
1375 2896 1525 2970 hirmos
1541 2902 1725 2974 institutus
1742 2918 1812 2985 est,
1839 2917 1877 2974 ut
1894 2904 1932 2973 in
1952 2898 2008 2972 his
2028 2897 2238 2974 honestissi-

1250 3005 1320 3074 mis
1345 3005 1591 3094 congressibus
1616 3004 1710 3076 inter
1733 3029 1834 3076 senes
1851 3009 1956 3077 detur
1972 3004 2069 3077 locus
2094 3004 2237 3074 dicendi

1251 3106 1335 3175 rudi
1359 3107 1637 3192 adolescentiae,
1676 3108 1758 3200 quia
1786 3123 1942 3180 nostram
1964 3120 2112 3177 aetatem
2138 3109 2237 3177 decet

1251 3207 1471 3294 obedientia,
1503 3233 1608 3300 quam
1634 3209 1685 3300 pii
1709 3224 1871 3301 parentes
1893 3224 1927 3280 et
1949 3204 2119 3281 honestae
2143 3210 2236 3300 leges

1251 3309 1422 3400 flagitant.
1474 3309 1545 3380 Sed
1559 3310 1716 3381 fortassis
1730 3313 1923 3382 voluerunt
1937 3336 2003 3382 nos
2016 3307 2179 3384 adhiberi
2197 3312 2235 3380 in

1250 3408 1308 3481 his
1322 3410 1550 3506 spectaculis,
1575 3425 1615 3481 ut
1637 3413 1749 3501 magis
1767 3415 2030 3483 consideremus
2055 3414 2236 3484 doctrina-

1251 3539 1332 3584 rum
1354 3513 1525 3597 nomina,
1557 3526 1593 3582 et
1617 3513 1812 3584 invitemur
1835 3517 1879 3584 ad
1903 3516 2122 3587 discendum.
2182 3512 2236 3584 Ac

1251 3617 1370 3684 minus
1392 3614 1522 3684 mirum
1547 3627 1616 3698 est,
1641 3611 1804 3685 adhiberi
1830 3638 1913 3701 nos,
1946 3640 2026 3685 cum
2051 3616 2236 3686 disseritur

1252 3720 1296 3787 de
1321 3716 1481 3788 doctrina
1501 3711 1706 3805 Evangelii,
1734 3719 1818 3812 quia
1834 3718 2033 3789 initia-eius
2052 3718 2236 3789 doctrinae

1252 3842 1318 3890 nos
1334 3843 1477 3912 quoque
1493 3843 1511 3886 a
1529 3820 1659 3889 teneris
1682 3822 1799 3891 statim
1815 3822 1949 3902 discere
1965 3822 2145 3893 debemus.
2187 3817 2236 3889 Et

1251 3919 1299 3992 Et
1315 3918 1484 3991 filiusDei
1503 3921 1634 4016 inquit:
1662 3922 1779 3994 Sinite
1792 3923 1960 4016 parvulos
1975 3924 2097 3993 venire
2109 3925 2152 3992 ad
2166 3945 2236 4002 me,

1251 4024 1336 4118 quia
1371 4024 1496 4094 talium
1532 4037 1583 4093 est
1616 4047 1764 4115 regnum
1799 4026 1991 4098 coelorum.
2043 4016 2236 4115 Praecipue
2318 4059 2321 4065 ·

1251 4150 1336 4195 vero
1352 4148 1490 4194 necesse
1506 4138 1575 4207 est,
1598 4127 1790 4215 rectissime
1808 4141 1927 4198 notam
1947 4149 2020 4197 esse
2035 4127 2236 4208 doctrinam

1251 4229 1295 4297 de
1311 4227 1555 4311 invocatione,
1583 4240 1617 4296 et
1634 4229 1786 4298 discerni
1803 4242 1960 4300 nostram
1973 4228 2235 4300 invocationem

1251 4331 1296 4399 ab
1311 4323 1478 4401 Etbnica.
1530 4327 1620 4401 Cum
1644 4343 1759 4401 autem
1778 4323 1965 4426 sophistae
1978 4333 2122 4425 qnidam
2150 4355 2238 4401 con·

1250 4433 1416 4515 tendant,
1441 4426 1624 4501 Christum
1641 4457 1736 4505 nunc
1752 4451 1832 4525 post
1846 4434 2066 4526 passionem,
2091 4458 2163 4504 non
2179 4434 2238 4502 in·
2270 4439 2272 4442 ’

1251 4534 1452 4604 vocandum
1476 4557 1570 4616 esse,
1604 4550 1644 4607 ut
1668 4537 1904 4607 Mediatorem
1933 4559 1995 4606 seu
2027 4535 2237 4606 intercesso-

1250 4660 1345 4721 rem,
1378 4636 1437 4705 sed
1459 4647 1599 4705 tantum
1624 4651 1663 4708 ut
1687 4637 1822 4723 Deum,
1860 4640 2019 4707 datorem
2048 4632 2238 4719 bonorum,

1251 4750 1286 4806 et
1310 4738 1440 4809 nolunt
1463 4738 1551 4807 dici:
1595 4736 1667 4810 Fili
1689 4738 1775 4826 Dei,
1802 4738 1957 4810 Domine
1984 4735 2063 4807 Iesu
2087 4732 2240 4817 Christe,

1249 4839 1428 4909 intercede
1443 4863 1509 4930 pro
1527 4844 1688 4932 meapud
1705 4856 1887 4913 aeternum
1905 4849 2059 4928 patrem,
2075 4861 2237 4929 propono
2304 4908 2307 4915 ,

1249 4941 1515 5032 quaestionem,
1543 4940 1695 5035 quidin
1722 4934 1789 5014 bac
1811 4939 2052 5011 controversia
2074 4940 2238 5011 indican-

1249 5042 1335 5112 dum
1354 5042 1411 5115 sit.

1350 5156 1612 5248 Argumentum
1639 5172 1691 5228 est
1712 5157 1928 5249 speciosum:
1967 5158 2177 5232 Mediator-is
2204 5176 2238 5233 et

1249 5263 1491 5332 intercessoris
1509 5261 1664 5334 officium
1681 5262 1835 5353 pertinet
1850 5265 1893 5332 ad
1913 5277 2051 5353 tempus
2067 5265 2240 5335 obedien·

1248 5366 1318 5436 tiae
1335 5359 1489 5443 Christi,
1523 5367 1699 5456 usquead
1724 5367 2033 5437 resurrectionem.
2087 5364 2126 5436 ld
2150 5380 2241 5437 tem·

1248 5492 1315 5561 pus
1330 5465 1526 5561 praeteriit.
1575 5465 1672 5557 Ergo
1688 5491 1786 5538 nunc
1811 5492 1925 5562 neque
1947 5467 2157 5541 intercessor
2179 5486 2240 5558 est,
