4748 6022
244 251 315 327 ue
602 196 1577 323 scarr'raanvrrauuroarruu
1608 204 1911 331 namura.
2095 202 2101 207 ’
2215 255 2351 334 tao·

246 424 484 498 crificulorum
503 423 540 491 in
559 419 718 514 Papatu,
748 419 808 488 sed
835 418 988 503 serium,
1014 418 1240 488 moderatum
1292 416 1418 501 luerit,
1443 417 1504 486 sed
1529 441 1566 487 ca
1594 421 1715 491 omnia
1739 447 1802 494 ceu
1827 423 2030 496 communia
2056 426 2099 496 ad
2115 429 2286 519 cuiusvis,

248 543 388 613 umen,
415 540 448 597 et
471 548 546 594 nou
562 523 787 612 adfligentem
803 519 1065 604 valetudinem,
1093 542 1175 588 cum
1191 516 1241 585 sic
1293 517 1399 586 etiarn
1418 519 1669 603 minimorum,
1692 546 1794 616 saepe
1810 525 1916 594 etiam
1931 526 2161 618 indignorum
2176 559 2286 604 usum

249 628 317 702 ait:
352 624 504 716 τέκνον,
538 620 597 696 ἐπὶ
616 625 740 718 νεκρῷ
760 613 951 719 κατάγαγε
975 613 1142 716 δάκρυα,
1178 611 1242 689 καὶ
1294 634 1492 709 comparata
1516 635 1550 689 et
1571 623 1726 713 exposita
1753 620 1935 713 habuerim
1977 653 2068 723 qnae
2091 631 2201 722 ipsius
2226 637 2288 705 in-

250 726 302 812 uis
322 724 426 804 decad
448 720 606 820 πάσχων
621 723 748 820 iaspis
764 721 940 819 θρήνων,
966 716 1097 816 καὶμὴ
1114 713 1241 813 sinapi-
1294 718 1479 790 imitabilis
1499 722 1699 812 benignitas
1722 727 1887 818 privatim
1903 729 2051 818 singulis
2073 735 2291 825 petentibus,

250 829 319 926 dqc
343 828 413 925 τὴν
443 825 570 924 ταφὴν
597 825 735 911 αὐτοῦ,
770 820 833 896 καὶ
860 819 1018 918 ποίησον
1037 818 1081 895 τὸ
1103 818 1244 898 πένθος
1294 821 1416 890 multis
1440 822 1545 892 etiam
1561 826 1677 910 ultro,
1703 828 1803 897 omni
1824 830 2024 900 officiorum
2042 857 2169 923 genere
2183 861 2285 928 prae.

251 928 349 1006 κατὰ
367 929 437 1028 τὴν
459 926 569 1014 ἀξίαν
593 926 712 1001 αὐτοῦ
719 980 733 1013 ,
765 922 830 997 καὶ
849 916 1110 1047 παρακλήθητι
1128 915 1243 1015 λύπης
1294 923 1393 1003 stlta,
1428 948 1510 992 cum
1533 925 1701 996 latissime
1727 944 1849 1018 vagata
1872 933 1937 1013 sit,
1971 957 2066 1003 mors
2091 937 2167 1007 eius
2192 934 2287 1009 hand

254 1033 374 1109 ἕνεκα.
425 1029 518 1106 Ἀπὸ
543 1024 657 1125 λύπης
680 1024 756 1127 γὰρ
775 1021 937 1121 ἐκβαίνει
960 1025 1147 1109 duamur,
1179 1016 1242 1095 καὶ
1296 1024 1404 1091 dssbie
1423 1026 1596 1113 plurimos
1613 1028 1662 1098 ita
1680 1032 1937 1117 commovebit,
1962 1047 2002 1103 nt
2024 1060 2107 1119 nos,
2133 1040 2194 1131 qui
2214 1055 2285 1110 tam

256 1129 353 1230 λύπη
367 1128 524 1230 xupdsdc
542 1126 683 1226 κάμψει
704 1121 832 1222 ἰσχύν,
859 1123 927 1198 hoc
942 1140 1012 1198 cst:
1042 1127 1114 1213 fili,
1138 1146 1245 1215 super
1296 1126 1358 1194 diu
1375 1126 1412 1193 in
1428 1128 1666 1198 familiaritate
1684 1129 1830 1222 ipsiusa
1857 1134 2074 1206 iuvenilibus
2100 1142 2205 1208 annis
2232 1143 2286 1209 vi-

257 1251 400 1308 mortno
419 1236 532 1307 deduc
546 1234 737 1326 lacrymas,
761 1244 797 1301 ct
811 1242 852 1300 nt
873 1231 962 1300 dura
982 1251 1103 1320 passus
1126 1225 1243 1317 incipe
1296 1226 1412 1296 ximus
1427 1241 1460 1296 et
1475 1231 1737 1316 consenuimus,
1764 1234 1989 1305 iustissimam
2005 1240 2204 1326 gravissimi
2221 1246 2286 1312 do·
2335 1303 2337 1308 .

257 1339 443 1430 lugubria,
469 1350 504 1406 et
526 1359 599 1404 non
621 1331 795 1427 despicias
818 1331 1037 1423 sepulturam
1055 1329 1184 1423 ipsius,
1210 1338 1245 1397 et
1296 1327 1384 1397 loris
1405 1353 1543 1398 causam
1561 1327 1692 1401 babere
1709 1335 1904 1407 consessuri
1918 1338 2000 1408 sint.

257 1441 314 1510 iac
337 1440 469 1510 luctum
494 1460 559 1527 pro
585 1437 756 1524 dignitate
778 1431 908 1524 ipsius,
947 1433 1007 1502 sed
1030 1429 1244 1502 consolatio-
1400 1428 1468 1500 Sed
1494 1432 1732 1505 consideratio
1753 1437 1888 1528 publici
1913 1437 2129 1510 incommodi
2145 1456 2179 1512 et
2194 1445 2290 1534 peri-

257 1564 342 1610 nem
374 1539 480 1610 etiam
516 1538 662 1608 admitte
695 1535 797 1606 istius
822 1533 968 1607 doloris.
1025 1531 1245 1604 Amoerore
1298 1529 1388 1612 culi,
1414 1535 1509 1622 quod
1535 1534 1646 1625 ipsius
1670 1536 1789 1608 obitus
1808 1533 1877 1608 boc
1894 1551 2055 1631 tempore
2071 1538 2288 1615 Academiae

258 1642 354 1714 euim
371 1640 490 1711 existit
504 1664 622 1723 mors,
647 1652 680 1707 et
696 1635 874 1708 moesticia
887 1633 1017 1723 trangit
1036 1637 1147 1704 robur
1166 1656 1246 1702 cor·
1286 1635 1331 1699 'et
1355 1627 1535 1704 Ecclesiae
1561 1630 1645 1707 buic
1669 1637 1808 1726 attulit,
1841 1633 1940 1710 hunc
1964 1643 2147 1728 dolorem,
2178 1671 2286 1739 quem

259 1745 329 1814 dis.
381 1740 461 1813 Hoc
484 1742 580 1811 dicto
599 1739 775 1811 Siracides
798 1732 963 1830 probibet
986 1749 1184 1830 utmnque,
1211 1746 1246 1803 et
1298 1732 1456 1824 privatae
1490 1740 1757 1810 consuetudinis
1794 1727 2014 1813 desiderium
2048 1746 2154 1816 nobis
2191 1750 2288 1835 lacit,

260 1846 510 1937 profanitatem
534 1838 597 1914 stoi
620 1835 826 1940 ἀστοργίαν
846 1860 990 1922 conam,
1018 1838 1080 1931 qui
1099 1837 1246 1906 nonad-
1299 1840 1557 1925 propemodum
1573 1839 1747 1930 extinguit
1759 1855 1795 1914 et
1808 1844 1943 1928 obruit,
1968 1846 2072 1916 etiam
2088 1849 2127 1917 in
2144 1848 2199 1934 iis,
2224 1851 2297 1943 qui

261 1947 433 2017 ficiuntur
458 1969 604 2028 snorum
631 1943 751 2028 obitu,
790 1956 825 2013 et
850 1940 1032 2011 clamitant
1058 1940 1245 2028 indiguum
1299 1951 1444 2028 propter
1474 1942 1659 2030 sanguinis
1693 1942 1748 2014 vel
1782 1946 1965 2018 affinitatis
1997 1949 2287 2020 coniunctionem
2319 1973 2321 1976 ’

262 2046 337 2118 esse
365 2045 447 2117 viro
475 2046 581 2130 sorti,
616 2045 749 2114 nedum
774 2038 999 2126 Christiano,
1031 2042 1246 2133 profundere
1299 2039 1492 2110 iustissime
1516 2063 1553 2112 se
1576 2045 1697 2122 dolere
1717 2042 1931 2121 existimant.
1980 2047 2166 2123 Noverunt
2188 2053 2286 2122 enim

261 2148 436 2241 lacrymas
464 2160 499 2217 et
520 2148 624 2215 edere
645 2144 936 2235 significationem
962 2142 1072 2213 ullam
1101 2141 1246 2210 moesti·
1298 2162 1440 2220 omnes,
1468 2158 1644 2238 quotquot
1667 2141 1727 2216 hic
1749 2148 1935 2220 uobiscum
1955 2153 2155 2223 studiorum
2172 2154 2288 2223 socie·

262 2247 353 2318 eise:
379 2261 415 2318 et
431 2269 553 2317 rursm
577 2248 848 2315 immoderatum
871 2245 1051 2322 dolorem,
1077 2264 1246 2334 respuen-
1299 2254 1369 2312 tate
1387 2244 1570 2318 coniuncti
1591 2248 1775 2330 vixerunt,
1802 2264 1935 2346 quauta
1958 2275 2060 2337 cura,
2090 2256 2289 2344 vigilantia,

262 2363 333 2420 tem
357 2372 500 2419 omnem
523 2348 821 2431 consolationem,
848 2368 919 2438 quo
941 2358 975 2416 et
990 2346 1156 2416 valetudo
1173 2345 1244 2414 lae·
1299 2344 1486 2414 sedulitate
1520 2349 1769 2437 gubemationi
1803 2353 2047 2422 communium
2086 2357 2286 2427 studiorum

261 2453 377 2536 ditur,
403 2464 438 2522 et
454 2447 550 2519 Deus
568 2448 782 2532 offenditur,
805 2449 929 2517 volens
945 2471 1011 2517 nus
1027 2447 1247 2542 acquiescere
1299 2447 1508 2535 praefuerit,
1535 2463 1666 2541 quauta
1689 2452 1916 2524 contentione
1940 2455 2050 2524 animi
2073 2456 2134 2526 illa
2159 2459 2287 2528 excita-

263 2576 327 2623 sno
352 2552 519 2635 consilio,
549 2565 582 2621 et
608 2574 679 2619 nou
702 2551 851 2618 fremere
872 2551 1040 2619 adversus
1064 2551 1190 2619 iustam
1213 2561 1247 2618 et
1299 2547 1366 2628 rit,
1391 2547 1562 2636 plurimas
1584 2574 1712 2645 easque
1732 2553 1959 2624 difficillimas
1975 2556 2145 2628 lectiones
2159 2559 2198 2628 in
2213 2582 2287 2629 sese

262 2676 402 2746 semper
416 2654 586 2746 optimam
603 2654 821 2721 voluntatem
839 2673 950 2722 suam.
1300 2648 1490 2739 recipiens,
1514 2651 1605 2721 mira
1622 2654 1836 2725 adsiduitate
1853 2656 2046 2727 lectionum
2063 2682 2188 2752 operas
2200 2685 2288 2731 coo-

365 2754 458 2825 Cum
480 2767 595 2824 autem
610 2750 706 2824 Deus
729 2752 1021 2823 clementissimus
1043 2752 1244 2822 nudiuster·
1301 2752 1463 2836 tinuans,
1502 2774 1565 2823 sua
1596 2755 1769 2845 sapientia
1803 2780 1929 2849 operas
1960 2759 2028 2828 rite
2060 2763 2288 2848 distribuens,

264 2856 336 2928 tius
365 2857 502 2950 placida
532 2855 795 2925 obdormitione
821 2856 1068 2948 potiusquam
1095 2867 1247 2923 mortea
1299 2848 1454 2943 Collegis
1468 2854 1664 2948 aliquibus,
1690 2881 1781 2950 quae
1798 2883 1879 2929 cum
1892 2860 2046 2931 utilitate
2063 2865 2289 2935 auditoribus

264 2958 369 3028 nobis
387 2958 571 3029 abduxerit
589 2959 821 3027 reverendum
847 2970 880 3027 et
901 2957 1119 3026 carissimum
1146 2978 1247 3047 prae·
1300 2953 1374 3022 suis
1395 2959 1592 3038 traderent,
1623 2960 1881 3050 praescribens,
1911 2963 2073 3032 omnium
2096 2968 2287 3055 professio·

263 3075 440 3152 ceptorem
459 3084 498 3129 ae
517 3072 648 3148 patrem
671 3072 851 3145 nostrum,
883 3055 1079 3128 Dominum
1097 3050 1246 3152 Philip,
1301 3078 1387 3123 num
1409 3069 1448 3124 et
1480 3059 1679 3129 officiomm
1711 3063 1975 3134 necessitatibus
2005 3078 2039 3134 et
2066 3071 2292 3138 ornamentis

290 3186 351 3232 um
375 3153 680 3242 llssluntlsonsm,
713 3161 955 3232 communium
982 3158 1182 3230 studiorum
1191 3159 1248 3330 Ji]
1301 3158 1542 3243 subserviens,
1568 3163 1723 3256 denique
1738 3167 1833 3258 quod
1851 3165 2001 3255 singulis
2020 3168 2237 3240 laboriosum
2252 3186 2287 3242 et

263 3185 332 3334 bac
354 3257 544 3334 Academia
568 3287 744 3332 summum
773 3276 807 3333 et
829 3262 1094 3332 faelicissimum
1118 3261 1190 3352 gub
1212 3285 1254 3330 r-·
1299 3257 1445 3335 difficile
1477 3262 1638 3332 futurum
1669 3279 1760 3350 erat,
1793 3266 1867 3357 ipse
1900 3289 1995 3337 unus
2022 3292 2087 3361 pro
2117 3272 2287 3343 omnibus

264 3378 444 3450 natorem,
468 3378 587 3435 tantus
603 3360 697 3433 baud
713 3365 820 3436 dubie
837 3388 1004 3434 sanorum
1020 3362 1183 3432 omnium
1197 3376 1249 3433 est
1300 3359 1444 3429 subiens
1466 3376 1500 3432 et
1520 3385 1647 3460 magna
1672 3367 1952 3459 promptitudine
1966 3369 2076 3439 animi
2094 3370 2285 3460 sustinens,

264 3468 387 3552 dolor,
412 3481 451 3538 nt
474 3466 535 3537 illc
556 3489 778 3559 nequaquam
801 3467 886 3537 ullis
908 3464 1107 3536 rationibus
1121 3487 1248 3536 accen·
1301 3475 1337 3533 et
1357 3474 1549 3557 antequam
1575 3484 1758 3553 rogaretur
1780 3483 1905 3561 sponte
1929 3471 2010 3542 aliis
2040 3471 2285 3562 indigentibus

264 3571 403 3641 dendus
419 3569 548 3659 magis,
574 3573 635 3639 sed
651 3564 677 3664 ¹)
698 3569 816 3661 potius
834 3567 1018 3663 exquisitis
1032 3567 1250 3657 argumentis
1300 3587 1399 3634 suam
1416 3589 1558 3655 operam
1572 3567 1736 3642 offerens.
1788 3568 1856 3642 His
1869 3572 2067 3645 rationibus
2080 3574 2285 3647 studiorum

263 3671 452 3742 leniendus
476 3684 510 3740 et
534 3671 710 3741 smandm
726 3693 799 3741 esse
817 3672 991 3741 videatur.
1042 3666 1151 3759 Quod
1166 3693 1248 3741 curn
1301 3689 1525 3757 progressum
1547 3669 1720 3742 foeliciter
1741 3675 2001 3766 pmmovebat,
2014 3688 2049 3747 et
2069 3676 2286 3768 collegarum

261 3783 321 3844 'me
337 3772 503 3865 inprimis
521 3773 635 3843 iacere
651 3787 796 3863 propter
815 3773 989 3856 alliciam,
1020 3773 1117 3864 qnod
1141 3771 1249 3843 susti·
1301 3761 1547 3866 ἐργοδιώκτης
1561 3786 1648 3856 erat,
1672 3797 1747 3843 non
1763 3777 1886 3845 acerba
1901 3777 2161 3869 obisargstionis
2178 3774 2287 3850 aebe-

263 3899 353 3961 neo,
378 3877 520 3954 deceat,
545 3897 635 3968 quae
649 3867 733 3944 buic
748 3873 893 3965 proprio
913 3887 947 3944 et
960 3885 1077 3942 vestro
1088 3868 1118 3960 ²)
1130 3870 1249 3943 dolori
1300 3870 1431 3939 mentia
1462 3884 1496 3941 et
1526 3873 1686 3962 ignaviae
1716 3878 1943 3966 castigatione
1966 3901 2026 3949 eos
2051 3882 2289 3972 pudefaciens,

262 3969 466 4074 θελκτήρια
489 3989 525 4047 et
546 3976 738 4046 lenimenta
762 3970 968 4057 adhibeam,
993 3997 1068 4043 non
1085 3974 1172 4044 satis
1187 3975 1247 4043 in·
1300 3973 1360 4038 sed
1376 3992 1460 4040 suae
1474 3973 1697 4048 adsiduitatis
1709 3979 1871 4071 exemplo
1886 3992 2059 4053 resumes
2071 3983 2116 4056 ad
2132 3983 2287 4072 diligen·

263 4079 382 4150 venio.
431 4074 524 4149 Cum
549 4078 646 4146 enim
671 4079 857 4157 recordor,
890 4100 997 4171 quam
1019 4075 1134 4146 dulcis
1156 4071 1247 4145 mibi
1301 4071 1386 4142 tiam
1410 4075 1610 4149 traducens.
1660 4072 1709 4148 Et
1729 4083 1825 4172 quod
1843 4105 2066 4173 summopere
2081 4078 2163 4155 ltuic
2177 4078 2285 4156 scho-

262 4201 344 4249 cum
365 4174 435 4249 boc
454 4180 532 4249 viro
555 4178 790 4251 intercesserit
805 4178 1028 4249 familiaritas
1046 4195 1082 4251 et
1098 4200 1247 4249 consue-
1301 4173 1356 4242 lae
1376 4173 1525 4263 proserit,
1556 4176 1603 4245 ita
1627 4195 1701 4249 erat
1726 4197 1871 4268 natura,
1902 4185 2073 4271 consilio,
2106 4186 2226 4256 studio
2249 4200 2285 4260 et

262 4269 578 4379 tudoodomesticae
594 4280 761 4352 similima
779 4282 849 4352 iam
864 4306 884 4352 a
900 4281 1026 4372 primis
1041 4281 1248 4353 adolesceo·
1299 4274 1448 4346 artificio
1465 4275 1780 4372 συμβιβαστικός,
1807 4298 1841 4355 et
1856 4287 2056 4357 communis
2072 4287 2283 4360 concordiae

263 4381 444 4455 sigemano
457 4381 576 4466 annis,
600 4384 745 4476 quantis
758 4382 883 4454 officiis
897 4384 944 4454 ab
960 4383 1037 4475 ipso
1050 4397 1248 4475 provectus,
1299 4378 1525 4465 conciliator,
1560 4396 1599 4451 ut
1624 4407 1704 4452 cnm
1731 4384 1805 4476 ipse
1825 4410 1929 4478 saepe
1949 4389 2103 4477 graviter
2128 4389 2286 4463 attenua

263 4484 423 4569 adiutus,
448 4497 597 4555 omarus
616 4481 701 4568 sim,
726 4483 801 4554 fleri
817 4507 891 4557 non
912 4497 1046 4575 potest,
1068 4481 1247 4578 quincius
1299 4501 1374 4546 non
1396 4482 1504 4550 modo
1527 4482 1910 4578 vindictaecupiditate
1928 4490 2078 4560 excitare
2092 4491 2286 4562 certamina

260 4581 353 4656 mibi
373 4587 491 4660 abitus
510 4585 774 4658 acerbissimum
796 4585 957 4655 dolorem
979 4584 1125 4660 adressa
1174 4583 1247 4655 Νε-
1299 4602 1374 4648 ΰοῐὶ
1395 4580 1517 4665 vellet,
1543 4584 1734 4655 sedetiam
1752 4590 2025 4661 obtrectantium
2040 4605 2073 4662 et
2087 4592 2286 4664 malevolo-

259 4712 330 4783 que
352 4712 436 4760 vero
457 4711 537 4782 erga
558 4711 615 4759 me
641 4687 757 4758 solum
779 4687 860 4757 talis
881 4687 970 4770 fuit,
1000 4700 1036 4758 et
1059 4710 1134 4758 non
1156 4685 1247 4758 alios
1298 4704 1378 4750 rum
1412 4680 1564 4754 iniurias
1596 4685 1782 4760 tolerando
1802 4705 1836 4761 et
1863 4690 2008 4784 insuper
2033 4693 2286 4765 benefaciendo

260 4813 384 4860 omnes
408 4793 529 4862 studio
552 4805 586 4863 et
608 4789 828 4879 benignitate
849 4812 910 4859 sua
932 4790 1136 4880 complexus
1155 4789 1246 4860 fovit
1298 4782 1456 4865 vinceres
1485 4798 1522 4855 ¹1¹
1546 4786 1747 4858 univermm
1768 4795 1975 4864 memoriam
1997 4816 2118 4866 earum
2141 4795 2285 4868 ¹abolere

258 4892 454 4966 stadiuvit,
502 4892 645 4966 Scimus
657 4895 774 4978 enim,
799 4892 875 4962 eius
890 4891 1087 4962 bonitatem
1109 4904 1244 4963 tantam
1297 4885 1468 4955 studeret:
1501 4886 1605 4959 etiam
1627 4893 2027 4967 commonefactionibus
2045 4894 2140 4979 suis,
2171 4895 2286 4969 inter-

256 4993 396 5085 fuisse,-
407 5008 454 5093 ug
468 4988 562 5062 nihil
582 4995 762 5077 omnium,
788 5018 877 5091 quae
893 4989 1067 5079 habebas,
1092 5007 1126 5066 01
1143 5007 1244 5085 pote.
1296 4985 1535 5076 cessionibus,
1559 4991 1794 5066 lenitionibus
1807 5014 1902 5067 ortas
1916 4997 2011 5068 inter
2026 4997 2186 5090 collegas
2201 5023 2286 5072 suos

256 5110 339 5193 rat,¹
356 5095 427 5187 sibi
448 5104 511 5166 aut
531 5095 605 5165 suis
626 5097 758 5168 servire
776 5113 810 5170 et
831 5098 996 5190 prodesse
1019 5109 1158 5169 tantum
1179 5123 1242 5168 vo-
1295 5087 1591 5180 offendamus,
1614 5106 1803 5191 antequam
1819 5100 1913 5170 vires
1927 5099 2172 5194 acquirerent,
2197 5124 2284 5196 sup·
2342 5173 2344 5177 ,

254 5202 261 5207 ·
551 5201 555 5211 ·
1171 5222 1174 5227 ·
1294 5190 1479 5281 primaru,
1513 5210 1547 5268 ct
1567 5216 1631 5268 suo
1655 5198 1841 5292 praecipue
1862 5202 2023 5293 exemplo
2040 5215 2076 5275 et
2093 5204 2284 5276 autoritate

257 5306 394 5394 anam
410 5318 558 5396 sm„
569 5310 666 5393 m,
1292 5292 1337 5361 ad
1362 5315 1552 5367 commune
1573 5299 1783 5373 concordiae
1805 5299 1964 5374 studium
1978 5316 2014 5375 et
2027 5307 2071 5376 ad
2088 5301 2285 5382 ἐπιείκειαν

284 5404 732 5483 ηυ,,ιη]ε.,,μω,αιιω.
1290 5393 1500 5465 tolerantem
1516 5400 1945 5509 imbecilliorumerrata,
1971 5421 2205 5498 permoveret.
