4748 6022
75 321 154 402 225
441 319 696 403 SCRIPTA
726 317 803 399 AD
836 320 1035 398 Vtram
1063 317 1140 398 ΕΤ
1172 318 1412 399 ostrum
1442 319 1741 409 Mettum
2028 339 2105 414 226

74 521 178 593 opus.
229 491 350 593 Atque
364 498 545 570 recordari
567 522 605 571 se
627 498 822 572 multorum
843 497 978 585 aiebat,
1003 497 1068 594 qui
1118 493 1186 569 hac
1206 521 1279 570 una
1303 500 1348 569 de
1368 521 1471 570 causa
1499 499 1730 594 sequentibus
1749 502 1875 577 diebus
1898 505 1998 579 abire
2020 534 2040 580 a
2066 534 2104 581 se

75 623 143 674 suo
166 614 327 693 tempore
347 600 422 672 vita
443 614 563 695 erepta
584 614 732 674 eventus
749 601 874 694 ,tristes
888 601 1066 673 declinas·
1117 601 1282 686 iubebat,
1308 599 1371 694 qui
1395 601 1502 672 oflicii
1525 624 1629 675 causa
1651 607 1698 676 ad
1715 629 1796 677 eum
1811 606 1997 682 visendum
2014 636 2102 682 con·

75 717 173 786 seut,
199 705 246 776 sd
261 703 388 775 mortis
407 718 530 775 tamen
552 717 725 776 urrorem
749 704 819 776 alia
845 704 946 800 quasi
967 726 1064 774 arma
1116 717 1299 778 venerant.
1337 701 1415 774 Hac
1428 699 1683 797 diellpithema
1698 707 1731 778 ei
1748 710 1954 801 parabatur,
1978 713 2101 809 inquo

74 805 228 911 requiri.
263 802 316 876 lli
328 804 439 897 igitur
451 818 528 877 tum
544 829 724 878 sermones
737 806 836 880 illius
849 809 948 880 fuere
964 819 1065 878 ante-
1115 826 1245 895 genere
1260 805 1363 875 valde
1377 804 1524 877 laudare
1537 808 1674 880 solebat
1691 810 1921 884 coralliorum
1933 815 2102 888 virtutem

76 932 189 1005 qnam
201 909 247 979 ad
271 907 469 1000 prandium
487 909 731 992 descenderet,
755 933 797 980 ex
821 935 894 1005 quo
918 922 1065 1003 propter
1116 923 1152 979 et
1168 906 1375 993 efficaciam,
1390 931 1498 1000 quam
1514 923 1597 981 ante
1612 921 1725 982 annos
1740 914 1869 1004 viginti
1883 941 1963 987 cum
1979 943 2021 988 ex
2035 920 2099 988 de-

76 1014 196 1107 λῆψιν
218 1026 438 1101 praesentem
455 1009 495 1080 in
520 1010 691 1083 lectulum
712 1025 753 1084 ut
773 1013 929 1083 diximus
948 1011 1064 1082 dedu·
1114 1011 1253 1081 bilitate
1287 1009 1405 1079 cordis
1436 1011 1642 1100 gravissime
1674 1016 1851 1089 laboraret
1884 1015 2101 1106 Wimariae,

73 1112 249 1188 ctusfuit.
295 1109 375 1183 Hoc
390 1127 550 1207 tempore
565 1109 677 1210 ita¹²)
691 1114 731 1186 in
745 1115 837 1187 lecto
852 1115 1064 1186 decumbere
1115 1126 1296 1206 expertum
1338 1135 1374 1183 se
1407 1135 1481 1181 esse
1513 1115 1738 1206 praedicabat
1770 1121 2101 1209 praesentissimam,

74 1214 209 1307 caepit,
231 1227 275 1286 ut
289 1208 445 1286 thoracis
464 1229 605 1288 tantum
625 1218 782 1290 vestibus
801 1217 947 1288 servatis
967 1229 1064 1286 exte-
1114 1208 1313 1308 applicante
1326 1214 1358 1283 ei
1373 1209 1585 1306 epithemata
1603 1241 1644 1287 er
1664 1213 1721 1288 his
1736 1217 1893 1312 Georgio
1911 1221 2099 1295 Sturciade

73 1315 190 1388 riores
220 1316 378 1412 reliquas
400 1333 563 1406 exueret,
593 1321 690 1413 quod
722 1313 872 1391 antehac
903 1317 1063 1390 interdiu
1114 1317 1252 1388 medico
1277 1317 1473 1387 clarissimo
1494 1318 1625 1410 quibus
1653 1344 1735 1391 cum
1755 1345 1839 1393 usus
1863 1323 2002 1410 fuisset,
2036 1351 2099 1418 per

75 1420 368 1512 praecedentibus
383 1414 440 1491 his
454 1421 572 1492 morbi
585 1423 712 1494 diebus
724 1422 892 1493 omnibus
906 1435 947 1493 ut
967 1421 1062 1490 face·
1113 1419 1267 1514 quietem
1292 1417 1362 1489 sibi
1393 1419 1548 1488 oblatam
1580 1421 1689 1492 fuisse
1717 1423 1857 1496 dicebat
1886 1428 2099 1498 senteutiam

75 1534 151 1608 ret,
175 1522 382 1617 persuaderi
405 1546 480 1592 uon
505 1538 687 1616 potuerat,
735 1522 850 1597 lacuit
881 1524 932 1595 ita
955 1516 1061 1592 boras
1112 1515 1328 1613 Prophetae:
1381 1517 1465 1593 Non
1483 1523 1633 1606 moriar,
1659 1526 1718 1595 sed
1737 1526 1876 1612 vivam,
1900 1541 1937 1598 et
1951 1551 2095 1598 annuu-

74 1636 166 1710 tres,
191 1623 232 1694 in
246 1625 376 1717 quibus
392 1626 545 1698 surrexit
560 1627 746 1723 aliquoties
761 1629 806 1698 ad
823 1648 977 1699 secessus
995 1649 1061 1694 ne-
1079 1658 1080 1665 *
1113 1623 1214 1694 ciabo
1232 1648 1337 1715 opera
1351 1623 1508 1706 domini,
1534 1637 1569 1695 et
1588 1626 1694 1716 paulo
1710 1642 1790 1719 post
1807 1652 1843 1699 se
1863 1631 2098 1706 convaluisse.

74 1727 263 1813 marios,
295 1727 343 1798 ita
360 1728 456 1798 enim
479 1732 636 1801 mundus
660 1754 783 1817 senex,
808 1745 843 1801 et
863 1731 1002 1821 pudens
1011 1722 1060 1824 ¹³)
1111 1725 1210 1820 llaec
1228 1726 1338 1817 igitur
1363 1727 1459 1819 quod
1481 1727 1698 1800 meminisset
1720 1729 1790 1802 sibi
1811 1729 1849 1801 in
1867 1733 2019 1802 maxima
2033 1734 2098 1802 de-

74 1840 170 1911 erat,
193 1841 234 1899 ut
253 1852 299 1900 ue
313 1831 385 1901 tali'
394 1830 539 1924 quidem
555 1845 714 1925 tempore
734 1857 799 1904 suo
820 1830 1060 1924 porrectiones
1111 1828 1251 1898 bilitate
1268 1829 1442 1921 profuisse
1459 1840 1564 1921 atque
1580 1830 1628 1900 ita
1644 1831 1788 1925 quidem
1814 1847 1855 1903 ut
1878 1836 1994 1904 statim
2016 1860 2098 1905 cum

72 1944 135 2001 aut
151 1929 348 2003 ministeria
363 1935 570 2029 cuiusquam
585 1928 702 2006 bacin
714 1948 813 2026 parte
825 1935 918 2005 ferre
934 1946 1060 2025 posset.
1112 1931 1376 2022 applicarentur
1385 1931 1607 2002 corroborari
1620 1955 1658 2002 se
1668 1935 1827 2016 sentiret,
1842 1947 1877 2006 et
1891 1961 1971 2007 cum
1980 1961 2098 2008 remo·

72 2029 146 2103 &d
168 2034 307 2104 circiter
328 2039 516 2106 secundam
531 2037 812 2128 pomeridianam
828 2059 909 2104 cum
930 2034 1059 2104 iterum
1112 2046 1298 2116 verentur,
1330 2033 1494 2103 debilitas
1516 2048 1729 2121 recurreret,
1780 2033 1865 2106 ldeo
1890 2051 1968 2108 tum
1989 2040 2096 2109 etiam

72 2135 303 2224 surrexisset,
329 2139 421 2207 etde
437 2139 526 2207 lecto
545 2161 657 2230 usque
678 2139 725 2207 ad
746 2139 936 2206 fenestram
957 2133 1060 2204 cubi·
1112 2155 1154 2202 ex
1169 2133 1325 2203 coralliis
1340 2148 1375 2203 et
1390 2134 1489 2214 aliis,
1515 2137 1667 2227 quorum
1684 2159 1756 2204 non
1774 2136 1894 2206 minor
1911 2141 1958 2208 ad
1975 2162 2097 2208 corro-

71 2234 168 2323 culi,
198 2239 263 2308 ubi
285 2238 418 2308 matula
446 2236 523 2329 ipso
555 2239 603 2308 ita
635 2238 777 2310 volente
806 2237 1060 2329 deponebatur,
1112 2235 1314 2306 borandum
1342 2235 1456 2303 virtus
1487 2249 1539 2305 est
1567 2249 1602 2305 ct
1623 2236 1795 2322 efficacia,
1828 2234 2040 2329 epithemata
2063 2239 2096 2309 ei

71 2338 302 2430 processisset
323 2352 503 2409 revertens
518 2341 563 2409 ad
585 2340 775 2425 lectulum,
797 2362 877 2410 cum
900 2339 939 2407 in
963 2333 1059 2408 hunc
1112 2351 1233 2428 parata
1246 2337 1365 2422 fuere,
1389 2349 1427 2407 ut
1443 2334 1616 2423 diximus,
1641 2337 1772 2431 quibus
1786 2351 1908 2431 postea
1929 2342 2097 2412 omnibus

71 2440 265 2512 ascendere
285 2438 410 2526 bellet,
441 2441 589 2511 delicere
618 2465 700 2512 eum
720 2442 812 2513 vires
840 2463 987 2532 coepere
1000 2435 1060 2532 ¹⁴),
1111 2439 1229 2509 morbi
1244 2439 1369 2508 diebus
1385 2438 1614 2533 sequentibus
1630 2463 1714 2509 usus
1731 2453 1793 2511 est.
1844 2436 1902 2510 Ad
1919 2442 2098 2514 decimum

70 2541 176 2614 utin
199 2539 448 2639 scabellum¹⁵)
466 2556 550 2614 ante
570 2544 701 2616 lectum
724 2545 819 2615 intir
832 2564 960 2613 manus
978 2538 1059 2612 loa·
1112 2554 1247 2612 sextum
1275 2537 1450 2611 Calendas
1471 2538 1580 2626 Maii,
1612 2565 1700 2634 quae
1722 2555 1775 2612 est
1795 2539 1931 2634 Aprilis
1960 2546 2097 2615 decima

71 2640 190 2715 rhimi
208 2640 404 2715 Camerarii
435 2658 471 2716 et
495 2645 616 2737 generi
640 2644 788 2718 Peuceri
815 2645 1059 2731 collaberetur,
1112 2658 1207 2713 serta
1224 2642 1326 2724 dies,
1357 2666 1437 2714 cum
1461 2643 1669 2714 surrexisset
1696 2644 1741 2714 de
1761 2643 1851 2716 lecto
1877 2659 1919 2716 ut
1943 2646 2097 2718 diximus

71 2744 137 2816 sed
154 2745 315 2817 celeriter
329 2741 492 2819 adhibita
514 2772 555 2819 ea
574 2748 675 2819 fuere
688 2773 779 2845 qnae
802 2748 918 2820 solent
940 2760 974 2818 et
997 2749 1059 2818 de·
1112 2744 1251 2817 circiter
1265 2741 1389 2814 horam
1410 2743 1621 2816 matutinam
1636 2759 1817 2841 quartam,
1841 2747 2005 2840 precibus
2024 2750 2097 2820 suis

71 2846 223 2920 teneus
242 2843 466 2947 λειποψυχία
489 2864 727 2937 averteretur,
752 2876 903 2944 cumque
925 2851 1060 2942 paulis-
1112 2851 1157 2917 ad
1175 2844 1291 2918 Deum
1311 2846 1479 2937 peractis,
1504 2871 1592 2941 quas
1615 2849 1765 2919 faciebat
1787 2864 1828 2922 ut
1851 2846 2001 2922 antehae
2020 2874 2098 2921 sae-

69 2973 138 3042 per
152 2947 204 3020 ita
219 2949 336 3022 iacens
359 2953 665 3044 se'recollegisset,
693 2954 731 3022 in
751 2954 920 3025 lectulum
940 2965 1059 3044 postea
1113 2944 1230 3043 pe¹⁸),
1256 2948 1305 3019 ita
1319 2943 1376 3018 his
1391 2949 1508 3019 morbi
1524 2950 1651 3021 diebus
1666 2951 1949 3037 ardentissimas,
1965 2967 2000 3023 et
2014 2969 2096 3024 ante

71 3051 236 3123 sublatus
257 3066 328 3139 est,
377 3052 451 3126 Ubi
472 3054 580 3128 iacuit
604 3078 716 3149 usque
732 3059 777 3126 ad
792 3054 972 3149 sequentis
988 3052 1060 3124 diei
1113 3074 1237 3123 omnes
1258 3051 1406 3122 diurnas
1426 3075 1552 3144 operas
1569 3075 1670 3138 suas,
1696 3047 1771 3140 his,
1796 3066 1838 3125 ut
1852 3048 2098 3126 Christianum

70 3151 286 3225 matutinam
303 3151 429 3226 horam
445 3157 586 3229 circiter
597 3173 772 3251 quartam.
822 3156 971 3230 Noctem
995 3180 1060 3227 au·
1114 3148 1297 3224 bominem
1315 3154 1430 3223 facere
1452 3179 1516 3245 par
1538 3168 1604 3240 est,
1638 3155 1793 3246 primum
1816 3150 1957 3251 tempus
1979 3159 2127 3231 dabat.-

69 3270 145 3328 tem
168 3254 266 3327 illam
281 3281 365 3350 prae
380 3260 525 3332 caeteris
539 3283 680 3352 gravem
704 3256 847 3342 habuit,
873 3262 1002 3354 inqua
1027 3270 1061 3328 et
1113 3253 1180 3327 llis
1203 3256 1312 3348 igitur
1324 3256 1429 3327 dictis
1451 3258 1496 3327 ad
1511 3257 1631 3329 literas
1653 3255 1880 3329 Bornssiacas
1906 3273 2099 3344 revertens,

70 3356 194 3429 somni
216 3381 342 3450 parum
365 3373 400 3432 et
423 3363 527 3433 tussis
549 3364 715 3449 molesta,
746 3379 781 3436 et
803 3365 900 3458 quod
925 3362 959 3432 ei
981 3372 1062 3453 post
1113 3382 1203 3451 quae
1236 3359 1366 3429 addere
1391 3358 1603 3448 cogitaverat
1634 3361 1886 3451 perscribebat.
1938 3360 2014 3431 Hac
2039 3363 2097 3431 die

68 3481 322 3554 paroxysmum
338 3486 476 3557 semper
486 3465 644 3537 accidere
658 3467 813 3550 solebat,
838 3465 964 3535 urinae
977 3462 1060 3532 mit·
1112 3456 1336 3530 Camerarius
1357 3454 1442 3528 hinc
1456 3460 1637 3531 discedere
1650 3462 1841 3550 cogitabat,
1867 3476 1907 3532 ut
1924 3463 2099 3533 constitu-

69 3562 202 3634 teudae
217 3587 340 3634 causae
353 3568 493 3659 saepius
509 3568 727 3658 surgendum
743 3568 823 3640 fuit.
873 3562 974 3634 Haec
991 3564 1062 3633 fuit
1113 3560 1159 3632 tis
1173 3561 1272 3629 domi
1291 3561 1397 3629 rebus
1412 3559 1565 3650 publicis
1587 3574 1621 3631 et
1638 3562 1785 3652 privatis
1802 3562 1895 3644 suis,
1922 3578 1957 3634 et
1970 3565 2099 3634 confir-

69 3662 200 3760 quinta
221 3667 331 3761 λῆψις
351 3690 420 3761 qua
444 3669 670 3757 affligebatur
695 3682 729 3737 et
758 3666 900 3758 gravius
922 3679 955 3735 et
979 3664 1061 3735 diu·
1114 3674 1206 3730 mata
1231 3661 1366 3730 familia
1384 3655 1455 3731 buc
1472 3685 1579 3754 quam
1597 3663 1752 3754 primum
1772 3664 1888 3735 redire
1904 3679 2039 3754 posset,
2065 3679 2100 3735 et

72 3767 145 3838 tius
167 3789 276 3859 quam
303 3769 377 3838 ulla
405 3793 447 3839 ex
471 3770 780 3860 praecedentibus,
806 3766 949 3840 duravit
965 3765 1061 3836 enim
1114 3774 1257 3833 manere
1272 3787 1353 3833 cum
1368 3764 1564 3834 necessario
1577 3788 1659 3847 suo,
1685 3766 1771 3834 dum
1787 3790 1858 3859 quo
1880 3791 1937 3836 res
1953 3790 2099 3859 evasura

69 3867 191 3939 morbi
208 3889 438 3963 paroxysmus
451 3893 565 3965 usque
581 3873 624 3940 ad
640 3871 825 3964 septimam
840 3872 950 3941 ferme
965 3868 1062 3939 illius
1115 3878 1214 3950 esset,
1230 3866 1394 3956 cognosci
1408 3879 1535 3957 posset,
1549 3881 1583 3938 et
1592 3866 1753 3938 soliditas
1762 3868 1932 3960 corporis,
1947 3884 1982 3940 et
1998 3887 2099 3961 prae·

71 3969 144 4041 diei
159 3968 422 4062 vespertinam,
448 3987 487 4046 ut
502 3986 593 4044 esset
610 3969 779 4044 horarum
802 3975 847 4043 ad
871 3971 1061 4042 minimum
1115 3969 1301 4060 cipuorum
1327 3969 1571 4038 membrorum
1589 3969 1755 4055 firmitas,
1777 3971 1914 4040 cerebri
1936 3971 2101 4063 inprimis

71 4071 215 4157 decens,
238 4072 379 4164 qualem
396 4098 512 4168 neque
529 4089 629 4161 ante,
653 4098 768 4170 neque
786 4089 863 4167 post
879 4074 988 4144 sensit
1003 4073 1062 4144 ul·
1114 4065 1206 4140 hanc
1238 4094 1336 4162 spem
1369 4070 1553 4155 afferebat,
1585 4072 1747 4142 futurum
1780 4087 1820 4143 ut
1845 4097 1925 4144 cum
1950 4073 2101 4165 septimo

70 4175 162 4246 lusu.
209 4170 353 4264 Frigere
369 4173 452 4263 eiin
471 4178 534 4247 illo
551 4193 649 4249 aestu
663 4177 781 4248 febrili
805 4199 932 4246 manus
948 4188 983 4246 et
999 4199 1063 4266 pe·
1115 4188 1324 4266 paroxysmo
1339 4172 1464 4257 febris,
1489 4187 1528 4244 ut
1542 4172 1653 4243 ferme
1666 4174 1840 4245 tertianae
1854 4175 1982 4260 solent,
2006 4175 2101 4244 desi-

70 4276 135 4346 des
147 4273 330 4362 sulebant,
356 4291 391 4347 et
409 4292 528 4351 tamen
550 4281 703 4351 calorem
719 4279 899 4350 internum
922 4290 1061 4348 tantum
1116 4287 1232 4359 neret,
1265 4288 1300 4346 et
1332 4273 1493 4367 quamvis
1528 4273 1754 4346 imbecillitas
1796 4277 1982 4350 manifesta
2016 4291 2102 4356 erat,

69 4375 266 4463 sentiebat,
305 4391 345 4449 ut
373 4380 466 4451 intra
493 4383 685 4472 stragulam
711 4384 817 4473 pedes
837 4382 881 4449 ad
911 4380 1061 4450 dimidia
1115 4389 1253 4448 tautum
1286 4389 1402 4447 tamen
1435 4375 1565 4448 virium
1595 4379 1716 4448 adesse
1750 4379 1961 4470 putabatur,
2013 4403 2103 4473 quae

69 4479 208 4549 femora
232 4502 344 4574 usque
365 4506 440 4552 uon
463 4498 581 4576 posset
594 4484 795 4567 continere,
821 4496 883 4554 aut
902 4497 1062 4555 contecta
1100 4480 1279 4549 <morbum
1298 4491 1530 4568 praesentem,
1545 4479 1575 4549 si
1590 4504 1663 4550 uon
1681 4502 1867 4573 superare,
1882 4480 2005 4549 saltem
2023 4504 2102 4550 sus·

69 4577 288 4652 “sesmere-
341 4580 463 4677 ltaque
485 4610 564 4655 cum
581 4601 669 4657 esset
692 4585 900 4657 utdisimus
922 4587 1062 4677 puden·
1114 4582 1228 4654 tinere
1247 4581 1384 4652 diutius
1403 4596 1562 4673 possent,
1585 4606 1669 4652 uam
1688 4583 1779 4652 sicut
1802 4581 1878 4650 lieri
1892 4583 1998 4661 solet,
2016 4585 2101 4651 dum

68 4679 246 4767 tissimus,
280 4707 396 4778 neque
426 4688 534 4780 aspici
565 4688 798 4759 enudationem
825 4688 930 4757 talem
951 4710 1062 4771 suam,
1115 4681 1258 4773 spiritus
1275 4697 1325 4754 est
1336 4679 1402 4776 ¹⁷),
1432 4706 1511 4775 spes
1527 4709 1602 4755 nou
1619 4684 1831 4775 deponitur,
1851 4696 1885 4754 et
1908 4687 2102 4756 secundum

68 4786 189 4878 neque
205 4788 518 4859 contrectationem
535 4792 581 4860 ab
596 4790 864 4882 explorantibus
879 4788 1061 4882 quomodo
1114 4782 1245 4854 Po'e‘tae
1261 4785 1492 4855 versiculum:
1578 4843 1581 4853 .

68 4884 237 4957 affectum
271 4910 401 4980 corpus
421 4905 528 4976 esset,
562 4916 677 4986 aequo
707 4892 828 4961 auimo
852 4891 1063 4984 patiebatur,
1165 4923 1263 4988 prom
1278 4932 1361 4989 mit
1377 4927 1495 5010 cupidis
1510 4930 1542 4987 in
1558 4938 1696 4988 sum„
1712 4926 1792 4986 fidu·

65 5009 183 5082 usque
198 4987 242 5057 ad
257 5001 453 5062 extremum
471 5006 506 5064 et
528 4989 642 5086 (quod
658 4992 892 5064 animadverti
908 4987 1061 5086 poterat)

1115 5084 1221 5177 Quod
1251 5086 1290 5156 in
1325 5082 1392 5156 hoo
1424 5108 1506 5155 casu
1541 5085 1652 5174 magis
1680 5085 1805 5170 fiebat,
1841 5107 1922 5156 cum
1959 5097 2100 5154 consta-

1114 5202 1168 5259 ret
1190 5187 1458 5259 ardentissimas
1477 5210 1542 5280 pro
1568 5201 1711 5279 aegroto
1735 5201 1857 5260 nostro
1883 5209 2002 5277 preces
2026 5184 2102 5254 lieri

64 5159 297 5180 m

104 5248 158 5331 1¹)
174 5245 266 5310 EM,
281 5254 406 5318 mittam
421 5255 471 5306 ito.
723 5316 727 5322 ,

104 5335 151 5405 18)
167 5332 220 5394 Ed.
239 5340 264 5393 l.
280 5341 425 5406 predam,-
445 5356 476 5392 er
492 5338 601 5393 mendo.
1114 5343 1338 5362 ····““““““·

65 5412 76 5433 ’
104 5418 153 5487 ts)
169 5422 299 5490 sarpere]
318 5421 394 5476 abest
407 5422 440 5478 ab
456 5421 498 5478 ed.
514 5425 537 5478 t.
1152 5439 1194 5505 16)
1212 5438 1312 5504 saepe!
1330 5433 1380 5489 Ed.
1395 5435 1420 5489 2.
1439 5450 1560 5502 semper.

106 5505 153 5574 ¹⁶)
171 5504 265 5565 ΕΜι
288 5509 421 5563 mmm
1148 5524 1198 5593 17)
1218 5524 1273 5588 est]
1290 5519 1339 5575 Ed.
1352 5519 1378 5576 2.
1395 5523 1487 5572 inest.-

64 5597 248 5669 blrssrra.
266 5599 370 5667 Orrx.
398 5599 481 5666 Vos.
497 5599 561 5680 X„
1409 5588 1456 5663 15
