4748 6022
274 279 344 355 τοι
845 265 1269 360 Quntts‘rtonlts

380 449 511 522 Graeci
534 445 695 517 Lunares
718 457 860 516 tautum
890 465 1005 514 annos
1033 453 1264 535 usurparunt,

278 580 368 655 quos
383 551 560 624 solaribus
576 550 839 640 adaequarunt,
865 546 952 616 alias
968 547 1037 617 alia
1055 546 1195 616 ratione
1207 544 1266 613 in-

278 659 400 741 sertis,
432 649 720 724 annumeratisve
755 649 799 717 iis
833 648 978 733 diebus,
1013 649 1075 741 qui
1106 649 1266 732 deerant,

258 789 350 861 ‚quo
371 753 675 852 aequinoctiorum
699 764 849 842 puncta,
881 773 971 843 quae
991 749 1054 818 illo
1079 749 1219 819 dierum
1245 773 1268 817 a

279 861 437 962 periodis
454 856 631 927 solaribus
652 853 792 924 delectu
815 854 957 923 sedibus
972 851 1082 922 eiecta
1094 852 1168 921 suis
1184 851 1266 920 lon-

280 970 359 1062 gius
375 959 561 1034 annuatim
577 981 598 1028 a
616 955 793 1049 principio
813 955 1110 1038 dimovebantur,
1135 952 1192 1047 (ea
1209 953 1268 1021 in-

282 1067 407 1166 quam)
425 1087 496 1158 quo
513 1072 667 1131 retractu
680 1059 909 1128 restituerent
922 1056 996 1126 suis
1014 1057 1122 1141 locis,
1140 1054 1267 1126 aLeo-

283 1185 392 1244 strato
411 1163 574 1236 Tenedio
597 1153 835 1256 ὀκτοετήριδα
859 1155 1059 1243 habebant,
1084 1159 1186 1229 cuius
1208 1157 1266 1227 in-

283 1272 400 1346 stituti
423 1291 463 1338 ea
486 1265 555 1336 fuit
575 1263 685 1348 ratio,
711 1276 752 1333 ut
772 1284 853 1333 cnm
869 1263 915 1331 ad
940 1273 1170 1346 annosocto,
1195 1273 1269 1330 tres

284 1394 421 1447 menses
442 1367 737 1457 adiungerentur,
763 1376 902 1455 praeter
922 1387 1003 1434 eum
1019 1364 1132 1448 diem,
1160 1386 1267 1456 quem

284 1464 624 1564 cuivis-Olympiadi
641 1467 794 1537 adiicere
812 1479 1084 1550 consueverant,
1108 1466 1269 1535 redirent

284 1574 541 1673 propemodum
556 1572 600 1641 ad
617 1571 757 1640 easdem
773 1569 872 1639 sedes
886 1568 1120 1661 aequinoctia.
1160 1565 1269 1636 Men-

284 1707 338 1753 ses
360 1669 557 1771 ἐμβόλιμοι
573 1673 805 1742 vocabantur.
855 1666 1047 1742 Annorum
1070 1693 1155 1740 vero
1178 1683 1270 1753 octo,

285 1784 349 1880 qui
364 1784 452 1852 duas
467 1774 731 1846 constituebant
743 1768 995 1867 Olympiades,
1009 1773 1144 1867 priores
1161 1772 1270 1865 quin-

288 1911 376 1980 que,
393 1877 582 1951 duodecim
599 1898 754 1960 menscs,
779 1871 926 1949 seu354
935 1877 1030 1962 dies,
1052 1874 1183 1968 reliqui
1198 1888 1270 1945 tres

286 1985 457 2059 tredecim
471 2003 532 2050 seu
549 1979 625 2053 384
641 1973 819 2049 habebant
836 1978 923 2049 dies.

387 2084 474 2155 Post
497 2093 636 2152 secutus
654 2078 799 2164 Meton,
825 2104 905 2149 cum
928 2076 1124 2149 accuratius
1148 2075 1271 2168 explo-

287 2189 373 2262 ratis
398 2201 432 2257 et
454 2185 591 2255 collatis
612 2184 784 2267 motibus,
808 2206 965 2252 errorem
991 2181 1030 2250 in
1056 2178 1270 2251 octoeteride

287 2287 612 2367 animadvertisset,
649 2298 684 2355 et
720 2284 767 2354 19
792 2284 897 2354 aunis
928 2282 1104 2353 solaribus
1132 2303 1271 2351 menses

289 2392 488 2491 Synodicos
511 2385 587 2460 255
611 2388 781 2480 compleri
804 2387 1035 2480 percepisset,
1057 2383 1272 2455 octocteride

287 2498 442 2576 abolita,
485 2483 818 2585 ἐννεαδεκατήριδα
853 2489 1039 2580 proposuit
1080 2487 1172 2556 circa
1208 2483 1269 2555 87.

289 2594 564 2694 Olympiadem,
591 2616 660 2685 qna
688 2594 734 2661 ad
754 2590 999 2660 novemdecim
1021 2586 1273 2659 annosLuna-

288 2724 344 2771 res
364 2712 497 2789 septem
518 2695 699 2764 mensibus
721 2691 1010 2775 accommodatis,
1036 2713 1190 2784 quorum
1214 2710 1273 2756 sex

288 2802 434 2890 triginta
459 2810 659 2868 constarent
682 2795 828 2876 diebus,
855 2794 1026 2886 septimus
1051 2816 1126 2863 uno
1141 2790 1274 2874 minus,

289 2916 428 2997 praeter
451 2923 531 2968 eum
556 2898 669 2981 diem,
694 2899 757 2990 qui
781 2898 824 2967 ad
846 2918 1060 2989 quamquam
1083 2888 1274 2987 Olympia-

187 3024 191 3030 ’
289 3008 370 3077 dem
386 3026 430 3075 ex
445 3000 607 3070 instituto
625 2999 735 3068 veteri
751 3000 954 3083 accedebat,
973 2998 1061 3067 adeo
1079 3018 1190 3088 prope
1207 2990 1274 3065 hos

290 3110 385 3202 ipsos
407 3103 583 3174 solaribus
606 3102 831 3194 exaequavit,
866 3114 907 3173 ut
940 3123 1014 3169 non
1048 3098 1161 3168 multo
1193 3097 1275 3188 plus

289 3207 379 3280 hora
396 3186 517 3277 umber
533 3204 661 3274 triente
679 3203 878 3276 deficerent.
910 3198 1054 3272 Etenim
1072 3195 1149 3271 235
1165 3198 1274 3269 Men-

290 3336 361 3397 ses,
387 3310 462 3378 dies
476 3307 661 3377 continent
678 3304 791 3392 6939,
814 3301 921 3375 horas
944 3306 1004 3376 18.
1053 3302 1138 3375 Post
1153 3300 1275 3372 Mero-

289 3437 372 3484 nem
394 3409 564 3502 Calippus
585 3422 739 3502 quatuor
752 3401 1103 3503 ἐννεαδεκατήριδας
1119 3404 1275 3496 comple-

289 3539 373 3599 xus,
404 3537 480 3581 eam
503 3510 690 3604 periodum
712 3534 732 3579 a
751 3534 788 3581 se
811 3510 1029 3601 Calippicam
1062 3507 1275 3586 nominavit,

290 3641 396 3712 quam
413 3640 432 3683 a
447 3627 544 3683 sexto
561 3627 642 3683 ante
655 3609 851 3682 Alexandri
866 3612 1005 3683 obitum
1018 3635 1113 3681 anno
1126 3603 1275 3679 inchoa·

290 3722 361 3805 vit,
384 3717 480 3811 quod
496 3738 536 3784 eo
551 3713 773 3809 Babylonem
788 3712 991 3785 Alexander
1010 3713 1189 3806 coepisset.

393 3817 568 3890 Romanis
589 3830 670 3888 ante
691 3814 823 3887 lulium
846 3815 1008 3886 Lunares
1029 3815 1132 3899 anni,
1161 3811 1276 3882 Grae-

290 3946 413 3993 corum
432 3944 550 4004 more,
575 3920 614 3987 in
631 3943 699 3990 usn
715 3919 871 3989 suerunt.
926 3916 1040 3987 lulius
1050 3912 1226 4010 Aegyptio
1242 3927 1276 3983 et

289 4026 425 4098 Graeco
457 4022 613 4102 collatis,
646 4046 687 4090 ex
711 4034 864 4114 utroque
894 4017 1113 4102 examinato,
1147 4031 1180 4088 et
1213 4018 1276 4086 ad-

290 4127 438 4216 sumptis
463 4149 503 4194 ex
519 4138 690 4216 utroque,
715 4146 807 4216 qnae
824 4145 888 4191 suo
905 4121 1096 4191 convenire
1113 4120 1275 4191 instituto

290 4228 365 4297 visa
389 4241 488 4310 sunt,
521 4249 654 4295 annum
679 4226 848 4296 conflavit
872 4222 1053 4295 lulianum
1091 4245 1277 4313 nuncupa·

290 4343 386 4411 tum,
414 4351 518 4419 quem
543 4324 620 4398 365
638 4327 782 4411 diebus,
809 4341 843 4397 et
865 4328 1063 4421 quadrante
1088 4325 1275 4395 delinitum

290 4432 334 4502 ad
354 4428 450 4501 Solis
466 4452 608 4499 cursum
626 4429 763 4499 direxit.
816 4425 869 4499 Εο
891 4424 1008 4500 adhuc
1035 4423 1143 4497 hodie
1164 4426 1277 4498 utitur

289 4529 518 4605 Christianus
536 4530 633 4600 orbis
647 4543 754 4604 totns.
802 4591 806 4596 .

275 4653 279 4665 ·
393 4631 461 4703 His
477 4634 522 4704 de
543 4633 755 4703 differentiis
775 4654 951 4702 annorum
970 4629 1190 4724 praemissis,
1215 4652 1277 4697 ve-

290 4737 352 4807 nio
369 4737 415 4806 ad
432 4737 686 4831 quaestionem.
737 4732 933 4828 Utriusque
961 4732 1067 4816 anni,
1092 4745 1127 4801 et
1141 4728 1277 4801 ludaicr

290 4840 418 4909 veteris
432 4853 466 4909 et
482 4838 614 4909 Iuliani
629 4838 804 4908 rationem
819 4837 922 4906 valde
944 4836 1069 4926 probo.
1122 4832 1195 4902 Nec
1208 4833 1278 4903 tuit

290 4942 467 5011 incertum
484 4938 620 5012 ludaici
634 4941 721 5010 anni
743 4939 907 5022 initium,
932 4961 1014 5006 cum
1037 4938 1082 5005 ad
1104 4936 1278 5030 aequino-

290 5042 352 5116 ctii
367 5043 468 5112 verni
483 5055 703 5139 momentum
718 5040 827 5112 fuerit
842 5040 1038 5130 alligatum,
1063 5039 1126 5108 sed
1147 5038 1278 5109 excita-

290 5147 343 5216 vit
364 5158 469 5240 atque
490 5145 601 5217 erexit
632 5145 771 5215 animos
796 5144 840 5212 ad
876 5141 1211 5233 contemplationem
1242 5154 1278 5211 et

290 5249 510 5319 notationem
527 5258 724 5319 accuratam
742 5244 945 5315 coelestium
959 5256 1141 5324 motuum,
1168 5256 1203 5314 et
1220 5244 1276 5312 di-

288 5351 456 5439 ligentem
480 5371 644 5420 verarum
669 5347 755 5415 anni
785 5360 960 5418 metantm
983 5347 1277 5437 designationem.

289 5449 491 5523 Necessaria
514 5450 582 5522 tuit
598 5447 813 5543 aequinoctii
828 5449 1028 5521 observatio
1051 5448 1277 5520 animadver-

1321 264 1724 341 ACADEMlCAE.
2227 268 2309 345 752

1315 441 1458 537 sinque,
1482 454 1524 512 nt
1535 443 1581 511 de
1597 440 1794 514 interlunio
1809 438 1970 534 sequenti
1986 442 2157 513 constitui
2171 460 2311 535 posset,
2354 458 2356 462 '

1316 556 1351 619 et
1366 545 1567 638 pertinebat
1581 560 1623 615 ea
1639 567 1724 615 cura
1744 544 1788 613 ad
1804 542 2024 614 Sacerdotes.
2074 541 2214 617 Habuit
2240 572 2309 620 au·

1316 660 1386 716 tem
1403 640 1472 717 hoc
1488 648 1667 717 commodi
1690 666 1806 717 annus
1822 642 2009 731 Iudaicus,
2035 649 2132 738 quod
2155 649 2309 722 luminis

1316 750 1502 842 utriusque
1522 763 1640 820 motus
1665 749 1868 837 complexus
1887 760 1939 817 est
1957 750 2176 839 periodicas,
2202 766 2240 824 et
2266 779 2308 825 ex

1316 852 1502 944 utriusque
1527 851 1820 922 conversionibus
1850 851 2000 921 deductu
2027 875 2147 923 annua
2176 857 2309 947 spacia,

1317 954 1511 1031 solaribus,
1544 977 1635 1046 quae
1658 977 1698 1023 ex
1723 953 1842 1024 reditu
1858 950 1953 1022 Solis
1975 955 2020 1022 ad
2037 956 2309 1048 aequinoctium

1317 1057 1615 1141 aestimabantur,
1648 1069 1690 1125 ut
1710 1055 1802 1140 dixi,
1833 1054 1959 1124 seriem
1988 1068 2216 1151 temporum,
2252 1061 2312 1133 lu-

1318 1159 1482 1241 naribus,
1506 1178 1664 1243 menses,
1691 1180 1885 1250 operasque
1898 1179 2033 1242 sacras,
2050 1173 2085 1230 et
2100 1165 2313 1234 oeconomi·

1318 1284 1374 1330 cas
1395 1260 1682 1345 distribuebant,
1716 1282 1803 1353 quas
1832 1281 1959 1349 magna
1979 1260 2153 1351 sapientia
2177 1266 2218 1335 in
2246 1267 2313 1336 illo

1319 1363 1450 1455 populo
1468 1359 1566 1433 Deus
1583 1363 1772 1452 digesserat
1786 1361 1930 1431 incerta
1946 1376 2119 1455 tempora.

1421 1496 1552 1567 loliani
1568 1498 1655 1568 anni
1669 1497 1779 1584 ratio,
1804 1498 1899 1592 quud
1916 1496 2048 1584 facilis,
2075 1504 2249 1594 expedita,
2279 1521 2315 1577 et

1320 1613 1398 1694 apte
1415 1600 1605 1670 constituta
1621 1627 1661 1671 ac
1678 1601 1867 1671 distributa
1878 1614 1949 1686 est,
1965 1602 2213 1692 imperitorum
2230 1632 2314 1677 me-

1320 1707 1424 1774 detur
1441 1703 1628 1788 insciciae,
1649 1717 1683 1774 et
1698 1726 1818 1773 curam
1834 1701 2068 1794 inspiciendi,
2094 1709 2314 1804 perquiren·

1321 1806 1429 1899 dique
1444 1805 1608 1898 syderum
1624 1827 1764 1886 cursus,
1791 1819 1897 1899 atque
1911 1807 2140 1877 attentionem
2166 1809 2205 1879 in
2226 1814 2313 1881 ani-

1322 1908 1390 1978 mis
1421 1906 1539 1976 reddit
1573 1908 1770 1998 segniorem
1803 1931 1842 1976 ac
1877 1906 2106 1997 frigidiorem.
2168 1911 2312 1985 Verum

1322 2035 1403 2080 cnm
1417 2008 1589 2078 naturalis
1607 2010 1693 2079 anni
1710 2008 2013 2099 magnitudinem,
2037 2035 2143 2105 quam
2162 2011 2313 2084 israeli-

1322 2128 1377 2185 tae
1411 2111 1561 2182 sollicite
1592 2112 1842 2183 scrutabantur
1871 2124 1907 2182 et
1931 2114 2121 2197 notabant,
2151 2135 2312 2207 superet,

1322 2216 1452 2284 factum
1487 2227 1559 2296 est,
1595 2227 1636 2284 ut
1669 2213 1977 2309 aequinoctiorum
2011 2229 2046 2286 et
2070 2216 2312 2288 solstitiorum

1321 2322 1482 2408 tempora
1496 2329 1667 2388 retroacta
1683 2316 1791 2405 longo
1813 2316 2004 2387 intervallo
2021 2318 2189 2409 pristinas
2211 2321 2313 2390 sedes

1322 2417 1593 2512 praecurrerint,
1607 2442 1698 2512 quae
1715 2432 1755 2489 ut
1762 2431 2015 2489 revocarentur
2028 2444 2068 2490 ac
2082 2422 2313 2491 restitueren-

1322 2536 1401 2605 tur,
1424 2519 1509 2588 anni
1532 2521 1670 2591 ratione
1691 2521 1896 2606 emendata,
1919 2516 2132 2592 Monarchis
2150 2524 2311 2615 exemplo

1323 2622 1408 2692 lulii
1430 2619 1590 2692 Caesaris
1612 2645 1697 2693 cura
1719 2644 1792 2692 esse
1810 2622 1970 2696 debebat.
2023 2619 2088 2696 Est
2110 2649 2198 2694 vero
2223 2626 2312 2695 anni

1325 2722 1456 2795 luliani
1476 2723 1566 2795 ratio
1582 2724 1620 2794 iu
1637 2720 1703 2795 hac
1719 2738 1919 2817 tempomm
1941 2725 2126 2810 barbarie,
2152 2722 2219 2797 bac
2234 2752 2313 2798 mo-

1324 2851 1405 2898 rum
1420 2828 1608 2918 pravitate,
1634 2841 1669 2896 et
1684 2822 1873 2896 hominum
1892 2827 2042 2918 segnitie
2062 2840 2168 2921 atque
2191 2852 2312 2901 socor-
2340 2837 2347 2857 ⁸

1324 2929 1384 2999 dia
1403 2951 1444 2998 eo
1460 2927 1579 3021 potior
1595 2943 1628 3000 et
1641 2928 1879 3014 commodior,
1903 2931 2001 3024 quod
2017 2929 2104 2998 anni
2118 2944 2230 3001 metas
2254 2946 2313 3003 ut-

1325 3053 1486 3123 cunque,
1512 3050 1576 3100 nec
1589 3053 1700 3125 usque
1717 3031 1804 3100 adeo
1818 3031 1972 3102 multum
1990 3032 2172 3103 differenti
2189 3035 2234 3104 ab
2249 3036 2313 3105 ob-

1325 3133 1585 3204 servationibus
1608 3133 1834 3219 discrimine,
1859 3133 2136 3220 circumscribit,
2165 3160 2259 3230 quae
2285 3138 2314 3207 si

1326 3237 1428 3306 novis
1450 3235 1635 3305 annuatim
1659 3235 1905 3305 notationibus
1927 3236 2163 3329 explorandae
2187 3255 2314 3326 esseut,

1326 3338 1386 3408 vix
1402 3362 1561 3432 unquam
1578 3349 1672 3409 recte
1686 3337 2006 3419 constituerentur,
2034 3353 2314 3437 sequereturque

1325 3440 1427 3510 foeda
1443 3453 1643 3532 temporum
1660 3439 1831 3512 confusio.
1873 3437 1944 3509 Vix
1960 3464 2055 3510 unus
2071 3441 2215 3513 enimet
2230 3445 2314 3515 item

1326 3544 1415 3613 alter
1437 3543 1598 3636 intanto
1617 3541 1792 3634 reperitur
1809 3536 1998 3611 hominum
2014 3567 2183 3629 numem,
2208 3571 2316 3639 quem

1327 3658 1447 3735 tangat
1468 3658 1529 3714 aut
1548 3644 1687 3715 adficiat
1708 3669 1792 3715 cura
1809 3645 1974 3729 iuvandi,
2000 3650 2259 3732 conservandi,
2283 3665 2316 3719 et

1327 3747 1546 3839 propagandi
1571 3770 1690 3815 veram
1717 3749 1762 3816 de
1782 3741 1970 3819 Astrorum
1995 3747 2153 3818 motibus
2180 3752 2316 3822 doctri-

1327 3873 1421 3918 nam.
1459 3847 1611 3919 Plurimi
1627 3861 1745 3918 antem
1761 3861 1801 3919 ut
1814 3848 1962 3918 minime
1979 3850 2211 3920 necessariam
2231 3879 2317 3924 con-

1327 3963 1510 4035 temnunt,
1536 3951 1671 4030 rident,
1699 3964 1733 4020 et
1750 3951 1965 4043 explodunt,
1992 3966 2053 4024 aut
2074 3964 2115 4024 ut
2132 3954 2317 4026 difficilem

1328 4066 1537 4123 aversantur
1553 4065 1588 4123 et
1598 4055 1791 4142 refugiunt.

1430 4186 1637 4283 Aegyptiaci
1652 4187 1738 4257 anni
1756 4187 1846 4259 ratio
1856 4201 1956 4258 vetus
1971 4204 2040 4276 est,
2067 4215 2145 4261 eam
2162 4188 2219 4283 (ut
2236 4197 2318 4288 opi-

1328 4289 1413 4388 nor)
1436 4288 1646 4361 Astronomi
1671 4291 1779 4383 primi
1802 4293 2050 4362 construendis
2065 4306 2318 4388 etpropagan-

1328 4395 1383 4465 dis
1405 4395 1607 4464 mediorum
1629 4407 1794 4463 motuum
1820 4391 2028 4465 Canonibus
2060 4390 2320 4486 adhibuerunt,

1327 4510 1369 4568 ut
1393 4496 1540 4567 caeteris
1563 4495 1736 4598 aptiorem
1772 4508 1806 4565 et
1839 4496 2137 4588 commodiorem,
2172 4518 2319 4597 propter

1328 4598 1598 4691 aequalitatem,
1624 4610 1700 4666 tum
1718 4598 1814 4689 quod
1833 4596 1871 4664 in
1889 4597 2072 4692 aequalem
2089 4599 2236 4673 dierum
2252 4631 2318 4676 nu-

1266 4730 1275 4747 ·
1328 4723 1466 4768 merum
1481 4698 1646 4792 aequales
1658 4711 1776 4768 motus
1793 4699 1932 4770 facilius
1951 4701 2074 4772 diduci
2092 4704 2257 4794 possint,
2280 4733 2317 4778 ac

1328 4800 1515 4885 distribui,
1540 4813 1618 4869 tum
1636 4802 1733 4894 quod
1749 4800 1812 4869 alii
1828 4803 1979 4895 quilibet
1996 4804 2083 4874 anni
2097 4808 2318 4882 resolutione

1329 4904 1467 4975 dierum
1486 4901 1590 4974 t'acile
1611 4897 1668 4971 his
1693 4904 1922 4997 expediteque
1945 4919 2129 4997 aptentur,
2166 4935 2209 4981 ac
2235 4937 2318 4984 con·

1327 5009 1541 5079 formentur.¹
1589 5000 1833 5078 Retinuerunt
1853 5029 1934 5076 eum
1952 5032 2087 5079 aunum
2103 5014 2245 5085 summi
2267 5041 2318 5086 ar·

1328 5110 1437 5180 tilices
1460 5108 1702 5193 Ptolemaeus,
1729 5104 1967 5201 Cupernicus‚
1995 5125 2029 5182 et
2054 5112 2238 5188 artificum
2264 5120 2317 5188 iu·

1327 5211 1461 5285 stitutis
1477 5212 1607 5285 rectius
1622 5209 1808 5296 convenit,
1834 5235 1941 5305 quam
1957 5213 2038 5284 usui
2055 5216 2220 5307 publiuo.

1431 5343 1569 5416 Graeca
1593 5344 1685 5416 ratio
1710 5344 1910 5437 perplexior
1932 5360 2004 5419 tota
2037 5362 2071 5420 et
2103 5350 2324 5430 laboriosior

1329 5448 1417 5532 tuit,
1440 5461 1475 5518 et
1491 5447 1611 5517 miuus
1632 5459 1737 5521 certa.
