4748 6022
284 285 359 360 691
396 280 409 298 ⁰
874 267 1295 364 QUAESTIONES
1329 266 1728 357 ACADEMICAE.
2240 278 2322 360 692

288 453 400 545 Quasi
414 477 498 524 vero
512 447 606 523 hanc
619 470 729 521 unam
742 447 789 519 ob
800 450 940 517 cansam
951 461 1178 537 repurgatum
1189 457 1278 521 esset
1326 430 1395 516 No.
1409 448 1447 520 2.
2111 457 2177 539 (ω.
2195 457 2313 540 1532)

287 554 540 646 Evangelinm,
579 565 622 623 ut
640 565 732 622 artes
756 551 846 621 iusta
867 548 1085 639 possessione
1108 563 1277 621 moveret·
1327 544 1457 570 Μ
2105 548 2324 585 “⁹“

288 657 394 730 Nunc
407 682 463 727 res
476 656 637 749 loquitur
650 653 746 744 ipsa,
770 647 957 739 Evangelii
973 651 1142 722 beneficio
1158 653 1277 743 digni·
1396 659 1428 716 tn
1445 660 1605 747 Quaesitor.
1619 661 1786 788 apostatice.
1805 662 1925 738 ptsqq.
1942 695 1979 710 -
2011 667 2244 741 apographon„
2258 675 2324 732 aaa

290 774 396 832 tatem
419 758 549 830 artium
570 754 745 848 patelieri,
771 764 806 823 et
828 750 961 841 augeri.
1011 750 1056 821 td
1079 777 1203 824 acuere
1219 754 1277 822 in·
1426 731 1563 791 ww·
1580 736 1634 802 ¹²⁸¹
1677 731 1705 789 ⁵·
1856 763 1858 766 ⁴

292 860 465 932 dustriam
484 854 692 941 hominum,
716 867 750 926 et
767 852 916 924 excitare
932 855 977 922 ad
993 854 1199 926 discendum
1214 857 1277 924 de·
1327 895 1416 963 lm
1438 913 1488 964 m
1508 891 1646 986 zoylm
1666 894 1708 963 t'tt
1729 893 1908 986 mmm
1928 916 1954 966 a
1978 897 2133 971 Graec&
2151 897 2202 971 ὼ
2222 922 2321 976 'm

291 965 407 1034 bebat.
451 953 552 1030 Olim
568 959 728 1028 calebant
742 955 871 1024 mirum
884 954 924 1022 in
941 957 1087 1026 modum
1102 951 1189 1026 haec
1202 969 1278 1027 stu·
1629 995 1682 1064 m
1709 993 2019 1088 praecipimus?

293 1065 373 1147 dia,
406 1085 487 1132 cum
509 1063 687 1138 deessent,
718 1055 783 1150 qui
802 1057 941 1127 tradere
963 1070 1116 1148 possent.
1172 1055 1278 1128 Nunc

294 1166 335 1234 in
356 1163 506 1233 maxima
530 1161 629 1252 copia
652 1157 847 1230 Doctorum
870 1157 1105 1249 optimorum,
1136 1153 1278 1230 scholae
1328 1137 1427 1229 cnm
1441 1159 1583 1250 publica
1598 1161 1818 1231 consuetudo
1831 1157 1922 1231 mihi
1938 1165 2181 1239 necessitatem
2198 1170 2238 1242 in
2252 1167 2323 1246 boc

292 1289 420 1358 parum
442 1264 642 1356 frequentes
664 1273 760 1334 sunt.
808 1253 858 1329 Et
879 1281 960 1329 cnm
983 1274 1084 1329 antea
1104 1261 1277 1331 obductae
1329 1259 1553 1331 ornatissimo
1582 1284 1746 1331 consessu
1770 1261 1916 1333 dicendi
1942 1263 2120 1356 imponat,
2162 1295 2254 1364 rogo
2276 1299 2324 1348 ne

295 1368 365 1443 situ
386 1378 420 1436 et
442 1364 605 1459 squalore
627 1359 798 1432 lacuerint
819 1371 929 1446 artes,
954 1385 1052 1431 nunc
1069 1375 1279 1454 receperunt
1328 1376 1386 1430 me
1413 1362 1530 1452 potius
1561 1360 1803 1453 impudentia,
1836 1388 1943 1457 quarn
1974 1367 2091 1439 officio
2123 1373 2324 1448 adductum

293 1469 460 1538 nitorem.
516 1460 707 1534 Dialectica
730 1463 1025 1553 prorsusobruta
1047 1476 1121 1534 erat
1144 1464 1279 1535 calum-
1329 1485 1401 1533 esse
1420 1463 1647 1547 existimetis,
1680 1477 1720 1535 ut
1739 1459 1804 1535 has
1826 1478 1942 1556 partes
1963 1470 2188 1561 susciperem.
2242 1475 2323 1547 Mi.

293 1569 364 1656 niis
379 1567 594 1660 quibusdam
608 1562 857 1636 Grammaticis
865 1558 890 1649 ,‘
901 1587 966 1634 nec
984 1559 1220 1635 adhibebatur
1232 1567 1278 1634 ad
1329 1563 1426 1632 nime
1455 1577 1573 1635 autem
1601 1565 1699 1636 decet
1719 1567 1959 1637 adolescentes
1981 1573 2186 1660 garrulitas,
2213 1600 2323 1669 prae-

292 1693 370 1739 eam
395 1668 512 1760 aliqua
535 1665 678 1737 dicendi
700 1665 921 1752 exercitatio,
945 1666 1023 1735 sine
1039 1691 1110 1759 qua
1126 1665 1279 1756 intelligi
1329 1664 1449 1735 sertim
1472 1666 1503 1737 si
1525 1666 1752 1755 aodliantora
1768 1680 1855 1739 natu
1871 1669 2079 1742 maioribus.
2128 1673 2249 1764 Quare
2268 1681 2323 1750 ef.

294 1794 369 1841 non
397 1781 523 1862 potest.
572 1763 723 1861 Physica
744 1767 870 1836 mutila
891 1779 985 1853 erat,
1017 1767 1163 1839 deerant
1183 1769 1277 1839 enim
1329 1766 1460 1850 ficiam,
1486 1791 1531 1836 ne
1550 1768 1607 1837 vel
1629 1790 1745 1838 mores
1767 1791 1864 1838 meos
1886 1771 1942 1839 vel
1958 1773 2155 1844 orationem
2170 1794 2322 1871 propter

267 1920 270 1926 -
293 1865 538 1954 Mathemata,
562 1892 605 1937 ex
628 1866 758 1963 quibus
772 1867 844 1937 fere
860 1891 982 1938 omnes
999 1867 1038 1936 in
1052 1863 1202 1963 Physica
1217 1871 1280 1940 de-
1329 1862 1866 1961 prolixitatemreprehendatis.
1918 1867 1966 1941 Et
1985 1888 2026 1945 ut
2045 1889 2193 1949 veterem
2209 1877 2320 1954 acho·

178 2048 179 2054 1
295 1971 570 2042 monstrationes
589 1984 791 2041 sumuntur.
844 1967 997 2039 Moralia
1020 1969 1223 2042 invaserant
1239 1970 1277 2039 in
1328 1969 1444 2038 larum
1468 1993 1601 2039 morem
1616 1993 1822 2062 sequamur,
1845 1997 2040 2065 proponam
2057 1979 2319 2069 quaestionem,

296 2073 552 2163 possessionem
574 2065 809 2159 Theologiae,
841 2070 890 2139 ita
911 2084 952 2140 nt
974 2083 1048 2141 tota
1070 2071 1160 2142 ratio
1187 2073 1278 2142 vitae
1329 2093 1504 2164 quaenon
1515 2084 1587 2141 tam
1597 2066 2189 2167 habetdislicilemdisputationem,
2204 2080 2319 2176 quain

182 2255 188 2269 .
293 2155 517 2244 Christianae
544 2170 656 2261 magis
682 2171 752 2240 iam
776 2194 796 2240 a
818 2165 1070 2264 Philosophia,
1103 2197 1209 2267 qnam
1232 2175 1278 2264 ah
1329 2171 1526 2262 exemplum
1546 2169 1647 2266 utile.
1696 2170 1848 2266 Zoylum
1869 2174 1988 2262 aiunt,
2020 2201 2099 2248 cum
2120 2181 2320 2274 scripsisset

283 2270 490 2365 Evangelio
519 2284 709 2370 peteretur.
759 2267 812 2343 lta
841 2286 936 2344 totns
965 2268 1095 2346 chorus
1119 2275 1280 2367 discipli·
1329 2271 1519 2343 maledicos
1541 2272 1653 2343 libros
1676 2275 1843 2345 adversus
1864 2272 2083 2366 Homerum,
2105 2280 2236 2356 iudicio
2257 2298 2320 2357 to-

295 2400 422 2448 narum
447 2377 615 2450 confusus
636 2370 909 2469 etpertu'rbatus
924 2387 1016 2460 erat,
1061 2372 1166 2446 Nunc
1181 2388 1278 2469 post·
1329 2373 1399 2443 tius
1421 2370 1589 2445 Graeciae
1611 2373 1651 2444 in
1669 2366 1849 2469 Olympiis
1873 2377 1917 2446 de
1939 2400 2022 2450 saxo
2046 2381 2318 2476 praecipitatum

295 2505 401 2574 qnam
424 2482 628 2550 emendatae
651 2491 751 2562 sunt,
783 2489 817 2547 et
840 2500 904 2546 suo
927 2499 1085 2570 quaeque
1109 2476 1279 2568 disposita
1329 2497 1413 2545 esse.
1464 2473 1538 2562 Alii
1567 2488 1715 2547 narrant
1743 2476 1783 2545 in
1807 2500 1948 2548 crucem
1972 2494 2089 2552 auum
2115 2504 2202 2561 esse.
2251 2483 2320 2560 Est

169 2566 177 2583 .
295 2583 393 2664 loco,
417 2580 479 2649 ille
489 2583 597 2650 ardor
609 2578 825 2658 studiorum,
849 2578 911 2669 qui
925 2579 1105 2670 quondam
1119 2577 1198 2662 init,
1222 2601 1279 2647 re-
1330 2576 1437 2665 igitur
1452 2574 1638 2664 Quaestio:
1665 2572 1755 2647 Iure
1773 2599 1818 2647 ns
1830 2575 2012 2677 supplicio
2027 2581 2188 2682 capitali
2195 2640 2206 2672 ,
2228 2611 2320 2683 pro-

295 2682 445 2752 stinctns
460 2694 522 2751 est.
566 2679 639 2749 Nec
653 2701 756 2748 cansa
772 2678 918 2761 catalis,
944 2677 1183 2761 meoiudicio,
1207 2678 1279 2748 nisi
1354 2683 1408 2746 ter
1422 2674 1603 2758 convicio,
1624 2672 1777 2772 ¹Zoylns
1793 2671 2041 2781 affectasset?
2088 2680 2142 2757 Ae
2157 2690 2319 2780 primum

297 2784 393 2876 quod
420 2782 471 2851 sic
498 2793 550 2851 eat
570 2796 697 2851 natura
722 2773 931 2863 hominurn,
963 2779 1159 2868 praesentia
1183 2779 1277 2849 bona
1326 2700 1415 2847 liaeo
1436 2774 1608 2848 acerbitas
1630 2779 1744 2850 videri
1764 2775 1878 2874 potest
1898 2781 2042 2857 iniusta.
2091 2784 2204 2878 Leges
2218 2791 2317 2861 enim

296 2883 386 2953 solet
406 2882 576 2955 fastidire.
626 2879 696 2952 Sed
719 2879 749 2948 si
772 2878 862 2969 grati
877 2877 952 2948 Deo
975 2880 1087 2950 videri
1104 2880 1278 2972 cupimus,
1329 2902 1401 2950 non
1419 2879 1576 2968 puniunt
1592 2880 1771 2962 convicia,
1796 2883 1951 2974 inpares
1965 2885 2079 2972 dicta,
2103 2890 2320 2980 capitalibus

295 3008 415 3078 aquo
448 2979 533 3053 haec
563 2981 721 3071 ingentia
747 2981 842 3050 bona
872 2981 916 3050 ad
943 3004 1007 3051 nos
1030 2995 1279 3071 pervenerunt,
1328 2980 1463 3072 poenis.
1508 2977 1603 3050 Cum
1627 2980 1721 3051 enim
1745 2984 1871 3053 debeat
1891 3005 1963 3054 esse
1985 2989 2168 3078 proportio
2188 2989 2320 3065 Arith-

292 3077 462 3178 profecto‘
475 3085 592 3155 danda
611 3097 663 3155 est
682 3103 808 3175 opera,
831 3104 877 3150 ne
891 3105 931 3150 ea
948 3082 1208 3173 comtempsisse
1224 3081 1278 3152 vi·
1328 3082 1453 3151 metica
1481 3080 1603 3150 damni
1628 3094 1662 3153 et
1682 3106 1836 3176 poenae,
1874 3108 1940 3156 nec
1960 3087 2119 3158 convicia
2143 3092 2320 3166 damnum

294 3189 453 3257 dearum.
505 3185 693 3275 Quaedam
709 3182 849 3276 pietatis
872 3205 953 3272 pars
970 3182 1057 3264 erit,
1082 3207 1277 3274 ,agnoscere
1328 3181 1420 3252 vitae
1450 3182 1617 3270 afferant,
1649 3207 1764 3277 poena
1792 3186 1898 3257 etiam
1929 3209 2005 3258 non
2032 3181 2137 3261 debet
2161 3215 2237 3264 esse
2259 3219 2321 3268 ca·

295 3287 458 3357 coelestia
479 3309 644 3370 munera,
667 3306 777 3379 eaque
797 3296 874 3354 tum
895 3283 1073 3370 excolere,
1096 3300 1173 3356 tum
1190 3308 1277 3355 con-
1327 3283 1459 3376 pitalis.

294 3410 443 3460 servare.
501 3383 619 3481 Atque
641 3381 710 3456 hoc
731 3408 806 3455 non
827 3384 935 3455 modo
957 3398 1076 3455 nostra
1099 3408 1202 3456 causa
1223 3389 1277 3456 fa-
1428 3381 1567 3455 Deinde
1581 3408 1628 3455 ne
1636 3382 1788 3456 iniuriae
1798 3387 1941 3481 quidem
1951 3389 2210 3481 existimantur,
2233 3419 2320 3468 cum

294 3489 460 3558 ciendum
473 3501 536 3573 est,
560 3489 620 3558 sed
636 3486 808 3557 debemus
821 3479 915 3556 banc
929 3508 1072 3578 operam
1086 3483 1277 3578 Reipubli-
1327 3511 1401 3558 non
1425 3509 1542 3557 mores
1563 3498 1626 3557 aut
1645 3486 1809 3557 voluntas
1825 3488 2067 3581 vituperatur,
2092 3498 2154 3564 sed
2172 3496 2320 3570 artificis

280 3613 355 3661 ‘eae
377 3612 417 3660 ac
433 3590 619 3660 universae
632 3586 840 3680 posteritati.
889 3583 980 3656 Nam
994 3586 1032 3656 in
1048 3582 1113 3658 hac
1126 3589 1277 3660 statione
1328 3587 1466 3659 inscitia
1480 3585 1765 3680 reprehenditur.
1814 3587 1927 3662 Porro
1940 3591 2075 3689 Zoylus
2086 3620 2229 3668 carmen
2238 3596 2319 3672 llo·

294 3691 481 3762 collocavit
505 3714 573 3761 nos
589 3687 749 3780 Respub·
773 3701 813 3759 ut
840 3700 933 3758 artes
964 3687 1008 3757 ad
1039 3689 1148 3759 vitam
1170 3691 1277 3761 utiles
1327 3691 1416 3760 meri
1438 3691 1596 3775 taxabat,
1620 3714 1695 3760 non
1715 3688 1790 3760 cius
1812 3715 1928 3765 mores
1946 3706 2007 3766 aut
2023 3697 2142 3769 vitam.
2191 3697 2319 3790 Quare

292 3814 554 3864 conservemus.
614 3784 687 3861 Nec
707 3801 805 3881 putet
826 3812 862 3858 ae
884 3789 921 3857 in
946 3811 985 3856 re
1005 3813 1112 3878 parva
1134 3791 1275 3863 deiran-
1329 3791 1470 3861 videtur
1484 3790 1613 3862 iniuste
1630 3804 1774 3863 necatus
1789 3815 1875 3868 esse.

292 3891 685 3984 dasseRcmpuhlicam,
708 3891 739 3961 si
755 3890 835 3983 quis
850 3889 1067 3978 negligenter
1080 3890 1274 3962 secitsnnm
1430 3891 1499 3983 Sed
1528 3917 1601 3962 non
1631 3907 1681 3963 est
1703 3893 1890 3979 credibile,
1926 3893 2098 3967 Graecam
2121 3896 2317 3988 nationem,

291 3995 461 4067 officinm.
511 3991 626 4064 Debet
648 3990 890 4085 unusquisque
905 3988 1163 4062 Paterfamilias
1186 3994 1276 4064 libe-
1327 4018 1396 4087 qua
1411 3990 1505 4063 nihil
1520 3993 1588 4067 suit
1605 3989 1808 4080 humanius,
1835 4008 1869 4066 et
1885 4022 1974 4092 quae
1988 3995 2188 4068 libertatem
2202 4000 2241 4069 in
2258 4027 2316 4072 re-

156 4163 162 4173 ,
290 4096 343 4166 ris
362 4095 453 4180 suis,
477 4108 519 4167 ut
539 4093 651 4186 magis
668 4088 934 4185 hocpublicnm
949 4092 1204 4184 patrimonium
1219 4119 1276 4165 re-
1327 4089 1562 4187 prehenaione
1583 4095 1756 4167 artificum
1780 4097 1934 4169 facilime
1954 4098 2057 4181 tulit,
2093 4112 2225 4171 temere
2247 4098 2316 4174 hoc

289 4196 454 4291 linquere
467 4196 623 4277 studeat,
649 4220 755 4289 quam
771 4194 955 4284 proprium
969 4194 1133 4270 fundum.
1184 4192 1275 4267 Nam
1326 4196 1545 4288 exemplum,
1570 4212 1641 4268 tam
1656 4197 1886 4269 memorabile
1908 4200 1947 4272 in
1966 4199 2118 4293 Zoylum
2139 4202 2316 4281 statuisse.

288 4297 448 4389 privatae
467 4321 523 4367 res
539 4297 670 4379 teneri,
693 4296 764 4366 nisi
779 4293 977 4387 Republica
995 4297 1086 4366 bene
1102 4300 1275 4375 constitu·
1329 4297 1450 4393 ltaque
1478 4297 1638 4368 existimo
1671 4321 1730 4367 eos
1753 4293 1819 4369 hac
1841 4300 1978 4372 ratione
2000 4315 2115 4372 motos
2137 4326 2231 4374 esse:
2266 4303 2316 4379 Ut

289 4411 346 4484 ta,
369 4420 444 4467 non
460 4411 619 4489 possunt.
1326 4399 1485 4469 convicia
1524 4398 1654 4492 quihus
1689 4397 1843 4470 laeditur
1872 4408 2036 4474 maiestas
2067 4402 2232 4494 imperii,
2281 4421 2315 4480 et

392 4496 491 4568 Haec
510 4497 592 4568 ideo
614 4497 688 4568 dixi
711 4498 1026 4589 pluribusverbis‚
1052 4511 1092 4569 ut
1106 4498 1181 4580 illi,
1211 4500 1274 4590 qui
1327 4499 1551 4590 Principum,
1572 4500 1714 4589 capitali
1734 4501 1908 4592 supplicio
1932 4503 2148 4595 puniuntor:
2178 4504 2232 4577 lta
2254 4532 2316 4601 pe-

287 4614 471 4693 praetestu
484 4595 672 4690 Evangelii
689 4600 802 4670 bonas
818 4613 909 4671 artes
923 4615 1175 4691 aspernantur,
1198 4624 1275 4669 me-
1325 4602 1474 4670 tnlantia
1500 4601 1537 4670 in
1561 4594 1863 4691 reprehendendis
1882 4607 2016 4677 artibus
2031 4620 2092 4676 aut
2107 4609 2314 4680 excellenti·

287 4700 480 4787 minerint,
520 4703 549 4773 ai
568 4698 756 4794 Evangelii
782 4701 930 4790 gloriam
951 4701 1105 4792 graviter
1124 4701 1274 4778 laedere.
1324 4703 1392 4772 bus
1407 4702 1617 4788 artificibus,
1641 4701 1886 4793 capitalisesse
1900 4706 2088 4778 iudicanda
2103 4723 2167 4779 est.
2221 4709 2312 4782 Nam

285 4799 367 4877 Hoc
388 4806 502 4877 molto
520 4804 631 4900 magia
645 4806 744 4875 decet
758 4799 997 4887 Christianos,
1023 4800 1090 4874 Dei
1105 4804 1200 4872 dona
1213 4827 1274 4872 ve-
1323 4816 1357 4875 et
1377 4816 1470 4873 artes
1489 4805 1531 4872 ad
1557 4803 1697 4897 imperii
1721 4804 1900 4895 fastigium
1920 4807 2119 4901 pertinent,
2143 4823 2184 4882 ut
2208 4812 2312 4905 leges.

285 4907 425 4987 noran,
449 4906 571 5002 eisque
591 4927 673 4977 cum
694 4907 887 4998 gratiarnm
905 4905 1063 4990 actione,
1087 4918 1127 4976 ut
1141 4903 1283 4977 Paulus
1322 4903 1416 4978 Sunt
1439 4903 1534 4975 enim
1552 4905 1668 4994 legum
1691 4907 1817 4981 fontes.
1869 4907 1984 4983 Recte
2001 4909 2111 5001 igitur
2127 4908 2311 4986 indicave-

285 5007 423 5102 inquit‚
457 5007 522 5079 uti.
571 5005 703 5101 Precor
723 5020 839 5078 antem
859 5001 1060 5088 Christum,
1091 5019 1131 5077 ut
1155 5008 1270 5078 studia
1320 5004 1552 5093 runthaeci,
1571 5004 1723 5100 Zoylum
1733 5020 1902 5105 tanquam
1911 5038 2011 5086 reum
2022 5014 2134 5084 laesae
2144 5014 2311 5088 maiesta-

283 5122 407 5182 nostra
428 5110 474 5180 ad
491 5109 679 5180 utilitatem
696 5109 874 5201 publicam
890 5111 1081 5198 girbernet,
1107 5124 1141 5179 ct
1158 5111 1271 5179 bonas
1320 5108 1383 5192 tis,
1408 5109 1536 5180 ultimo
1551 5107 1725 5200 supplicio
1743 5110 1969 5185 afficiendum
1983 5139 2076 5198 esse,
2098 5119 2308 5207 praesertim

282 5226 376 5284 artes
396 5225 599 5296 conservet,
619 5211 790 5303 quoniam
806 5224 846 5281 ut
861 5210 907 5279 ab
919 5210 995 5302 ipso
1009 5221 1170 5282 ostensae
1185 5225 1269 5281 sont
1318 5234 1399 5281 cum
1415 5211 1452 5279 id
1466 5210 1505 5279 in
1518 5221 1618 5281 tanto
1632 5215 1934 5286 conventutotius
1944 5214 2115 5288 Graeciae
2128 5220 2175 5288 ad
2190 5243 2311 5291 exem·

198 5355 201 5361 -
277 5308 437 5385 hnmano
453 5310 594 5405 generi,
614 5310 663 5382 ita
678 5311 895 5399 conservari,
919 5313 990 5385 nisi
1003 5313 1177 5384 divinitus
1191 5332 1269 5382 ‘non
1316 5313 1416 5404 plum
1438 5310 1641 5403 pertineret.
1695 5305 1785 5385 Erat
1806 5313 1902 5385 enirn
1924 5318 2102 5388 monenda
2122 5317 2310 5407 iuventus,

275 5428 437 5506 mount.
704 5475 708 5483 .
1315 5432 1362 5484 ne
1383 5413 1607 5490 malediceret
1627 5409 1782 5502 artibus,
1804 5429 1865 5490 aot
1888 5418 2142 5492 excellentibus
2161 5422 2311 5504 artifici»,
