4748 6022
220 296 296 374 183

230 469 297 544 No,
313 467 372 538 14,
1053 478 1103 519 an.
1120 453 1214 519 1522.

1050 543 1215 575 w

299 665 389 786 Appd.
402 666 559 732 Secariuma
586 663 657 784 item¹
671 661 700 716 in
721 676 784 758 opp.
795 647 1226 775 13...ῐῶΧάριεέιέιιιὴιρῖρ

335 737 537 874 tebllllmpbdlrll
549 735 773 857 llincelrlreddr'eel
780 743 941 862 1ἰΐδιὲιίριίε
955 736 1227 860 postte'aeat.ltvi·

331 875 389 931 ses.
410 874 444 929 τ.
456 875 503 930 ιιι.
521 891 548 945 p.
560 872 644 928 εεει.

601 1035 660 1102 tte
685 1018 862 1119 Hesiodo·
909 1004 918 1018 ⁰

241 1180 361 1270 Οὗτος
373 1179 445 1282 μὲν
459 1176 686 1277 πανάριστος
700 1174 740 1258 ὃς
755 1172 861 1268 αὐτῷ
875 1162 999 1242 πάντα
1014 1158 1138 1261 νοήσει

240 1284 515 1392 φρασσάμενος,
538 1279 616 1358 adal
630 1281 752 1354 ἔπειτα
760 1272 824 1349 καὶ
832 1275 867 1356 ἐς
875 1263 1068 1365 τέλοςῆσιν
1076 1260 1230 1362 ἀμείνω.

241 1389 375 1473 ἐσθλὸς
390 1387 428 1464 ‹t’
447 1382 496 1461 αὖ
512 1386 699 1470 κάκεῖνος,
727 1378 767 1461 ὃς
783 1369 823 1450 εὖ
842 1367 981 1447 eludare
995 1368 1163 1496 niqqare.

242 1492 293 1578 cde
307 1490 389 1568 dias
401 1489 477 1585 μετ’
494 1488 598 1584 αὐτῷ
612 1482 715 1577 νοέη,
742 1477 822 1575 W
841 1477 955 1548 ἄλλου
971 1471 1123 1546 ἀκουαν

244 1597 284 1672 ἐν
299 1597 417 1690 θυμῷ
432 1586 624 1690 βάλλεται,
653 1582 712 1659 lid'
731 1576 809 1656 αὖτ’
829 1573 980 1673 ἇχρήϊος
994 1569 1101 1669 ἀνήρ.
1152 1614 1158 1624 ·

246 1732 381 1807 Omnia
400 1711 462 1821 per
477 1752 550 1798 sese
565 1725 628 1820 qui
644 1719 824 1817 praevidet
835 1713 991 1807 optimus
1007 1711 1068 1780 ille
1085 1725 1153 1781 est:

245 1833 435 1905 Proximus
450 1831 510 1900 ille
526 1844 644 1900 tamen
660 1824 720 1918 qui
738 1832 835 1912 paret
848 1831 940 1886 recta
955 1813 1132 1883 monenti:

248 1933 318 2007 Sed
333 1932 395 2028 qui
412 1956 484 2001 non
502 1930 592 2022 sapit
608 1930 693 2020 ipse,
719 1947 782 1992 nec
801 1919 901 1988 audit
914 1930 1007 1985 recta
1019 1927 1236 1997 monentem,

248 2035 364 2107 lnvita
381 2035 413 2103 ei
427 2049 583 2104 mentem
598 2031 725 2099 misero
740 2035 865 2093 natura
880 2018 1033 2108 negavit.

598 2207 700 2271 Aliter
724 2203 884 2265 redditum.

244 2370 248 2377 '
304 2360 336 2433 1.
388 2356 462 2445 Qui
482 2353 581 2422 nullo
598 2349 772 2419 monitore
791 2357 901 2434 potest
918 2341 1076 2411 facienda
1090 2338 1221 2423 videre,

235 2461 426 2553 ..Quaeque
438 2461 573 2535 decent,
599 2473 758 2544 quaeque
776 2460 921 2515 eventus
936 2448 972 2511 in
990 2443 1239 2510 finesecundos

253 2562 347 2634 Sunt
363 2565 502 2627 laudern
520 2556 695 2644 paritura,
721 2547 864 2639 suisque
879 2548 1097 2634 obtemperat
1115 2542 1190 2633 ipse

243 2648 441 2743 Consiliis,
467 2678 581 2724 mores
601 2676 683 2721 vera
697 2649 835 2718 ratione
848 2647 1062 2731 gubernans,

255 2751 379 2836 Anteit
398 2757 455 2828 bic
470 2758 557 2826 alios
572 2755 702 2823 virtute
717 2764 750 2820 et
766 2749 930 2817 laudibus
945 2769 1080 2818 omnes.

307 2869 342 2939 2.
394 2861 487 2932 Sunt
504 2858 564 2926 alii
581 2855 700 2922 minus
717 2851 859 2940 ingenio
878 2848 1036 2939 plerique
1051 2868 1200 2936 sagaces,

214 2990 220 3009 ⁸
254 2967 330 3058 Qui
348 2965 470 3057 pardre
487 2974 605 3030 tamen
624 2953 747 3024 curant
764 2950 910 3048 meliora
928 2949 1099 3034 monenti,

255 3068 470 3142 Laudandos
487 3062 580 3130 intcr
598 3071 689 3126 recte
705 3066 940 3124 numerantur
952 3065 986 3121 et
1000 3050 1069 3124 isti.

309 3171 345 3240 a.
396 3166 467 3238 Sed
499 3161 561 3256 qui
596 3183 661 3229 nec
690 3156 783 3247 sapit
815 3155 907 3245 ipse,
936 3177 1002 3222 nec
1025 3150 1125 3222 audit
1147 3164 1240 3221 recta

614 3333 616 3339 ,
711 3271 907 3340 monentes,

257 3374 330 3447 Nee
346 3370 478 3464 patitur
494 3369 631 3447 frenos,
654 3385 719 3430 nec
736 3359 852 3448 legum
869 3354 1011 3425 vincula
1028 3367 1139 3438 curat,

252 3475 326 3549 'Sed
343 3492 477 3565 pronus
492 3465 667 3560 sequitur,
692 3487 763 3555 quo
778 3458 883 3530 traxit
896 3482 993 3527 caeca
1010 3455 1135 3539 libido,
1150 3511 1153 3522 .

256 3576 327 3649 Hic
343 3575 475 3650 malus,
500 3594 539 3638 ac
555 3566 639 3635 odio
654 3564 781 3650 dignus
798 3563 964 3640 ducatur,
989 3571 1022 3627 et
1037 3558 1131 3627 idern

260 3677 422 3750 Accerset
439 3695 569 3766 poenas
584 3667 653 3736 sibi
668 3666 828 3749 tandem,
855 3676 887 3732 et
902 3660 1015 3732 tristia
1032 3661 1174 3733 damna.

1106 3872 1216 3882 ananau.

547 3876 1038 3893 ώφ--μ--ωῃ--ο-μκυ-ο-
1049 3876 1058 3883 ι.
1070 3875 1103 3882 --ι

264 3893 335 3906 ——o

1051 4061 1116 4156 (a.
1134 4065 1243 4143 1⁵22.)

1067 4156 1235 4185 Μ

328 4275 360 4328 ln
379 4271 514 4340 ferragine
537 4269 626 4322 Secer.
646 4264 735 4329 editu
757 4263 822 4316 item
842 4262 870 4316 in
889 4280 952 4333 npp.
975 4261 1034 4316 Bas.
1052 4261 1132 4319 T.V,
1151 4261 1245 4332 p,837.

363 4347 441 4411 Apud
458 4340 583 4392 vincens.
602 4354 626 4399 p.
644 4338 700 4387 101.
737 4331 825 4386 Etiam
843 4331 870 4384 in
882 4330 997 4403 Scriptis
1010 4332 1084 4400 publ.
1099 4334 1174 4386 acad.
1189 4333 1246 4384 Wi-

362 4413 416 4468 ιιι.
434 4409 466 4464 τ.
481 4407 529 4462 ιιι.
550 4401 673 4476 puoh.

308 4576 369 4645 De
390 4572 552 4644 lectione
578 4563 746 4635 Homeri.
797 4561 934 4651 (Sebeda
949 4565 1068 4646 publice
1084 4563 1199 4647 affixa.)

263 4724 356 4796 Vera
372 4742 423 4798 est
439 4726 530 4794 lama
546 4721 661 4789 bonos
677 4713 800 4804 agitari
818 4710 966 4783 nurnine
984 4710 1099 4800 Vates,

312 4827 400 4898 Nam
417 4827 515 4897 Deus
530 4822 674 4892 illorum
690 4832 831 4908 pectora
850 4827 942 4886 casta
958 4829 1088 4891 movet.

263 4928 418 5000 Virtutis
435 4939 615 5017 praecepta
626 4935 783 5004 canunt,
804 4941 844 4988 ae
860 4917 999 4988 vatibus
1016 4932 1120 4990 autor

315 5030 482 5100 Tradidit
499 5027 535 5095 in
553 5025 654 5097 terris
671 5023 730 5091 illa
746 5021 904 5092 docenda
919 5018 1026 5089 Deus.

263 5123 446 5227 Largaque
461 5154 540 5200 cum
557 5128 655 5199 coelo
674 5125 793 5192 veniat
806 5119 988 5199 facundia,
1016 5144 1138 5193 rursus

316 5234 461 5330 Eloquii
480 5234 572 5301 vires
585 5229 693 5298 altera
709 5228 803 5294 dona
818 5222 928 5292 dedit.

262 5333 326 5409 ltu
344 5339 453 5426 igitur
466 5335 575 5426 pietas
591 5328 764 5423 quaedam
779 5346 987 5413 cognoscere
1002 5321 1211 5412 Homerum,

315 5437 404 5510 Cum
419 5440 512 5507 bona
527 5436 571 5503 de
588 5451 755 5523 superum
769 5426 1013 5495 muncrasede
1028 5427 1129 5500 ferat.

959 202 1284 354 construunt
1327 269 1435 349 Llll.
1473 269 1505 344 l.

2113 302 2115 308 ⁴
2190 268 2269 349 tat

2079 447 2273 532 (assu.)

2098 539 2274 568 w

1286 442 1354 515 Nn.
1376 442 1434 517 16.

1288 540 1450 567 Μ

1345 651 1376 705 ln
1390 643 1528 715 tongins
1539 644 1633 700 Secer.
1669 643 1738 699 Ιιειιι
1752 643 1781 699 in
1795 662 1860 717 opp.
1877 642 1937 701 Bes.
1955 641 1989 699 T.
2000 642 2034 700 V.
2053 661 2081 718 p.
2090 614 2152 701 836.
2163 654 2191 700 et
2203 645 2275 716 apud

1381 716 1510 771 vincent.
1530 732 1556 786 p.
1569 712 1626 767 180.

1557 860 1616 929 aa
1639 855 1798 930 secundo
1824 855 1979 950 Iliados.

1268 991 1337 1067 'Ad
1353 1014 1463 1061 naves
1479 983 1622 1059 Itlracus
1639 1012 1789 1081 propere
1805 990 1991 1080 contendit
2007 983 2177 1076 Acbivas,

1280 1095 1328 1167 Et
1342 1107 1479 1184 sceptro
1495 1106 1649 1162 armatus
1664 1091 1796 1182 perfert
1813 1092 1978 1160 mandata
1992 1089 2193 1177 Minervae,

1281 1197 1351 1270 Hic
1367 1196 1430 1264 ubi
1443 1196 1535 1263 sorte
1548 1192 1703 1286 aliquem
1721 1216 1909 1284 procerum
1927 1192 2058 1263 virtute
2075 1192 2220 1266 videbat

1283 1300 1542 1379 praestantem,
1568 1295 1702 1365 blando
1718 1296 1905 1364 revocabat
1922 1295 2068 1364 comiter
2083 1319 2157 1370 ore.

1284 1389 2279 1488 Nonbaec‚nondecetbasefortesluga,sistepudendum
2357 1457 2360 1466 .

1285 1498 2281 1591 Sistegradum,incautumquesimulcompescitovulgus,

1287 1603 1435 1675 Atridae
1452 1624 1542 1695 quae
1556 1600 1601 1671 sit
1618 1602 1779 1669 nondum
1796 1599 1971 1670 sententia
1988 1601 2095 1693 nosti,

1239 1744 1242 1754 =
1289 1706 1353 1791 llle
1367 1703 1504 1773 animos
1519 1715 1655 1773 tautum
1674 1703 1770 1771 valer
1785 1701 1990 1792 explorabat
2005 1702 2148 1785 inertes,

1287 1806 1427 1900 Ecquid
1444 1798 1561 1874 adhuc
1577 1804 1672 1871 salva
1690 1805 1820 1893 pudeat
1835 1804 2014 1873 discedere
2029 1800 2152 1873 Troia.

1288 1904 1453 1979 Forsitan
1471 1920 1504 1975 et
1520 1906 1643 1976 turbae
1659 1905 1758 1974 dabit
1776 1900 1858 1990 huic¹
1874 1903 2009 1974 insania
2025 1926 2167 1993 poenas.

1288 2009 1370 2081 Non
1388 2021 1456 2086 est,
1481 2009 1584 2077 crede
1599 2001 1706 2086 mibi,
1733 2004 1872 2095 Regum
1887 2004 2069 2097 placabilis
2085 2005 2149 2091 ira,
2219 2088 2223 2097 Ι

1290 2110 1494 2193 Maiestate,
1521 2122 1645 2200 potens
1660 2131 1778 2177 rerum
1795 2131 1884 2201 quos
1899 2107 2033 2198 Iupiter
2048 2108 2155 2178 auxit.

1290 2212 1384 2285 Huic
1400 2212 1503 2280 etiam
1522 2208 1677 2280 Graecae
1690 2211 1761 2281 dux
1774 2233 1879 2280 curae
1890 2222 1942 2279 est
1954 2207 2068 2298 gentis
2081 2205 2236 2293 Atrides,

1291 2313 1426 2385 Verum
1438 2336 1477 2380 er
1489 2311 1753 2402 plebealiquem
1763 2311 1971 2400 nilmagnae
1982 2310 2097 2381 laudis
2105 2325 2279 2400 egentem,

1292 2414 1397 2486 Tunc
1411 2415 1515 2482 etiam
1530 2412 1659 2481 stolido
1675 2424 1811 2481 tantum
1827 2412 1981 2481 clamore
1994 2412 2147 2482 ferocem

1291 2514 1533 2608 Deprendens,
1550 2515 1637 2583 dure
1648 2514 1844 2605 increpitat,
1856 2515 2280 2607 sceptrumqueminatur.

1293 2616 1375 2706 Quo
1394 2640 1519 2685 vesane
1535 2616 1624 2699 ruis,
1649 2630 1874 2707 mentemque
1885 2612 1968 2708 ¹quis
1984 2614 2126 2707 impulit
2144 2615 2269 2686 error?

1293 2718 1391 2808 Quin
1408 2721 1491 2786 ades
1507 2734 1540 2788 et
1556 2716 1683 2785 melior
1697 2740 1787 2810 quae
1801 2716 1846 2784 sit
1862 2718 2034 2786 sententia
2051 2718 2145 2787 disce

1292 2820 1537 2911 Principibus,
1563 2818 1694 2912 quibus
1708 2831 1758 2888 est
1773 2818 1859 2888 solis
1871 2841 1927 2889 res
1940 2819 2080 2910 publica
2099 2843 2215 2905 curae,

1293 2921 1409 3011 Quam
1427 2946 1539 3013 neque
1556 2920 1724 3006 consilio,
1750 2944 1866 3014 neque
1880 2920 1990 3011 possis
2003 2917 2117 2989 Marte
2133 2922 2269 3005 iuvare,

1293 3020 1475 3094 Omnibus
1493 3015 1549 3090 bic
1567 3024 1749 3114 nunquam
1764 3023 1873 3092 simul
1888 3021 2088 3114 imperitare
2104 3023 2240 3104 licebit,

1294 3125 1381 3196 Nam
1400 3125 1528 3192 multos
1544 3148 1690 3213 regnare
1706 3125 1836 3193 malum
1854 3138 1924 3208 cst,
1949 3120 2027 3193 Rex
2042 3124 2169 3193 unicus
2185 3139 2272 3208 esto,

1292 3225 1361 3296 Cui
1375 3240 1568 3316 sceptrum,
1593 3224 1649 3294 cui
1667 3225 1744 3295 iura
1760 3226 1858 3297 dedit
1870 3224 2061 3296 Saturnius
2075 3226 2151 3311 uni,

1292 3326 1387 3399 Huic
1402 3328 1505 3398 debes
1524 3350 1645 3418 parere
1660 3326 1769 3415 Duci,
1794 3340 1898 3423 atque
1922 3326 2046 3398 audire
2069 3341 2283 3398 monentem.

1304 3515 1507 3527 ---·
1515 3512 2285 3527 -ww--m--u—-n--v-

1364 3825 1394 3879 ln
1411 3825 1548 3894 farragine
1561 3824 1676 3892 Secerii3
1696 3826 1760 3880 item
1776 3827 1804 3880 in
1818 3842 1882 3899 opp.
1896 3825 1958 3885 Bae.
1974 3826 2009 3884 T.
2017 3824 2052 3882 V.
2070 3825 2162 3899 peto.
2174 3836 2200 3881 et
2214 3825 2287 3897 apud

1320 3944 1322 3949 .
1399 3896 1524 3951 Vinccnt.
1543 3915 1570 3967 p.
1583 3895 1643 3951 131.

1454 4043 1514 4108 Ea
1540 4037 1678 4108 Iliados
1703 4035 1796 4110 libro
1822 4046 1950 4130 sento,
1984 4044 2130 4112 Hector.

1297 4176 1372 4246 Ζεῦ
1387 4170 1527 4243 ditione
1543 4167 1643 4256 θεοὶ,
1669 4165 1754 4244 δότε
1768 4167 1815 4267 δὴ
1829 4167 1893 4245 καὶ
1907 4167 2016 4247 τόνδε
2019 4169 2209 4297 periodon

1296 4270 1401 4347 παῖδ’
1419 4271 1528 4366 ἐμὸν,
1556 4269 1606 4355 ὥς
1617 4270 1678 4345 καὶ
1696 4267 1836 4372 ε’γώιιερ
1854 4273 2051 4370 ἃριπρεπεα
2066 4268 2261 4369 τρώεσσιν.

1297 4373 1371 4450 (ὅδε
1384 4369 1493 4468 βολήν
1508 4373 1536 4447 τ’
1556 4370 1707 4474 ἀγαθὸν
1721 4371 1785 4446 καὶ
1799 4372 1895 4448 lliov
1911 4373 1969 4473 ἶφι
1984 4370 2172 4450 ἅνᾶσσειν.

1296 4474 1360 4551 καὶ
1373 4475 1464 4550 ποτέ
1469 4476 1661 4571 accitaque,
1688 4473 1827 4569 πατρὸς
1837 4473 1875 4550 d'
1887 4474 2099 4578 ὅγεπολλὸν
2107 4473 2287 4569 ἀμείνων,

1299 4580 1348 4673 ε’κΙ
1356 4577 1516 4670 πολέμου
1531 4575 1704 4665 ἀνίοντα,
1730 4577 1835 4675 φέροι
1851 4575 1889 4653 d'
1910 4579 2025 4678 ἔναρα
2037 4573 2257 4676 βροτόεντα,

1298 4676 1444 4760 κτείνας
1458 4673 1567 4774 δήϊον
1583 4676 1706 4776 ἄνδρα
1713 4733 1725 4766 ,
1749 4677 1882 4778 χαρείη
1898 4677 1939 4755 δὲ
1956 4680 2077 4780 φρένα
2090 4675 2226 4781 μήτηρ.

1299 4814 1336 4891 O
1352 4817 1469 4908 superi
1488 4819 1592 4889 talem
1611 4819 1687 4888 beri
1704 4817 1885 4887 concedite
1899 4830 2057 4908 gnatum,

1301 4920 1427 5010 Qualis
1443 4943 1505 5009 ego
1522 4923 1651 5005 existo,
1677 4934 1713 4990 et
1730 4922 1860 4990 virtute
1881 4921 2049 4990 excellere
2063 4921 2170 5007 cives,

1206 5090 1207 5093 ,
1303 5021 1483 5114 Ingensut
1501 5021 1633 5113 patriae
1651 4994 1696 5092 sil
1712 5012 1996 5114 praesidiumque
2013 5023 2191 5118 decusque

1299 5121 1347 5195 Et
1362 5125 1551 5216 siquando
1567 5121 1657 5193 redit
1674 5146 1774 5192 caeso
1789 5122 1962 5193 foeliciter
1974 5119 2089 5210 hoste,

1299 5222 1348 5296 Et
1365 5225 1487 5316 spoliis
1503 5237 1644 5309 auctus,
1670 5223 1891 5294 conclament
1906 5226 2066 5319 undique
2082 5225 2215 5301 Troas:
2260 5307 2266 5315 ,

1299 5323 1369 5395 Hic
1384 5341 1524 5417 superat
1540 5328 1669 5398 virtute
1682 5339 1834 5418 patrem,
1861 5348 1951 5420 quae
1965 5325 2075 5418 gloria
2090 5330 2190 5418 gnati

1299 5426 1444 5500 Soletur
1458 5427 1595 5499 tristem
1609 5427 1734 5500 matris
1750 5440 1952 5522 recreetque
1964 5443 2154 5508 senectam.
