4748 6022
202 134 283 212 Md

205 309 257 386 Ua
272 314 410 382 sumnm
426 300 518 399 patri
534 303 609 377 reri
625 305 821 377 reddantur
835 299 1005 396 honora,

208 513 262 588 Ac
279 514 347 582 late
364 509 400 578 in
417 511 552 579 mando
571 523 782 601 spargantur
796 534 945 582 munera
962 506 1112 601 Christi,

258 614 458 705 Quaerunt
474 609 603 701 placati
618 613 766 703 pignora
783 625 876 681 certa
894 611 1013 703 patris.

78 790 82 797 ,
206 714 256 793 Et
269 726 416 800 curent,
439 726 480 783 ut
498 714 544 784 sit
558 712 694 801 placata
710 709 868 785 Ecclesia
883 710 1031 796 Christi,

258 813 508 909 concordique
523 826 647 905 regant
663 838 742 897 ore,
767 813 907 911 fideque
923 839 1074 908 gregem.

209 922 266 996 Sit
278 917 403 1012 procul
421 941 440 986 a
456 911 591 988 Christi
607 915 784 987 discordia
799 938 900 987 saeva
916 917 1101 1000 ministris,

260 1022 411 1114 Namque
429 1016 531 1105 Deus
543 1017 689 1112 poterit,
715 1042 788 1087 non
802 1018 871 1088 nisi
888 1044 970 1111 pace
987 1019 1065 1091 coli.

189 1131 193 1137 ’
210 1123 319 1196 Nulla
333 1124 408 1191 lues
423 1119 552 1199 ovibus
565 1134 720 1204 tantum,
745 1143 817 1189 non
834 1121 908 1191 ulla
925 1146 1072 1206 venena,

263 1223 450 1315 Quantum
466 1236 647 1315 pastorum
665 1219 810 1290 dissidia
827 1221 901 1313 ipsa
919 1238 1062 1297 nocent.

211 1324 261 1400 At
275 1326 396 1416 generi
412 1318 567 1393 humano
584 1339 670 1395 tune
685 1346 789 1391 aurea
809 1322 942 1395 vivitur
956 1339 1063 1410 aetas,

264 1428 369 1500 Tunc
383 1423 494 1496 animi
509 1425 653 1517 capiunt
668 1423 795 1515 gaudia
814 1450 895 1496 vera
913 1427 975 1519 pii.

213 1527 304 1601 Cum
320 1525 449 1598 summi
467 1525 578 1615 patris
593 1538 644 1597 est
660 1550 740 1596 vere
756 1528 925 1617 patefacta
947 1528 1123 1609 voluntas,

262 1626 403 1703 Etcum
421 1651 486 1697 nos
499 1652 603 1698 curae
618 1628 784 1697 novimus
799 1651 873 1699 esse
889 1624 978 1700 Deo.

213 1724 374 1825 &amque
392 1753 463 1800 una
479 1725 661 1799 Christum
677 1729 870 1822 tranquilla
881 1725 1039 1801 Ecclesia
1063 1755 1149 1802 voce

260 1831 450 1911 Concinit,
478 1844 512 1902 et
527 1829 647 1902 studio
663 1826 784 1901 laudat
800 1831 934 1926 ubique
951 1832 1039 1924 pari.

212 1933 310 2006 Haec
325 1944 509 2029 praecepta
524 1927 653 2028 canit')
667 1945 786 2002 coetus
800 1935 1001 2024 pastoribus
1019 1934 1094 2027 ille,

263 2031 386 2108 Ollicii
404 2054 576 2104 memores
590 2046 624 2104 et
638 2034 736 2104 iubet
748 2028 777 2130 ²)
795 2057 869 2104 esse
883 2033 950 2106 sui.
1047 2079 1050 2082 -

215 2136 324 2228 Quod
335 2136 537 2231 quicunque
552 2135 645 2222 lacit,
663 2136 756 2207 bona
766 2160 848 2206 vera
858 2150 892 2207 et
905 2136 1202 2243 maximacugctis

262 2239 397 2322 Affert,
420 2261 581 2331 quaeque
598 2251 693 2310 aetas
708 2238 809 2309 nulla
825 2239 967 2311 abolere
985 2254 1109 2333 potest.

211 2603 279 2676 No.
298 2603 380 2671 ια,
1011 2631 1063 2674 an.
1081 2609 1172 2673 1535.

981 2701 1195 2739 Μ

183 2782 186 2787 “
281 2811 364 2882 apsa
381 2808 506 2864 verme
519 2823 546 2881 p,
563 2805 666 2878 seseq.
684 2814 712 2861 a
726 2807 753 2863 u
768 2823 833 2879 opp.
847 2809 908 2865 a...
922 2809 1004 2869 nv.
1015 2812 1119 2884 pass.

209 2981 257 3049 ln
281 2970 471 3047 tenemium
488 2930 660 3041 xlocasses.
687 2960 913 3062 Ernesti,
943 2973 1065 3047 Ducis
1088 2979 1200 3067 Sca„

374 3076 440 3168 qus
464 3064 601 3165 infans
622 3068 784 3144 deceant
812 3094 911 3146 onno
937 3072 1046 3151 lasa

210 3218 542 3321 Quisquisadbunc
551 3222 699 3292 veniens
707 3223 884 3295 tumulum
893 3226 1044 3299 subsiste
1052 3224 1198 3302 Ioannis

259 3327 331 3400 liic
344 3326 431 3416 tegit
444 3320 588 3396 Ernesti
604 3325 754 3414 frigidus
766 3347 843 3395 ossa
859 3325 962 3419 lapis.

210 3428 405 3507 saxonicae
419 3425 533 3517 gentis
547 3420 629 3496 Dux
643 3426 925 3498 servantissimus
939 3431 1044 3529 aequi

261 3528 412 3604 loannes
430 3527 571 3619 genitor
583 3526 640 3596 cui
656 3524 860 3599 Fridcricus
875 3543 960 3604 erat.

101 3658 104 3663 ·
209 3631 395 3708 Menstrua
403 3626 506 3699 Luna
520 3627 628 3699 semel
641 3630 802 3699 nondum
815 3634 1052 3731 compleverat
1059 3635 1196 3725 orbem,

260 3732 352 3807 Cum
367 3731 456 3801 vidit
470 3730 544 3800 nali
560 3729 684 3800 lunera
704 3744 835 3802 moesta
853 3756 992 3825 parens.

210 3836 318 3911 Hunc
331 3849 372 3905 ut
390 3833 559 3924 suspicias
573 3831 708 3901 iaciunt
725 3833 780 3922 pia
798 3847 879 3904 vota
898 3848 1061 3925 parentes

261 3936 461 4015 innocuum
476 3933 608 4024 gremio
627 3935 778 4005 maxime
794 3931 934 4006 Christe
950 3950 1024 4011 tuo.

204 4039 299 4114 iiam
317 4037 427 4131 patris
445 4037 504 4106 illa
523 4035 574 4106 tui
592 4047 660 4115 est,
688 4048 721 4105 te
737 4035 943 4106 testificante
959 4039 1136 4127 voluutas,
1181 4127 1189 4133 .

258 4140 312 4214 Ne
329 4139 428 4231 pueri
446 4151 586 4207 aeterna
601 4151 716 4207 morte
731 4138 847 4227 perire
863 4153 1003 4232 queant.

207 4240 354 4335 flosque
370 4240 470 4309 iubes
486 4241 528 4307 ad
547 4252 582 4307 te
597 4239 697 4307 nullo
715 4235 926 4331 prohibente
941 4242 1073 4330 venire,

256 4341 356 4414 Dicis
371 4353 405 4409 et
420 4334 476 4408 his
493 4340 580 4408 coeli
600 4362 705 4429 regna
724 4356 843 4432 patere
862 4341 925 4417 tui.

206 4440 256 4519 Et
271 4444 415 4539 qrrando
431 4441 524 4509 vitae
539 4441 656 4511 letata
676 4443 818 4512 volente
835 4445 980 4535 peregit,

255 4543 493 4617 Commendat
507 4543 632 4611 fratres
645 4537 711 4612 hac
727 4542 792 4613 tibi
808 4570 892 4617 voce
906 4570 1004 4618 arros:

205 4647 347 4740 liespici
364 4646 425 4741 qrri
441 4645 476 4713 vi
482 4657 570 4713 vernt
584 4666 751 4734 germano
766 4647 938 4737 sanguina
952 4648 1089 4731 fratres,

256 4752 375 4844 Atque
392 4744 447 4818 his
461 4743 603 4817 Christe
619 4761 681 4817 tuo
698 4749 846 4819 nurnine
860 4752 981 4821 dexter
995 4755 1090 4828 ades.

202 4841 339 4923 Felices
356 4862 395 4921 nt
410 4862 491 4919 eant
508 4849 546 4919 in
561 4848 666 4919 sortia
683 4849 770 4920 lacta
788 4852 956 4941 parentis,
999 4934 1001 4941 A

254 4949 301 5026 lit
316 4965 458 5025 teneant
472 4952 584 5023 lausta
602 4952 716 5045 patria
730 4968 866 5044 sceptra
881 4975 1001 5023 manu.

200 5122 407 5142 Μ

235 5215 263 5278 l)
282 5209 382 5278 Script.
395 5203 471 5279 pubi.
489 5208 577 5260 desta

231 5291 260 5363 8)
280 5293 380 5363 §eripe
394 5289 471 5361 publ.
487 5291 566 5343 nno
581 5298 620 5371 ct.

841 68 869 75 ⁷·
933 71 1263 215 GARMiNUh!
1302 135 1410 217 LlB.
1445 136 1505 212 ll.

1167 309 1172 319 ’
1247 309 1313 385 No.
1331 312 1416 387 125.

257 407 305 483 Et
322 423 397 481 toto
414 409 472 477 fiat
486 421 593 478 notus
608 406 646 479 in
664 409 750 478 orbe
764 403 873 481 Deus.
1198 430 1211 439 ·

2169 151 2246 231 ott

2059 355 2109 397 sn.
2131 332 2222 397 lass.

1257 408 1428 438 Μ
2028 424 2244 463 m

1318 524 1428 583 Edilum
1442 550 1456 583 a
1470 529 1617 587 Vincentio
1656 531 1729 590 ,tto
1742 554 1784 608 sq.
1803 534 1850 588 obi
1870 533 2048 591 inscribiturr
2067 536 2243 609 „Francisco

1354 598 1507 653 Vinarieasi
1525 619 1600 655 anno
1621 606 1632 655 l
1655 600 1724 661 w
1750 630 1783 647 ·
1827 605 2065 676 Apogrnpboain
2089 608 2153 666 aod.
2174 609 2243 665 sav.

1352 667 1416 723 Vol.
1430 668 1463 725 ll.
1501 669 1586 728 Ab&
1605 673 1651 726 nbi
1673 671 1848 727 inscribitur:
1872 676 1944 743 „hd
1965 675 2131 747 Magistrum
2153 677 2243 733 Fran·

1353 736 1458 792 οὶιιυω
1477 689 1674 796 ismenem
1689 740 1739 797 Pb.
1755 741 1946 799 Melantbon.'’
1982 743 2125 817 Scriptum
2142 757 2201 803 estr
2227 806 2232 816 ,

1249 892 1499 978 Franctseo
1531 892 1832 987 Buradonis,
1882 898 2147 994 moresensi,
2199 912 2242 980 tn

1185 1019 1189 1026 ·
1251 994 1381 1065 autum
1395 997 1582 1087 Pctncipts
1597 1000 1798 1089 Electorts,
1822 1008 1866 1072 ot
1883 1005 2241 1102 Vieeaonceltortsss,

1668 1110 1812 1173 vocato.

1250 1237 1372 1312 Curta
1387 1241 1564 1315 delectant
1582 1247 1702 1329 aulae,
1728 1242 1946 1341 Frondem,
1973 1282 2109 1330 venena
2201 1244 2208 1253 ¹

1300 1341 1350 1413 Et
1369 1345 1513 1436 capiunt
1529 1348 1688 1418 animum
1698 1345 1725 1439 ')
1746 1376 1820 1421 non
1839 1356 1932 1427 bona
1950 1382 2032 1429 vera
2049 1369 2178 1437 tuum?
2303 1366 2316 1381 '

1252 1444 1350 1534 Quid
1370 1446 1491 1543 titulos
1505 1450 1618 1519 ambis
1635 1465 1668 1522 et
1685 1452 1792 1524 lalsos
1807 1459 1947 1549 quaeris
1968 1454 2135 1553 honores,

1303 1545 1434 1619 Tincta
1452 1566 1625 1622 venenato
1641 1555 1773 1625 fercula
1792 1559 1896 1628 melle
1911 1562 2097 1660 petens?²)

1251 1647 1314 1719 Dii
1328 1650 1395 1719 tibi
1410 1667 1652 1725 monstrarunt
1667 1657 1785 1728 faciles
1800 1661 1894 1731 bona
1910 1686 2012 1749 vera,
2036 1673 2097 1739 sed
2114 1696 2171 1743 ars
2187 1692 2239 1749 est

1303 1749 1400 1820 Haec
1415 1755 1574 1838 novisse,
1599 1761 1707 1827 modo
1726 1755 1782 1830 his
1798 1762 2027 1858 legitimoque
2039 1770 2160 1869 lmi³)0

1251 1852 1463 1925 Suaviolum
1479 1859 1589 1927 roseis
1603 1862 1699 1951 quod
1714 1861 1781 1932 lert
1796 1865 1863 1934 tibi
1880 1881 1972 1937 casta
1982 1864 2013 1963 ⁴)
2026 1871 2174 1957 labellis,

1302 1953 1393 2027 Cum
1403 1952 1432 2049 ⁶)
1447 1958 1579 2049 pariter
1592 1962 1748 2032 coniunx
1766 1982 1885 2056 pectus
1903 1981 1937 2039 et
1953 1994 2013 2040 ora
2029 1979 2168 2066 premit.

1251 2052 1434 2128 Omnibus
1449 2053 1517 2130 hoc
1531 2083 1644 2131 unum
1660 2067 1779 2154 regnis
1796 2091 1835 2137 ac
1849 2072 2016 2142 omnibus
2030 2078 2121 2149 aulis

1302 2154 1422 2250 Atque
1436 2161 1565 2251 opibus
1579 2186 1720 2254 regum,
1744 2167 1776 2237 ‘si
1790 2170 1901 2261 sapis,
1925 2176 2105 2251 anteferes.

1251 2253 1326 2331 Has
1340 2262 1406 2331 tibi
1422 2264 1563 2333 delicias
1579 2265 1689 2335 tristis
1704 2271 1796 2340 male
1817 2276 1959 2346 condiet
1974 2281 2067 2366 aula,

1305 2359 1465 2451 lugentes
1481 2388 1582 2435 curas
1597 2391 1688 2460 quae
1704 2371 1780 2440 sine
1795 2373 1863 2444 bne
1879 2378 1981 2465 parit.

1251 2458 1387 2533 Omnia
1401 2463 1564 2536 Plutonis
1580 2493 1670 2562 quae
1684 2473 1776 2561 regia
1795 2475 1907 2546 t‘ertur
1921 2473 2050 2552 habere

1300 2563 1483 2659 Supplicia
1500 2569 1623 2639 inlelix
1641 2569 1797 2669 afferet)
1813 2578 1894 2648 aula
1909 2579 1986 2651 tibi.

1856 2834 2242 2858 “···‘··-0-—-—e—····-—-

1246 2987 1417 3115 Q

1317 3195 1402 3262 Apud
1427 3195 1556 3254 vincens.
1583 3217 1612 3261 o.
1642 3201 1700 3256 142.
1724 3229 1760 3242 -·
1794 3204 1972 3280 montbar,
1998 3221 2028 3267 nt
2055 3235 2086 3269 ex
2112 3221 2232 3279 eistolis

1347 3264 1460 3363 totu.
1474 3284 1503 3341 p.
1514 3269 1579 3327 872„
1591 3268 1767 3344 intelligitur,
1788 3276 1860 3331 misit
1873 3280 1926 3336 los
1939 3301 2032 3339 versos
2044 3239 2195 3356 spabiim.

1501 3439 1569 3516 En
1590 3448 1708 3521 Arato
1733 3448 1783 3524 de
1807 3453 1981 3531 Gom&

1237 3586 1369 3685 ’Ὁφρα
1385 3620 1440 3676 τις
1454 3593 1573 3695 εὖετίη
1585 3598 1702 3696 χαίρῃ
1719 3600 1983 3706 ποτιδέγμενος
1998 3605 2105 3708 ἁνήρ»
2231 3617 2234 3623 ¹

1242 3686 1335 3786 μήδ’
1353 3691 1425 3768 εἷεν
1439 3697 1529 3770 καθ’
1545 3697 1712 3797 ὕπερθεν
1729 3701 1884 3792 ἐοικότες
1900 3707 2048 3807 ducenae
2063 3718 2145 3795 n's'ss.

1242 3793 1334 3887 μηθ’
1352 3792 1402 3878 εἷς
1417 3794 1509 3894 μήτε
1528 3796 1609 3875 δύω
1617 3857 1628 3890 ,
1654 3802 1748 3900 μηδὲ
1765 3808 1912 3894 πλέονες
1926 3808 2149 3910 κομόωντες,

1243 3895 1368 3969 πολλοὶ
1382 3897 1458 4000 γὰρ
1473 3897 1663 3994 sarstono
1678 3905 1734 3981 ἐπ’
1751 3908 1934 4011 αὐχμηρῷ
1948 3915 2120 4018 ἐνιαυτῷ.

1184 4173 1201 4199 s
1242 4097 1385 4172 Fertilis
1400 4096 1586 4195 Agiicnlae
1602 4111 1692 4180 votis
1709 4113 1889 4206 contingat
1905 4134 1945 4192 ut
1961 4145 2088 4210 annus,

1241 4199 1433 4297 Nunquam
1451 4208 1618 4280 crinitum
1637 4214 1800 4286 videatur
1816 4218 1852 4286 in
1870 4235 1950 4293 aare
1963 4212 2072 4300 sidus.

1241 4301 1322 4374 Non
1337 4332 1430 4377 unm
1447 4311 1623 4399 geminine
1641 4317 1772 4387 micent
1788 4321 1950 4410 pluresve
1966 4341 2138 4416 romelae3
2232 4326 2240 4336 ”

1242 4400 1423 4499 Apparere
1438 4413 1552 4484 solent
1567 4439 1639 4486 non
1654 4418 1746 4489 sicco
1764 4432 1922 4516 tempore
1938 4428 2066 4504 crebri.

1239 4578 1448 4600 ———1-

1273 4669 1302 4736 l)
1322 4670 1403 4726 Viae.
1418 4670 1548 4728 mendose
1558 4677 1697 4734 monam.

1273 4772 1302 4841 Ι)
1322 4774 1392 4830 Cod.
1406 4775 1470 4832 Bne.
1491 4776 1573 4831 nette
1585 4781 1688 4848 uelim,
1706 4785 1824 4856 eredas,
1841 4790 1939 4843 mate·
1953 4802 2054 4847 cumea
2067 4797 2136 4858 peti.

1274 4872 1302 4943 8)
1322 4877 1393 4931 cod.
1410 4877 1477 4937 Bar.
1495 4878 1576 4937 1102·
1587 4887 1688 4938 eodem
1702 4903 1766 4940 om
1777 4905 1876 4963 nosse,
1893 4902 2005 4957 tenere.
2016 4897 2092 4965 srus'.

1273 4979 1307 5047 4)
1318 4979 1381 5048 sert
1393 4982 1445 5036 csso·
1454 4989 1548 5052 usta]
1565 4985 1631 5042 sod.
1643 4985 1709 5042 Bar.
1718 4987 1791 5058 flrlt
1804 4995 1932 5059 metra

1273 5081 1303 5150 5)
1322 5082 1405 5153 Cum]
1423 5085 1485 5143 sod.
1500 5088 1567 5144 Bar.
1586 5090 1676 5147 Dum.

1275 5187 1306 5255 6)
1323 5187 1436 5257 offeret]
1454 5188 1518 5248 eod.
1533 5195 1597 5249 Bar.
1615 5193 1748 5263 sensatas.
1866 5259 1870 5266 ⁷
