4748 6022
167 239 252 315 aar·
530 232 894 333 1111111111
927 231 1125 309 viratu
1157 231 1507 311 11111111
1539 231 1854 316 unctura.
2134 242 2211 317 aas

168 434 271 493 mus,
303 406 492 503 nunquam
514 410 665 483 11111111
684 405 753 480 hoc
769 411 885 481 morbi
904 425 1062 500 tempore
1078 409 1165 479 alibi
1219 421 1253 480 et
1274 433 1378 480 mane
1398 407 1488 481 hora
1511 414 1666 481 secunda
1687 411 1725 482 in
1741 413 1872 484 lectulo
1886 437 1923 484 se
1941 416 2108 506 erigeret,
2132 439 2209 491 1111·Ι

168 539 280 610 quem
298 513 339 585 in
362 512 530 583 cubiculo
552 537 640 601 suo,
672 536 828 607 qumper
850 513 1021 583 scalarum
1035 514 1165 603 gradus
1218 513 1317 583 dicus
1350 515 1396 582 ad
1427 538 1507 583 eum
1539 515 1698 600 accessit,
1737 516 1791 585 ibi
1816 519 1860 586 de
1882 533 1985 588 nocte
2006 519 2210 610 praeterita,

168 616 325 690 sedecim
344 616 608 686 ascendendum
631 617 664 687 ei
688 627 782 701 erat,
812 631 1020 706 pernoctare
1040 614 1166 697 voluit,
1218 616 1358 707 qualem
1372 611 1551 686 habuisset
1566 617 1802 706 significabat,
1827 633 1862 689 et
1875 622 1971 711 quod
1986 643 2130 691 somnos
2143 616 2209 690 ha-

167 733 280 815 atque
304 731 345 791 ut
364 717 404 789 in
425 719 572 789 caereus
587 718 771 802 omnibus,
800 718 850 788 ita
866 719 972 788 etiam
986 718 1026 786 in
1044 712 1110 786 hac
1125 740 1165 785 re
1218 718 1367 802 buisset,
1393 731 1434 788 11
1447 720 1661 810 loquebatur
1674 734 1817 804 tenues,
1842 721 1980 815 aliquos
1997 737 2132 807 111111,
2159 723 2208 791 si·

167 823 245 895 sibi
267 844 344 893 1111
357 820 531 913 pepercit,
556 844 671 916 neque
690 819 977 910 defatigationem
993 819 1116 891 itionis
1131 831 1166 889 et
1218 818 1326 910 bique
1349 821 1478 889 iterum
1501 846 1565 910 per
1585 823 1741 914 quietem
1757 824 1911 907 oblatam
1929 827 2111 918 paulinam
2126 847 2208 895 sen-

167 923 391 997 escensionis
411 922 492 995 talis
513 925 654 1014 refugit.
702 918 760 993 Eo
776 923 1166 1014 igiturtumdeductus
1217 920 1380 991 tentiam:
1407 921 1448 993 Si
1458 922 1553 992 Deus
1569 949 1633 1015 pro
1646 926 1762 1010 nobis,
1773 927 1853 1018 quis
1864 941 1986 997 contra
1996 951 2074 1002 nos.
2102 926 2206 998 Post-

166 1025 312 1119 placide
336 1025 603 1108 obdormiebat,
641 1028 792 1096 durante
815 1048 942 1096 somno
968 1024 1032 1093 illo
1052 1025 1165 1093 ferme
1217 1046 1256 1093 ea
1279 1025 1324 1092 ad
1340 1024 1477 1114 priores
1491 1022 1534 1117 ⁵⁰)
1557 1028 1758 1119 quaerelas,
1792 1031 1836 1098 de
1859 1025 2038 1099 Ecclesiae
2061 1030 2208 1098 calami-

167 1129 344 1222 usquead
364 1128 601 1221 vespertinam
616 1142 761 1200 sextam.
814 1125 952 1197 Interea
967 1127 1165 1196 afferebau-
1217 1126 1349 1196 tatibus
1385 1127 1543 1209 redibat,
1586 1142 1621 1197 et
1658 1132 1950 1201 contestationem
1984 1133 2120 1201 doloris
2150 1131 2206 1200 sui

167 1244 230 1303 tur
251 1230 376 1301 literae
394 1231 439 1302 ab
455 1230 577 1302 euticis
591 1254 631 1301 ex
646 1242 803 1301 mercatu
820 1227 1106 1301 Francofortensi
1121 1228 1165 1297 de
1217 1240 1363 1320 propter
1377 1223 1461 1313 has,
1487 1243 1522 1315 et
1538 1231 1829 1320 significationem
1846 1235 1941 1323 spei,
1967 1259 2074 1327 quam
2097 1228 2208 1302 111111-

168 1331 353 1425 suppliciis
371 1331 519 1424 piorum.
539 1328 725 1404 hominum
746 1333 786 1401 in
803 1328 941 1417 Gallia,
967 1329 1165 1423 dequibus
1217 1342 1271 1399 ret
1294 1332 1338 1399 de
1360 1331 1564 1420 posteritate
1591 1333 1760 1425 optimam
1778 1330 1817 1429 ³¹)
1848 1348 1994 1426 propter
2022 1335 2207 1427 perspicue

170 1458 256 1507 111111
275 1448 356 1526 post
377 1457 544 1507 somnum
561 1435 608 1507 ad
623 1459 703 1507 eum
722 1435 932 1519 referretur,
955 1431 1085 1503 Nullos
1099 1433 1164 1500 do·
1217 1433 1423 1523 explicatam
1448 1447 1651 1506 nostrarum
1668 1432 1905 1507 Ecclesiarum
1929 1438 2149 1520 doctrinam,
2171 1449 2208 1506 et

169 1537 266 1609 lores
286 1536 449 1628 corporis
466 1537 525 1607 sui-
546 1549 665 1609 tantos
687 1560 760 1607 esse
785 1536 941 1620 dicebat,
967 1534 1094 1629 quanti
1110 1555 1165 1603 es
1218 1550 1298 1605 vota
1320 1560 1385 1627 pro
1407 1533 1563 1606 Ecclesia
1588 1538 1757 1609 miscebat
1780 1540 1939 1608 ardentia
1965 1542 2009 1608 ad
2033 1538 2149 1633 Deum
2171 1551 2207 1607 et

168 1650 250 1711 11111
279 1639 391 1709 animi
422 1653 569 1732 propter
599 1636 779 1710 Ecclesiae
813 1640 902 1709 tales
938 1639 1165 1720 calamitates,
1216 1638 1366 1726 gemitus
1381 1633 1445 1727 ³²),
1470 1653 1575 1731 atque
1591 1641 1638 1709 ita
1656 1643 1839 1732 productis
1855 1667 1934 1711 cum
1949 1665 2078 1732 genero
2094 1663 2207 1732 usque

169 1764 263 1834 qnae
289 1753 505 1832 augerentur
536 1742 827 1814 distractionibus
850 1766 924 1810 nou
945 1740 1164 1818 necessariis,
1217 1742 1261 1808 ad
1293 1741 1435 1809 tertiam
1466 1742 1671 1835 colloquiis,
1713 1767 1754 1813 eo
1786 1759 1944 1836 tempore
1968 1745 2139 1813 deductus
2164 1765 2206 1810 ex

168 1855 207 1913 et
224 1842 424 1918 1111111111
443 1846 644 1937 petulantia
664 1869 806 1930 eorum,
831 1845 895 1936 qui
916 1867 998 1912 cum
1022 1842 1165 1912 anobis
1217 1842 1380 1912 cubiculo
1403 1843 1472 1913 fuit
1494 1846 1540 1912 ad
1562 1845 1731 1914 lectulum
1746 1845 1848 1916 illum
1866 1847 2057 1915 viatorium
2071 1846 2110 1912 in
2126 1867 2207 1912 mu·

165 1944 411 2017 discessissent
426 1961 566 2041 praeter
589 1970 730 2017 cansam
755 1946 904 2015 immani
921 1940 964 2032 26)
988 1944 1071 2013 odio
1097 1969 1165 2012 no·
1216 1968 1296 2014 saco
1314 1945 1536 2020 collocatum.
1570 1944 1625 2015 lbi
1641 1961 1717 2015 tum
1733 1950 1926 2017 obversans
1940 1947 2209 2041 aliquantisper,

166 2042 433 2119 strinihilnon
450 2050 663 2120 molirentur
679 2060 713 2116 11
726 2059 911 2137 parcerent
926 2046 1075 2125 nemini,
1101 2046 1164 2113 de·
1215 2060 1334 2134 postea
1357 2048 1544 2132 decubuit,
1577 2070 1755 2118 sermones
1781 2047 1894 2121 habiti
1918 2075 1985 2141 pro
2010 2048 2208 2119 occasioni·

166 2172 240 2241 que
259 2144 327 2220 hac
341 2173 381 2219 re
394 2150 508 2221 multa
522 2149 679 2238 graviter
695 2162 865 2240 quaestus.
876 2160 928 2219 est
940 2142 1003 2237 η),
1029 2161 1069 2215 ut
1085 2169 1164 2235 per·
1215 2148 1282 2215 bus
1298 2148 1406 2228 varii,
1432 2148 1546 2217 donec
1562 2151 1858 2234 obdormisceret,
1890 2166 1926 2221 et
1940 2148 1982 2244 ³³)
2001 2152 2098 2220 iuter
2121 2152 2209 2218 dor-

163 2250 412 2321 turbationem
427 2271 592 2341 magnam
608 2271 683 2318 esse
703 2262 900 2341 appareret.
952 2246 1075 2341 ltaque
1096 2241 1164 2314 hoc
1215 2248 1400 2317 miendum
1423 2249 1550 2318 leniter
1573 2255 1763 2340 respiraret
1786 2277 1825 2322 11
1847 2253 2019 2331 suaviter,
2045 2265 2086 2319 ut
2106 2253 2206 2318 vide-

162 2363 244 2422 tum
263 2352 449 2440 agebatur,
474 2363 514 2422 ut
533 2350 740 2421 recitatione
756 2350 937 2419 literarum
958 2348 1078 2417 minus
1098 2348 1165 2419 tri·
1215 2362 1314 2419 retur
1339 2350 1477 2440 placide
1506 2352 1697 2443 quiescere.
1758 2350 1814 2422 Ex
1847 2349 1916 2421 hoc
1947 2351 2208 2442 expergefactus

163 2452 277 2523 stium
301 2465 335 2523 et
356 2453 581 2524 sermonibus
596 2450 702 2523 etiam
718 2452 908 2522 astantium
925 2446 1164 2519 hilariusculis
1215 2474 1341 2520 somno
1361 2447 1404 2546 ³⁴)
1426 2453 1517 2522 11111
1543 2449 1668 2522 horam
1696 2467 1828 2524 sextam
1859 2453 2089 2538 matutinam,
2123 2476 2206 2521 cum

164 2552 330 2624 adolore
346 2555 598 2642 abduceretur,
623 2578 694 2648 quo
712 2568 746 2626 et
761 2555 957 2646 profectum
980 2552 1050 2621 fuit
1069 2576 1163 2619 non·
1214 2553 1364 2642 capillus
1389 2554 1422 2620 ei
1450 2554 1631 2623 videretur
1658 2553 1817 2643 longior,
1856 2557 1945 2647 petit
1968 2580 1988 2624 a
2010 2578 2141 2645 genero
2165 2568 2207 2625 ut

164 2648 285 2741 nibil,
305 2653 424 2728 Multa
441 2657 535 2729 enim
549 2671 668 2750 postea
685 2669 719 2728 et
734 2656 889 2728 suaviter
903 2655 1022 2726 omnia
1038 2654 1164 2747 loque·
1215 2649 1312 2724 hunc
1334 2656 1405 2723 sibi
1427 2658 1660 2746 praecideret,
1690 2659 1791 2728 cuius
1821 2658 2022 2727 ministerio
2053 2658 2097 2727 ad
2128 2680 2207 2726 eam

165 2756 294 2843 hatur,
319 2760 363 2828 ad
388 2760 628 2853 praesentium
651 2780 857 2829 sermonum
879 2757 1098 2838 occasiones,
1123 2768 1164 2827 ut
1214 2781 1288 2826 rem
1313 2780 1452 2848 semper
1470 2759 1523 2827 uti
1547 2759 1703 2849 solebat,
1745 2785 1816 2853 quo
1840 2761 1932 2829 facto
1958 2760 2065 2830 etiam
2091 2774 2206 2830 vestes

166 2858 268 2930 iocos
286 2860 393 2933 etiam
408 2875 440 2933 et
456 2863 550 2934 risus
565 2874 769 2952 usurparet,
795 2883 946 2955 eumque
964 2883 1001 2928 se
1017 2859 1164 2950 pracbe-
1213 2860 1325 2927 lineas
1355 2861 1513 2929 internas
1548 2874 1705 2946 mutare,
1740 2862 1906 2955 qualibus
1940 2863 1984 2931 ad
2010 2863 2207 2931 fovendum

165 2974 242 3048 ret,
281 2975 322 3033 ut
354 2962 459 3036 multi
495 2988 575 3035 cum
608 2962 800 3034 certissima
828 2986 888 3056 spe
914 2962 1164 3030 couvalescen-
1215 2960 2206 3051 111111111111111111111111111111111111111111111
2324 3018 2329 3023 .

166 3058 301 3161 tiae“)
325 3062 389 3135 1111
411 3088 555 3158 vespere
577 3067 623 3140 ab
639 3090 681 3136 eo
699 3065 931 3137 discederent.
985 3061 1163 3132 Produce-
1215 3064 1320 3131 aunis
1335 3064 1552 3154 triplicibus,
1588 3089 1658 3134 una
1677 3090 1783 3155 super
1798 3069 1866 3135 alia
1890 3069 2054 3145 inducta,
2086 3062 2206 3135 Etiam

165 3165 304 3255 11111111
327 3166 390 3237 illa
411 3168 607 3265 colloquia,
633 3170 728 3264 quod
753 3168 798 3237 iis
815 3166 985 3237 'delectari
1001 3164 1164 3234 animad-
1214 3166 1462 3236 redimiculum
1483 3191 1615 3236 novum
1640 3170 1747 3260 capiti
1770 3172 1929 3238 sumebat
1953 3171 1997 3237 de
2015 3192 2141 3259 genere
2159 3166 2205 3233 li-

167 3281 367 3341 verteretur
384 3270 495 3341 ferme
519 3295 633 3366 usque
656 3273 700 3342 ad
716 3266 842 3341 horam
859 3282 1028 3340 octavam.
1080 3264 1163 3356 Quo
1213 3292 1363 3337 neotum
1388 3269 1531 3338 illorum
1555 3269 1715 3362 qualium
1739 3296 1804 3363 per
1824 3284 1944 3341 noctes
1966 3285 2135 3347 ususest,
2171 3281 2206 3338 et

166 3383 329 3463 tempore
347 3395 428 3444 cum
447 3372 558 3468 quieti
580 3397 616 3443 se
632 3374 717 3443 dare
734 3374 858 3458 vellet,
882 3372 1024 3442 condita
1047 3392 1162 3439 cerasa
1212 3372 1288 3462 ipse
1302 3371 1397 3441 inter
1413 3371 1476 3440 diu
1491 3394 1630 3462 semper
1644 3374 1742 3441 domi
1762 3376 1948 3454 utebatur,
1981 3396 2093 3465 eaque
2113 3373 2151 3439 in
2166 3395 2204 3438 re

167 3474 371 3546 assumebat
393 3476 529 3569 aliquot
549 3489 584 3546 et
607 3475 682 3543 vini
706 3469 910 3544 haustulum
936 3496 1068 3551 unum,
1102 3468 1164 3563 qui
1213 3496 1249 3540 se
1264 3473 1505 3564 propinquum
1522 3496 1624 3543 suum
1634 3468 2077 3544 loannemReuchlinum
2088 3472 2205 3545 virum

166 3572 238 3645 fnit
262 3568 409 3648 haustus
431 3576 530 3648 illius
554 3589 772 3671 postremus,
798 3589 839 3646 ut
856 3576 899 3643 ad
918 3596 1081 3666 somnum
1098 3572 1164 3639 ali·
1212 3573 1447 3642 clarissimum
1481 3573 1615 3641 imitari
1646 3575 1793 3649 dicebat.
1859 3574 1939 3644 Hoc
1965 3576 2075 3665 igitur
2097 3577 2204 3641 modo

164 3675 257 3771 quid
285 3676 387 3770 quasi
415 3678 534 3749 viatici
563 3677 868 3768 suppeditaretur,
907 3698 1013 3768 quem
1044 3688 1163 3743 tamen
1213 3673 1336 3745 ornari
1355 3688 1390 3743 et
1406 3672 1496 3743 comi
1517 3673 1656 3745 volebat
1670 3699 1751 3744 cum
1769 3676 2017 3764 migrationem
2040 3698 2206 3767 praesen-

164 3790 274 3848 nocte
290 3792 456 3871 sequente
473 3794 615 3850 tenuem
631 3779 824 3849 admodum
842 3778 970 3868 eoepit.
1023 3772 1075 3845 lta
1093 3775 1162 3842 iam
1213 3777 1307 3846 tiret.
1357 3773 1472 3845 Paulo
1486 3788 1566 3866 post
1581 3777 1626 3846 ab
1638 3776 1760 3847 amieis
1774 3780 1987 3872 quibusdam
2004 3772 2205 3867 hospitibus

165 3878 411 3950 narrationem
433 3883 683 3972 perduximus,
708 3904 821 3975 usque
843 3882 888 3950 ad
913 3874 1161 3951 1111101111-
1211 3876 1258 3952 D.
1274 3875 1418 3948 Pastore
1441 3874 1636 3967 Torgensi,
1662 3892 1698 3950 et
1718 3884 1873 3973 quodam
1897 3881 1973 3952 eius
1986 3879 2148 3953 Diacono
2165 3902 2205 3945 ac

166 3982 232 4052 das
252 3975 423 4079 Μ111”),
456 4008 547 4077 quae
571 3982 640 4054 fuit
661 3982 915 4072 decimanona
941 3978 1097 4072 Aprilis,
1130 3992 1164 4048 et
1211 3977 1366 4050 Doctore
1388 3980 1526 4049 medico
1541 3976 1805 4064 Kentmanno,
1832 3984 1894 4077 qui
1917 3985 1961 4051 ad
1987 4004 2068 4051 eum
2086 3981 2205 4048 visen-

164 4081 263 4153 ritae
277 4077 439 4177 Philippi
456 4084 497 4154 iu
519 4083 622 4156 terris
637 4085 711 4155 dies
729 4099 895 4160 extrema.
945 4079 1024 4152 Etsi
1043 4095 1161 4151 autem
1211 4083 1297 4152 dum
1309 4095 1554 4165 excurrerant,
1578 4085 1810 4161 salutabatur.
1861 4081 2057 4175 Repetebat
2073 4084 2117 4153 ad
2139 4076 2205 4150 bos

166 4182 400 4276 aegritudinis
423 4202 457 4259 et
479 4186 645 4258 tristiciae
659 4187 898 4281 perturbatio,
924 4209 1031 4280 quam
1050 4208 1089 4253 11
1105 4182 1163 4253 111
1212 4183 1306 4254 inter
1327 4183 1418 4268 alia,
1451 4208 1542 4279 quae
1567 4198 1643 4256 tum
1666 4187 1805 4258 dicebat
1828 4186 1925 4256 varia
1947 4182 2056 4256 hilari
2071 4199 2105 4255 et
2119 4207 2205 4252 voce

167 4308 240 4380 qua
261 4288 471 4360 morientem
493 4313 573 4360 eum
597 4289 773 4374 vidimus,
816 4303 954 4359 tautum
977 4286 1161 4369 sensimus,
1211 4298 1246 4355 et
1271 4299 1407 4369 mente,
1438 4285 1558 4379 spacio
1584 4312 1673 4379 pene
1688 4288 1858 4359 dimidiae
1873 4283 2000 4375 horae,
2024 4308 2205 4358 sermones

167 4409 240 4482 qna
254 4411 329 4460 non
346 4392 518 4484 potuisset
533 4391 704 4462 maiorem
719 4390 860 4462 animus
873 4388 1064 4474 sustinere,
1085 4385 1162 4456 Ha·
1211 4387 1282 4457 diei
1306 4387 1457 4481 prioris,
1483 4404 1526 4460 ut
1548 4393 1592 4463 de
1617 4392 1803 4462 affectione
1829 4392 1940 4460 animi
1955 4391 2012 4460 sui
2028 4392 2121 4481 apud
2139 4382 2206 4456 hos

165 4511 250 4559 rum
264 4490 375 4582 igitur
387 4494 604 4585 perturbatio
619 4494 683 4566 etsi
698 4496 905 4564 memoriam
922 4493 969 4560 111
990 4491 1162 4584 impedire
1210 4489 1319 4561 etiam
1340 4503 1539 4564 testaretur.
1591 4491 1639 4564 Se
1663 4493 1841 4585 privatum
1866 4494 2028 4565 dolorem
2050 4490 2117 4562 Dei
2141 4490 2205 4557 be-

168 4589 270 4679 solet,
294 4608 335 4666 ut
349 4592 442 4668 nihil
457 4597 580 4690 magis,
603 4611 722 4669 tamen
737 4619 828 4690 quae
843 4594 1073 4664 meminimus
1088 4592 1161 4663 col·
1211 4592 1336 4665 uelicio
1368 4591 1508 4662 nullum
1533 4588 1675 4670 habere.
1735 4596 1804 4669 Sed
1830 4609 2019 4684 conspectu
2041 4592 2205 4685 publico-

167 4693 250 4764 latis
270 4697 368 4768 notis
390 4701 539 4786 nostris,
565 4713 601 4771 et
621 4699 803 4769 communi
820 4720 929 4791 opera
944 4720 1042 4767 nuuc
1059 4696 1162 4765 dein·
1211 4719 1291 4765 rum
1314 4694 1490 4765 malorum
1511 4719 1587 4767 sese
1612 4699 1703 4768 affici
1727 4697 1941 4791 posteritatis
1963 4719 2084 4781 causa,
2114 4717 2205 4788 quae

169 4817 253 4886 ceps
267 4799 399 4890 optima
414 4801 494 4888 fide,
518 4817 556 4874 ut
572 4797 742 4873 hactenus
756 4800 921 4870 universa
934 4820 1161 4891 exponemus.
1216 4868 1359 4878 —

1516 4957 1545 5011 2.
1564 4958 1724 5013 nonhabet.

170 5067 374 5086 ----
1243 5044 1289 5112 31)
1307 5042 1381 5098 llaec
1399 5042 1429 5096 11
1447 5043 1492 5096 ed.
1506 5043 1532 5096 2.
1554 5043 1606 5096 itas
1630 5044 1737 5094 dotorr's
1751 5044 1800 5096 sui
1807 5030 1925 5111 propter
1936 5047 2006 5115 1111,
2025 5049 2073 5113 qut
2084 5061 2136 5110 per
2148 5061 2203 5094 no-

1279 5121 1351 5166 stem
1369 5115 1496 5180 graviter
1514 5130 1581 5165 eum
1602 5112 1790 5172 exercuisset,
1820 5131 1903 5182 spem
1923 5126 2020 5169 tumea
2041 5130 2073 5167 se
2097 5116 2203 5165 habere

201 5177 251 5243 16)
267 5189 384 5246 praeter
396 5197 514 5233 eousom
528 5178 661 5247 turmam]
681 5197 710 5231 er
723 5177 765 5237 ed.
776 5178 802 5231 2.
814 5177 984 5233 exciderunt.
1278 5183 1426 5246 optimum.
1637 5206 1640 5211 >

201 5266 252 5334 27)
268 5277 401 5333 quaestus
414 5273 471 5332 est]
489 5267 539 5322 Ed.
552 5269 577 5322 2.
597 5265 778 5336 querebatur.
1243 5265 1289 5332 82)
1306 5265 1357 5320 Ed.
1371 5265 1400 5322 2.
1418 5265 1513 5317 intimi
1524 5269 1620 5320 corate
1633 5270 1763 5334 gemitus.

199 5351 248 5420 28)
267 5352 298 5406 lo
312 5353 356 5409 ed.
373 5358 396 5404 1.
415 5355 653 5408 convalescentiae
668 5351 789 5427 positum
803 5352 1021 5407 1111111111111.
1243 5350 1290 5418 81)
1310 5348 1399 5405 EM.
1418 5359 1445 5402 et
1457 5358 1518 5405 tum
1531 5354 1654 5420 quidem.

198 5436 247 5506 29)
263 5436 349 5503 Mota]
365 5436 416 5494 Ed.
428 5440 455 5495 1.
473 5439 591 5505 Aprttts.
1243 5435 1290 5507 31)
1307 5435 1360 5492 lid.
1372 5435 1399 5491 2.
1417 5434 1466 5489 se
1476 5438 1529 5491 ttoo
1541 5453 1643 5492 somno
1660 5441 1874 5507 expergescere.

166 4891 260 4968 Cum
276 4913 380 4973 nocte
395 4902 458 4974 illa
475 4927 663 4997 perparum
681 4902 918 4986 dormivisset,
943 4914 983 4971 ut
996 4901 1161 4978 diximus,
1244 4956 1290 5028 30)
1308 4868 1443 5025 ,ὦ
1453 4957 1503 5011 Ed.
