4748 6022
95 3979 98 3985 ¹
215 4017 299 4062 vere
333 4004 497 4083 apparet,
540 3986 787 4083 Tyrannidem
822 3985 1105 4059 inimicissimam
1140 4005 1214 4056 esse

215 363 288 436 nr
344 349 349 358 ·
801 342 1222 441 Quansrronns
1259 341 1662 424 acannnrctn
2177 347 2260 438 ora

217 550 289 596 non
316 523 431 593 solum
452 516 695 609 intelligamus
719 515 857 588 erudite
873 514 967 587 dicta
990 537 1212 586 summorum
1263 518 1486 589 doctissimos
1505 515 1602 591 visos
1624 516 1814 606 exsensis,
1840 516 1904 611 qui
1923 515 2152 608 interrogati,
2177 542 2266 591 cum

216 624 426 705 hominnm,
452 623 514 692 sed
536 621 640 690 etiam
665 633 707 689 ut
728 620 772 688 ad
797 635 957 689 nostrum
978 641 1082 688 usum
1099 642 1139 687 ac
1159 617 1213 686 vi·
1263 621 1546 712 respondissent,
1571 644 1608 691 se
1629 618 1755 693 afferre
1776 619 2017 712 Sapientiam,
2043 621 2193 693 miratus
2211 637 2267 694 est

216 745 287 801 tarn
303 725 627 808 accommodemus,
654 736 688 792 et
703 736 799 793 extra
816 716 983 791 Scholam
1003 745 1044 790 ex
1065 720 1213 811 pulvere
1264 724 1402 815 sapiens
1415 720 1605 814 Princeps,
1630 723 1728 794 viros
1740 746 1862 814 graves
1882 737 2021 795 tantum
2040 725 2084 794 de
2101 749 2138 794 se
2153 723 2268 816 polli-

217 833 256 902 in
273 830 413 914 Solem,
439 827 588 898 etvelut
609 825 648 894 in
671 825 780 894 aciem
799 824 1032 917 proferamus.
1084 821 1213 893 Monet
1264 826 1353 911 ceri,
1376 825 1765 916 eteogitansmagnarn
1786 848 1859 897 esse
1879 850 2021 903 causam
2041 822 2151 899 huius
2174 851 2267 896 con·
2358 828 2360 833 ’

217 947 334 1006 autem
349 955 414 1001 nos
429 927 515 999 haec
531 926 703 998 sententia
719 927 763 995 de
778 926 940 995 maximis
962 926 1087 1011 rebus,
1112 924 1213 993 vide·
1264 927 1354 1013 silii,
1388 925 1556 1018 Quaerit,
1581 928 1647 1021 qui
1665 928 1756 1016 sint,
1789 943 1823 999 et
1845 930 1943 1005 unde
1967 929 2128 1019 gentium
2152 930 2269 1001 adve-

218 1037 316 1121 licet,
345 1033 408 1129 qui
432 1033 584 1102 debeant
611 1052 683 1099 esse
707 1028 836 1119 gradus
864 1028 903 1096 in
924 1025 1212 1119 Rebuspublicis,
1264 1029 1384 1116 niant,
1408 1029 1458 1099 ait
1475 1029 1546 1100 sibi
1561 1031 1701 1099 nullum
1719 1054 1847 1101 munus
1863 1030 1984 1101 afferri
1999 1032 2132 1121 gratius
2148 1055 2270 1124 posse,

168 1154 173 1165 “
218 1153 254 1210 et
271 1162 316 1207 ne
331 1131 519 1205 harmonia
537 1133 598 1201 illa
616 1131 791 1216 turbetur,
815 1153 919 1201 suum
935 1130 1063 1224 cuique
1082 1151 1213 1198 munus
1265 1155 1373 1226 quam
1389 1129 1618 1223 Sapientiam,
1636 1132 1756 1227 siquid
1768 1133 1857 1205 utile
1872 1135 1979 1205 rebus
1992 1128 2161 1205 humanis
2176 1159 2269 1226 pro-

220 1240 411 1330 diligenter
443 1236 650 1305 obeundum
683 1255 768 1305 esse.
827 1228 876 1303 Et
902 1233 1070 1327 quoniam
1098 1255 1212 1302 unum
1265 1234 1442 1307 fiteantur.
1496 1232 1554 1304 lbi
1570 1236 1797 1328 respondent,
1822 1258 1859 1305 se
1872 1234 1997 1308 Scotos
2013 1259 2106 1323 esse,
2131 1249 2167 1307 et
2180 1261 2269 1309 cum

219 1342 400 1437 quoddam
422 1330 594 1431 σύστημα
613 1348 685 1416 cst,
711 1349 944 1428 attemperare
967 1333 1213 1429 unusquisque
1264 1336 1445 1407 audissent
1459 1335 1576 1428 ipsum
1589 1337 1720 1408 virtute
1736 1353 1769 1409 et
1785 1339 1942 1429 potentia
1957 1340 2126 1409 excellere
2141 1340 2271 1410 omni·

219 1467 318 1516 suam
347 1437 569 1510 harmoniam
596 1439 642 1508 ad
669 1437 820 1507 aliarum
850 1461 977 1507 vocum
1005 1435 1213 1532 proportio·
1264 1441 1332 1509 bus
1350 1437 1530 1528 Regibus,
1563 1452 1597 1509 et
1622 1451 1741 1510 tamen
1761 1434 1877 1510 adhuc
1900 1437 2050 1513 Scholas
2074 1442 2108 1512 ei
2131 1443 2270 1530 deesse,

219 1570 324 1630 nem,
350 1539 418 1611 hoc
443 1553 513 1621 est,
538 1540 584 1609 ad
610 1540 763 1610 aliorum
787 1539 978 1611 utilitatem
996 1554 1030 1610 et
1051 1551 1212 1609 mutuam
1265 1565 1302 1613 se
1325 1543 1514 1613 consilium
1540 1540 1654 1633 ipsius
1677 1542 1833 1612 adcundi
1855 1543 2005 1635 cepisse,
2030 1560 2072 1617 nt
2094 1568 2177 1616 eum
2196 1546 2266 1615 ad-

219 1645 447 1719 concordiam
469 1643 584 1712 debet.
636 1639 818 1730 Quantam
840 1636 927 1711 haec
950 1641 1024 1710 vim
1048 1636 1213 1724 habeant,
1265 1640 1495 1716 hortarentur
1511 1643 1553 1712 ad
1573 1638 1722 1729 Scholas
1738 1645 2014 1731 constituendas,
2040 1671 2152 1741 eaque
2169 1647 2208 1716 in
2224 1672 2267 1718 re

219 1751 259 1820 in
272 1745 451 1820 Ecclesiae
467 1744 627 1836 exemplo
646 1743 749 1815 facile
765 1744 922 1836 conspici
937 1756 1063 1834 potest.
1109 1739 1212 1815 Reli·
1266 1746 1485 1839 pollicentur
1500 1769 1644 1836 operam
1660 1770 1772 1833 suam,
1796 1760 1836 1817 ut
1854 1746 1977 1820 literae
1992 1773 2115 1819 rursus
2130 1749 2169 1820 in
2184 1745 2266 1820 Eu-

220 1874 311 1946 quae
340 1862 425 1920 sunt
447 1847 581 1942 multae
603 1861 638 1918 et
660 1868 782 1936 graves
805 1846 1062 1939 disputationes
1081 1838 1150 1913 hoc
1175 1843 1215 1912 in
1266 1872 1390 1941 ropam
1405 1861 1696 1940 propagarentur,
1720 1874 1811 1943 quae
1826 1851 1871 1919 ad
1887 1850 1923 1919 id
1938 1864 2077 1943 tempus
2090 1852 2128 1922 in
2144 1851 2266 1924 Scotis

218 1955 297 2025 loco
313 1949 490 2034 Platonis,
516 1971 603 2041 quas
619 1949 764 2033 omitto,
790 1962 824 2018 et
839 1962 950 2019 totam
963 1941 1057 2016 hanc
1071 1969 1213 2017 causam
1267 1964 1404 2021 tantum
1434 1950 1667 2025 delituissent.
1725 1950 1877 2022 Carolus
1907 1953 2106 2025 collaudato
2132 1976 2264 2027 eorum

164 2128 167 2135 ,
219 2053 428 2146 diligentius
452 2050 695 2139 explicandam
710 2050 913 2122 doctissimo
936 2049 1017 2120 viro
1033 2048 1079 2125 D.
1094 2047 1214 2142 Magi-
1266 2052 1415 2122 consilio
1434 2047 1627 2123 honorilice
1643 2077 1702 2122 eos
1716 2054 1860 2145 excepit.
1889 2052 2001 2149 quue
2015 2055 2262 2128 dicuntluisse

220 2172 293 2230 stro
312 2145 534 2225 Alexandro
549 2148 675 2225 Alesio
689 2153 911 2225 commendo.
958 2148 1055 2225 Dixi.
1267 2154 1412 2226 initium
1440 2151 1653 2226 Academiae
1680 2153 1912 2242 Parisiensis,
1950 2172 1985 2229 et
2016 2158 2104 2229 alter
2133 2181 2175 2229 ex
2198 2151 2261 2227 his

456 2333 465 2352 ·
822 2333 831 2352 ‚
963 2332 991 2350 ..
1100 2331 1109 2350 ⁸
1267 2254 1442 2328 Alcuinus
1465 2257 1551 2340 fuit,
1584 2256 1685 2327 cuius
1709 2271 1828 2329 extant
1851 2259 1953 2344 libri,
1986 2285 2095 2353 quem
2118 2273 2265 2352 apparet

302 2334 483 2424 ¹3²⁸P⁰m⁸⁰
503 2333 559 2403 Μ·
587 2331 830 2402 Alexandr*
850 2332 992 2400 ΜΘΝ
1017 2332 1118 2401 Sfflll·
1266 2357 1397 2430 Carolo
1420 2373 1567 2451 propter
1590 2358 1790 2430 doctrinam
1810 2361 2267 2436 fuissefamiliarissimum·

320 2458 390 2531 Hic
406 2462 505 2530 locus
519 2483 594 2529 non
610 2471 662 2529 est
676 2472 779 2550 aptus
794 2457 972 2549 copiosius
986 2454 1214 2548 explicandae
1267 2457 1303 2532 Ο
1321 2460 1494 2550 egregiam
1512 2459 1681 2531 virtutem
1696 2460 1829 2537 Caroli.
1887 2462 1957 2535 Hic
1973 2466 2069 2535 enim
2088 2490 2169 2536 cum
2183 2462 2268 2543 Rex

219 2563 477 2635 eruditissimae
502 2559 662 2631 Platonis
691 2559 905 2644 sententiae,
943 2581 1059 2650 neque
1090 2556 1214 2648 deplo-
1267 2579 1375 2648 esset,
1415 2578 1533 2635 tamen
1566 2559 1659 2633 hanc
1692 2562 1953 2636 Geometricam
1992 2569 2267 2660 proportionem

218 2667 341 2737 randis
355 2660 534 2734 Ecclesiae
550 2676 583 2733 ct
600 2659 832 2752 Reipublicae
849 2659 1118 2729 calamitatibus.
1167 2653 1215 2727 Et
1267 2665 1498 2745 conservavit,
1516 2666 1646 2756 delegit
1660 2667 1903 2753 virosdoctos,
1920 2671 2146 2764 quibuscum
2160 2669 2271 2758 regni

218 2768 332 2838 oratio
358 2780 419 2836 tua
439 2764 627 2835 renovavit
646 2758 738 2831 mihi
761 2760 1028 2831 acerbissimum
1044 2759 1215 2844 dolorem,
1267 2767 1610 2838 administrationem
1633 2770 1920 2843 oommooimooo
1977 2771 2083 2844 Nono
2101 2772 2164 2844 isti
2187 2770 2269 2868 Ty.

218 2895 290 2965 quo
308 2867 463 2951 afficior,
488 2866 626 2959 quoties
648 2864 687 2932 in
711 2877 867 2934 mentem
884 2862 984 2934 venit
997 2861 1073 2931 eius
1087 2862 1215 2930 crude·
1267 2870 1373 2941 moni
1389 2863 1484 2937 nihil
1496 2873 1650 2942 oderunt
1665 2873 1835 2958 acerbius,
1861 2900 1967 2967 qoam
1984 2876 2115 2950 liceras,
2147 2874 2269 2946 Porro

217 2970 346 3054 litatis,
380 2992 470 3062 quae
502 2966 542 3036 in
571 2991 649 3035 mea
677 2966 790 3056 patria
821 2966 990 3034 adversus
1017 2960 1214 3033 Ecclesiam
1267 2973 1312 3040 ad
1338 2971 1582 3063 explicandam
1608 2986 1706 3041 tuam
1730 2976 1973 3068 quaestionem
1997 3001 2088 3068 opus
2117 2992 2196 3049 erat
2221 2980 2270 3049 de

219 3085 412 3144 exercetur.
463 3067 577 3140 Multi
594 3069 690 3138 docti
707 3081 740 3137 et
757 3066 844 3137 boni
860 3066 928 3135 viri
942 3066 1215 3150 interficiuntur,
1265 3073 1558 3166 proportionibus
1579 3075 1714 3160 dicere,
1746 3078 1809 3168 qui
1832 3077 1932 3149 locus
1955 3074 2014 3161 hic
2042 3103 2115 3149 non
2146 3095 2270 3171 potest

218 3176 324 3246 multi
338 3173 479 3244 nobiles
494 3171 686 3240 eiiciuntur
700 3193 742 3239 ex
757 3169 871 3261 patria
887 3169 926 3237 in
942 3169 1107 3252 exilium,
1133 3172 1233 3237 cum'
1267 3175 1397 3268 exponi
1410 3188 1516 3250 totus.
1552 3174 1636 3246 ldeo
1655 3178 1861 3264 differemus
1876 3176 1968 3251 banc
1982 3182 2270 3274 disputationem

218 3276 430 3366 coniugibus
451 3289 486 3344 et
506 3272 624 3365 parvis
648 3271 790 3356 liberis,
820 3284 856 3341 et
877 3271 976 3363 prius
1005 3271 1214 3341 adimuntur
1266 3278 1306 3347 io
1319 3278 1419 3348 aliud
1435 3290 1573 3370 tempus
1590 3281 1824 3354 commodius,
1875 3281 1975 3355 Dixi,

218 3380 269 3450 eis
293 3378 494 3463 facultates,
520 3376 716 3445 inuruntur
737 3374 900 3463 stigmata
918 3373 1092 3443 matronis
1107 3371 1214 3441 nobi-

217 3482 328 3566 libus,
353 3480 581 3570 perforantur
605 3477 748 3567 linguae
767 3477 939 3545 candente
961 3475 1070 3545 ferro.
1121 3470 1213 3545 Cum
1881 3538 1884 3542 ,

217 3585 419 3654 educuntur
436 3582 481 3650 ad
505 3603 632 3669 rogum
650 3578 818 3650 destinati
836 3578 930 3667 igni,
956 3578 1213 3670 praeciduntur
1280 3615 1335 3687 No
1373 3621 1419 3692 12
1984 3631 2026 3691 17
2054 3631 2086 3693 A
2151 3631 2240 3695 ¹530

219 3686 271 3755 eis
284 3687 444 3777 linguae,
470 3707 516 3751 ne
534 3683 655 3751 dicant
677 3683 721 3750 ad
744 3681 930 3772 populum.
983 3679 1043 3750 Sic
1059 3678 1215 3749 saevitur
1274 3670 1445 3744 »οἰκ-ζ
1965 3654 2267 3768 -efff‘v

217 3789 257 3857 in
279 3783 444 3858 homines
465 3785 692 3868 innocentes,
726 3782 756 3850 si
783 3783 848 3876 qni
869 3782 1040 3851 dicuntur
1059 3781 1213 3874 aliquem
1332 3816 1364 3873 ,Β
1383 3819 1496 3888 Quaen.
1518 3839 1544 3891 p.
1565 3818 1632 3877 24⁵.
1651 3839 1712 3892 sqq.
1761 3822 1830 3875 „em
1851 3821 1881 3876 ,a
1906 3821 2040 3878 Metaon.
2063 3825 2169 3882 omn·
2196 3825 2257 3885 ΡΛ

215 3891 444 3973 manifestum
479 3887 628 3956 abusum
661 3885 786 3954 leviter
819 3879 1100 3974 reprehendisse.
1159 3879 1214 3951 lbi
1370 3909 1397 3960 p.
1412 3892 1473 3950 266.
2259 3870 2268 3889 ‘

215 4092 404 4164 Ecclesiae.
456 4090 539 4163 Non
568 4090 663 4160 enirn
695 4089 792 4159 aliud
822 4100 932 4178 agunt
957 4087 1012 4156 illi
1037 4083 1215 4181 Tyranni,
1292 4032 2241 4237 εέἵξῖἒὲζοαξρηΥἰῖξῖὲΐέζωέἰῗῗέἴζθῗὲἵῗῖῗ

217 4195 288 4264 nisi
303 4208 343 4264 ut
358 4194 541 4263 veritatem
556 4215 700 4283 prorsus
714 4190 932 4282 opprimant.
965 4187 1015 4260 At
1030 4189 1213 4260 veritatem
1622 4244 1631 4261 ,
1965 4248 1972 4262 ·

216 4298 369 4366 maxime
391 4295 565 4364 illustrari
588 4293 747 4386 oportuit
768 4294 814 4363 ab
843 4288 919 4378 his,
952 4291 1016 4385 qui
1046 4304 1213 4384 praesunt
1391 4263 1459 4322 ΜΟ
1485 4241 1710 4332 mmm,
1747 4239 1786 4311 ‘l‘
1807 4239 1997 4334 ¹7⁶¹4Pl'll·
2020 4243 2132 4321 ¹53⁶·

215 4395 406 4469 Ecclesiae.
486 4447 491 4454 -
1266 4375 1424 4482 Semper
1449 4391 1488 4460 in
1512 4391 1681 4461 omnibus
1703 4392 1811 4461 rebus
1832 4405 2006 4484 quantum
2030 4395 2150 4484 potui,
2175 4398 2264 4468 dedi

298 4494 444 4571 Adhaec
460 4497 548 4592 quid
563 4496 682 4567 minus
695 4495 863 4566 convenit
878 4494 1093 4586 pastoribus,
1107 4517 1212 4586 quam
1265 4518 1427 4584 operam,
1451 4507 1583 4564 utnon
1599 4495 1718 4563 solum
1730 4492 1844 4563 officia
1861 4519 1955 4580 mea,
1981 4499 2040 4566 sed
2059 4498 2164 4567 etiam
2180 4523 2265 4570 rno-

216 4605 321 4695 lupos
344 4626 416 4671 esse
441 4599 564 4692 gregi?
614 4598 714 4689 Quid
737 4598 857 4669 minus
883 4596 1051 4667 convenit
1077 4590 1213 4664 Christi
1265 4618 1320 4663 res
1346 4595 1418 4664 mei
1440 4595 1543 4665 vobis
1567 4597 1812 4686 probarentur.
1863 4593 1936 4667 Nec
1958 4599 2147 4694 quicquam
2169 4596 2267 4673 mihi

213 4705 398 4790 ministro,
425 4729 532 4800 quam
554 4704 711 4773 membra
726 4694 862 4771 Christi
884 4697 1106 4769 interlicere?
1137 4694 1211 4765 lam
1264 4695 1426 4766 acerbius
1446 4697 1602 4766 accidere
1626 4712 1758 4789 posset,
1784 4722 1890 4790 quam
1907 4700 1989 4770 siin
2010 4729 2065 4772 me
2084 4705 2263 4794 pudorem

214 4805 283 4879 hoc
301 4810 413 4897 magis
434 4807 674 4878 miserandum
695 4818 762 4890 est,
795 4817 935 4874 tantum
960 4824 1032 4870 esse
1054 4801 1212 4869 furorem
1264 4813 1298 4870 et
1311 4798 1519 4870 modestiam
1532 4799 1727 4870 desiderari
1739 4799 1986 4891 intelligerem.
2018 4803 2138 4893 Quare
2150 4810 2264 4878 modo

215 4911 424 5003 pontificum
447 4909 485 4976 in
516 4934 555 4978 ea
578 4907 718 4993 Insula,
751 4930 841 5000 quae
866 4904 1049 4998 quondam
1072 4899 1212 4973 Galliae
1264 4901 1386 4988 etiam,
1412 4927 1492 4973 cum
1515 4902 1658 4993 publica
1682 4905 1901 4973 consuetudo
1923 4901 2011 4974 mihi
2032 4907 2070 4977 in
2094 4903 2263 4981 hocloco

150 5059 152 5062 ⁴
213 5030 320 5109 atque
337 5008 552 5081 Germaniae
574 5011 740 5100 magistra
765 5007 949 5099 religionis
971 5005 1059 5090 fuit,
1084 5029 1125 5074 ex
1141 5029 1209 5097 qua
1264 5005 1408 5075 dicendi
1423 5004 1662 5076 necessitatem
1679 5004 1908 5097 imposuerit,
1932 5031 1995 5077 vos
2012 5034 2118 5100 rogo,
2146 5024 2187 5083 ut
2203 5037 2264 5082 me

213 5119 311 5188 velut
334 5112 506 5187 Coloniae
529 5104 678 5182 Scholae
702 5112 741 5180 in
763 5107 902 5180 Gallias
925 5123 957 5180 et
980 5105 1210 5177 Germaniam
1263 5108 1378 5178 officio
1397 5107 1531 5200 potius,
1555 5132 1661 5202 quarn
1677 5106 1811 5197 ingenii
1829 5109 1958 5179 fiducia
1975 5113 2167 5184 adductum
2185 5115 2263 5184 exi-

213 5219 381 5290 deductae
406 5230 509 5303 sunt,
536 5238 627 5308 quae
650 5208 846 5304 hospitium
865 5212 977 5285 literis
1002 5211 1114 5302 pulsis
1136 5224 1210 5282 tota
1262 5210 1432 5296 stimetis,
1463 5210 1563 5283 utin
1587 5204 1652 5281 hac
1675 5235 1805 5303 pompa
1827 5204 1890 5303 has
1913 5228 2030 5301 partes
2055 5216 2264 5307 reciperem.

211 5314 357 5412 Europa
371 5319 548 5414 praebuit,
573 5340 702 5409 easque
717 5329 836 5404 postea
854 5315 1057 5409 tranquillis
1073 5327 1207 5405 tempo-
1261 5309 1424 5407 Cumque
1447 5326 1488 5383 ut
1511 5337 1632 5406 spero,
1649 5337 1730 5404 pro
1758 5308 1979 5385 humanitate
2005 5331 2042 5388 et
2067 5320 2264 5411 prudentia

212 5422 452 5505 ribusrursus
471 5421 666 5494 liberaliter
682 5416 761 5486 aliis
777 5416 982 5508 impertivit.
1042 5415 1210 5506 Legimus
1261 5427 1376 5485 vestra
1399 5414 1556 5485 officinm
1580 5439 1700 5511 meum
1721 5415 1938 5509 probabitis,
1964 5443 2094 5512 quaeso
2116 5436 2157 5492 ut
2176 5446 2263 5493 ora-

211 5525 307 5594 enim
330 5525 374 5595 ad
395 5521 564 5596 Carolum
584 5544 755 5617 magnum
779 5516 934 5613 Parisios
958 5519 1095 5589 venisse
1117 5519 1208 5589 duos
1260 5515 1395 5613 tionem
1427 5517 1549 5611 etiam.
1566 5541 1689 5615 illm..
1712 5519 1844 5611 animo
1866 5519 2032 5594 audiatis.
2090 5521 2264 5619 Agnosco
