4748 6022
101 80 155 162 te
288 13 1145 173 artsrotatttttt.tttntctottttt1
1168 72 1245 154 ΕΤ
1271 70 1678 163 sc'atetottuu
1726 87 1958 176 mast-v.
2096 93 2148 174 60

99 280 142 328 ac
162 281 183 327 a
206 256 371 331 fanaticis
385 256 615 353 opinionibus
630 257 807 329 damnatis
823 258 957 329 iudicio
972 250 1096 329 catbo-
1148 267 1186 324 ot
1210 248 1303 324 hanc
1329 279 1465 326 moram
1482 257 1572 327 ferre
1589 275 1751 354 nequeat.
1802 262 1936 338 Poscor
1953 268 2046 340 enim
2061 295 2144 364 pre-

100 354 389 435 licaeEcclesiae·
400 359 533 434 Christi
548 355 751 431 abhorrere.
804 361 973 459 Promisit
988 359 1094 431 etiam
1147 357 1237 426 tium
1263 352 1483 442 inhabitatae
1507 361 1767 450 domunculae,
1793 381 1828 436 et
1850 373 2057 463 quotidiana
2076 400 2141 452 ne-

101 456 162 531 hie
177 458 348 556 Magister
369 462 532 534 Andreas
557 464 594 532 in
615 465 780 542 doctrina
802 465 1038 535 constantiam
1060 475 1094 532 et
1147 459 1288 529 cessitas
1307 461 1429 549 exigit,
1456 474 1495 532 ui
1511 463 1647 556 aliquid
1664 468 1892 560 wutukint,
1918 497 1989 567 (1¹¹⁰
2012 475 2140 548 miset·-

99 562 138 631 in
163 567 281 638 officio
305 568 412 636 fldem
436 580 470 636 et
494 565 726 656 diligentiam.
793 565 913 655 Quare
938 566 971 634 ei
996 564 1093 634 iuxta
1145 560 1256 629 rimos
1277 585 1375 631 meos
1398 561 1531 632 liberos
1556 588 1595 634 ac
1621 569 1806 658 coniugem
1834 572 1947 661 alam,
1985 601 2137 670 qnorum

98 669 330 757 apostolicam
350 664 544 739 Ecclesiam
574 667 718 760 publica
746 668 973 738 ordinatione
995 689 1094 734 com·
1146 663 1332 771 quaerelae
1371 677 1405 734 et
1438 665 1673 754 flagitationes
1706 695 1825 741 rerum
1861 680 2136 752 necessariarum

98 759 306 841 mentiatum
337 783 389 841 est
410 769 647 840 ministerium
671 769 824 839 docendi
848 765 1035 858 Evangelii
1059 777 1095 836 et
1144 776 1282 833 tantum
1298 777 1381 834 sunt
1396 766 1521 837 auditu
1533 769 1776 842 acerbissimae
1792 789 1827 846 et
1839 797 1940 868 saepe
1961 779 2136 875 lacrymas

100 885 319 943 sacramenta
358 895 379 942 a
412 864 557 942 Christo
597 871 776 958 institute,
817 867 1093 940 administrandi
1143 865 1339 936 excutiunt.
1390 863 1494 937 Certe
1512 862 1608 939 nunc
1626 895 1768 967 quoque
1785 900 1842 945 me
1862 895 2009 969 cogunt,
2036 896 2134 954 tuam

100 970 202 1044 iuxta
223 973 455 1047 vocationem.
505 969 667 1067 Cumque
690 974 858 1064 scriptum
884 973 929 1044 sit
953 975 997 1042 de
1018 969 1092 1038 filio
1143 967 1393 1059 praestantiam
1407 971 1598 1041 convenire
1616 986 1650 1041 et
1667 998 1806 1065 rogare,
1829 989 1868 1049 ut
1885 980 1929 1049 de
1946 1006 2005 1063 eo,
2035 988 2132 1079 quod

98 1069 187 1144 Dei:
209 1068 416 1157 adscendit,
441 1069 543 1145 dedit
560 1070 658 1144 bono
675 1065 906 1154 hominihus,
937 1066 1092 1165 prophe·
1143 1082 1317 1159 superest,
1356 1070 1443 1142 velit
1468 1072 1665 1164 paupillum
1692 1080 1853 1149 conferre
1874 1082 1920 1150 ad
1943 1082 2131 1156 levandam

100 1186 175 1258 ω,
198 1177 398 1269 apostolos,
423 1191 578 1270 pamm
592 1190 627 1247 et
641 1179 813 1261 docum„
836 1198 1018 1267 precamus
1033 1197 1091 1242 ar.
1142 1194 1256 1238 meam
1272 1170 1441 1261 inopiam,
1458 1186 1491 1244 et
1506 1174 1652 1244 alendos
1666 1195 1761 1248 meos
1775 1183 1953 1269 parvulos,
1970 1191 2132 1277 quando-

101 1273 268 1347 aentttms
300 1280 412 1365 votis,
446 1293 485 1349 ut
521 1301 603 1349 suae
625 1276 803 1349 Ecclesiae
836 1279 1091 1367 gubernatores
1144 1272 1287 1364 quidem
1307 1272 1380 1361 ipse
1397 1297 1461 1363 per
1477 1275 1572 1343 visus
1589 1291 1623 1346 et
1637 1280 1748 1348 animi
1772 1282 2048 1355 imbecillitatem
2073 1315 2130 1358 ac-

80 1377 163 1453 .det
179 1381 327 1460 idoneos
342 1395 376 1452 et
393 1381 580 1467 salutares,
602 1403 643 1451 ac
658 1379 803 1460 efficiat,
833 1392 874 1449 ut
889 1374 1090 1449 huiusan.
1143 1373 1283 1465 quirere
1305 1368 1398 1441 nihil
1421 1399 1584 1468 possum,
1611 1379 1679 1448 nisi
1702 1383 1798 1473 quod
1821 1385 1962 1474 plorum
1978 1388 2130 1461 eleemo-

101 1478 204 1552 dreae
228 1483 464 1554 ministerium
490 1482 535 1553 sit
555 1483 674 1551 efficax
690 1496 729 1572 et
744 1482 906 1570 salutare.
956 1478 1090 1548 Horta·
1141 1474 1240 1568 syrtis
1265 1475 1410 1565 accipio.
1476 1475 1549 1547 Nec
1572 1491 1689 1549 tamen
1710 1507 1856 1574 prorsus
1881 1489 2015 1557 otiosus
2035 1492 2130 1580 vivo,

98 1602 180 1651 mu,
196 1584 301 1652 ,fiam
316 1584 591 1656 illustrissimum
608 1574 805 1674 principem
822 1575 1025 1675 Magnum,
1050 1592 1090 1649 ut
1141 1577 1202 1643 sed
1224 1575 1340 1644 servio
1355 1572 1532 1648 Ecclesiae
1555 1594 1717 1667 nostrae,
1743 1598 1848 1677 atque
1865 1588 1952 1657 adeo
1966 1591 2130 1679 pluribus

99 1675 287 1772 Evangelii
306 1687 488 1759 ministros
510 1686 661 1777 benigne
686 1697 878 1756 tueaturac
895 1685 1028 1762 foveat,
1055 1693 1090 1750 et
1141 1677 1337 1745 erudiendo
1360 1700 1437 1762 eos,
1463 1679 1526 1772 qui
1547 1683 1726 1771 publicam
1750 1687 2130 1764 ordinationenem

98 1776 274 1856 Ecclesiae
298 1787 365 1858 Dei
394 1812 521 1857 ornare
550 1789 706 1872 studeat,
739 1810 820 1856 cum
848 1786 935 1856 sciat
954 1783 1090 1878 praeci·
1140 1793 1211 1848 stra
1235 1774 1391 1848 Ecclesia
1419 1793 1565 1870 petunt,
1599 1783 1661 1876 qui
1693 1810 1772 1855 cum
1804 1811 1905 1879 saepe
1935 1792 2128 1866 admodum

97 1909 211 1977 puum
233 1889 321 1959 boni
347 1889 517 1982 principis
545 1889 700 1959 officium
723 1911 816 1974 esse,
848 1887 997 1977 gloriam
1020 1881 1089 1953 Dei
1139 1879 1247 1948 rudes
1267 1879 1476 1968 adveniant,
1502 1907 1541 1951 ea
1565 1883 1632 1954 fide
1654 1899 1689 1957 et
1709 1888 1892 1979 diligentia
1917 1895 2128 1968 ameinsti-
2168 1889 2172 1898 ¹

96 1986 288 2076 illustrare,
312 2015 351 2061 ac
366 1989 482 2062 Deum
500 1992 646 2059 reddere
660 2014 723 2080 pro
741 1985 807 2058 hac
824 1989 1087 2078 pietateingen-
1139 1993 1309 2066 luuntur,
1348 1995 1387 2052 ul
1418 1984 1673 2055 examinator&
1705 1984 1798 2060 hanc
1827 2017 1941 2063 metm
1974 1999 2127 2085 opellam
2157 2038 2159 2042 ’

97 2089 148 2159 tia
163 2092 330 2181 praemia,
357 2094 446 2162 sicut
461 2092 548 2160 dicit
561 2092 649 2180 ipse:
672 2083 992 2183 glorificantesme
1004 2082 1088 2180 glo·
1140 2082 1209 2149 iam
1233 2083 1298 2152 diu
1319 2083 1560 2172 probaverint.
1603 2084 1714 2178 ,Rogo
1739 2091 1846 2180 igitur
1863 2118 1926 2184 per
1939 2098 2126 2195 dominum

99 2185 265 2281 ,1⁶75me
316 2189 991 2280 DaraeWitebergaedie21.Septbr.
1139 2195 1300 2251 nostrum
1319 2182 1435 2252 lesum
1454 2182 1657 2271 Christum,
1684 2203 1717 2258 et
1733 2215 1796 2283 per
1811 2216 1948 2265 sacrum
1966 2199 2127 2281 ministe-

1140 2281 1235 2349 rium
1265 2282 1323 2351 cui
1353 2285 1486 2370 servio,
1533 2289 1700 2380 quodque
1730 2303 1765 2359 te
1796 2296 2127 2382 magnifacerenon

95 2428 1082 2447 *Um-m
1139 2382 1286 2466 dubito,
1311 2396 1351 2453 ut
1366 2379 1457 2452 mihi
1471 2386 1509 2454 in
1523 2382 1590 2456 bac
1606 2411 1682 2458 mea
1699 2393 1904 2465 necessitate
1927 2396 2126 2485 subvenias,

356 2516 360 2523 .
1139 2494 1174 2551 et
1198 2483 1235 2551 in
1258 2507 1314 2551 me
1331 2479 1513 2556 Christum
1534 2489 1767 2577 esurientem,
1797 2495 1973 2566 sitientem
1993 2523 2034 2569 ac
2055 2527 2125 2573 nu-

95 2585 293 2673 N0‚‘7041,
936 2638 984 2654 ...
1011 2632 1061 2650 ..
1138 2585 1224 2652 dum
1249 2584 1402 2670 reficias,
1433 2611 1473 2656 ac
1495 2589 1633 2663 vestias.
1688 2589 1796 2680 Quod
1824 2598 2033 2668 beneficium
2056 2604 2126 2676 sibi
2161 2621 2164 2626 ·

106 2695 281 2726 '0⁰⁸‘
922 2692 1075 2717 *⁰*
1137 2708 1158 2754 a
1186 2697 1220 2754 te
1247 2686 1413 2755 collatum
1441 2711 1534 2774 esse,
1567 2690 1641 2782 ipse
1665 2694 1781 2783 palam
1809 2699 2034 2770 confitebitur
2067 2706 2126 2777 die

259 2806 501 2891 Tau-mon·
527 2800 729 2914 pauperi
755 2799 929 2886 dapum·
1137 2786 1268 2855 summi
1291 2787 1388 2857 illius
1410 2787 1534 2860 iudicii
1556 2817 1674 2861 coram
1695 2796 1852 2867 universi
1873 2803 1982 2872 totius
1998 2809 2125 2877 mundi

965 2900 966 2907 ’
1138 2900 1171 2957 et
1188 2888 1347 2956 omnium
1363 2904 1514 2960 aetatum
1533 2889 1708 2980 Ecclesia,
1733 2898 1822 2969 sicut
1839 2902 1976 2995 inquit,
2007 2926 2044 2974 se
2061 2909 2125 2978 da-

1136 3002 1277 3073 turum,
1302 2987 1392 3087 quia
1411 2985 1653 3091 haersecs'ste's
1668 2995 1822 3070 neins'mo
1840 3024 1887 3071 ex
1902 3002 2001 3092 meis,
2027 3003 2127 3080 ms‘lu'

365 3118 490 3194 Phil·
515 3114 595 3192 Me
603 3115 685 3189 hm
695 3128 708 3188 l
718 3111 745 3188 h
755 3118 838 3193 m·
1130 3086 1290 3188 fecistis.
1323 3088 1371 3162 Et
1386 3117 1448 3182 ego
1465 3098 1585 3165 astabo
1604 3099 1711 3183 testis,
1739 3118 1771 3173 et
1787 3106 2007 3193 praedicator
2022 3110 2123 3188 istius

336 3178 358 3212 ’⁹
1136 3205 1217 3261 tuae
1232 3193 1470 3281 benignitatis,
1497 3210 1572 3266 tum
1590 3212 1623 3267 et
1639 3223 1748 3287 nuuc,
1774 3207 1859 3273 dum
1879 3207 2006 3295 vivam,
2033 3236 2122 3282 eun-

1136 3296 1217 3363 dem
1232 3288 1414 3364 Christum
1436 3300 1587 3388 rogabo,
1612 3314 1653 3370 ut
1673 3303 1775 3371 etiam
1799 3305 1837 3374 in
1858 3303 1923 3378 hac
1937 3311 2120 3384 vita'tuam
2143 3352 2157 3373 ι

729 3487 733 3493 .
1135 3396 1381 3466 liberalitatem
1405 3413 1605 3492 compenset
1627 3406 1811 3491 praemiis,
1837 3432 1927 3502 quae
1946 3416 2122 3503 promisit,

94 3485 298 3578 verissime
319 3495 409 3567 dixit
433 3494 514 3582 itte,
543 3506 783 3586 paupertatem
807 3514 880 3561 esse
908 3516 1017 3580 onus,
1050 3507 1084 3562 et
1135 3522 1216 3567 cum
1241 3497 1345 3567 dixit:
1373 3499 1542 3597 quisquis
1567 3496 1623 3570 ad
1642 3501 1837 3576 bibendum
1861 3505 2001 3583 dederit
2021 3515 2121 3587 vobis

92 3609 262 3678 miserum
287 3616 321 3674 et
342 3620 458 3689 grave.
505 3593 597 3665 Nam
622 3608 662 3664 ut
677 3595 838 3662 omittam
854 3593 991 3685 reliqua
1008 3594 1084 3663 eius
1137 3594 1285 3666 calicem
1306 3612 1443 3692 aquae,
1470 3604 1615 3689 nomine
1629 3626 1725 3685 meo,
1751 3605 1854 3702 quod
1866 3605 2015 3683 Christi
2027 3616 2122 3704 sitis,

92 3704 337 3788 incommoda,
361 3697 430 3771 hoc
446 3705 557 3768 unum
576 3687 718 3762 homini
736 3692 903 3784 prudenti
917 3693 1083 3784 vel-acer·-
1135 3718 1241 3764 amen
1258 3691 1339 3764 dico
1353 3695 1464 3779 vobis,
1490 3723 1722 3797 nequaquam
1736 3703 1948 3802 perditurus
1964 3724 2015 3784 est
2028 3741 2122 3787 neer-

93 3809 280 3881 hissimum
305 3816 376 3885 est,
402 3799 498 3892 quod
524 3817 629 3886 egens
649 3795 787 3885 cogitur
801 3791 907 3861 bonis
920 3791 1006 3863 viris
1020 3816 1082 3863 sua
1135 3791 1250 3866 eedem
1268 3820 1388 3867 suone.
1440 3798 1539 3894 Bene
1557 3804 1669 3885 valeat
1686 3820 1746 3876 tua
1762 3815 1987 3900 praestantia.

94 3905 314 4002 flagitatione
336 3901 503 3971 molestus
516 3909 615 3980 esse,
655 3895 795 3989 quaesi
816 3894 928 3965 multa
950 3897 1014 3977 sit,
1048 3911 1083 3965 et

95 4016 237 4092 crebra,
276 4004 381 4075 etiam
409 3999 542 4094 petenti
572 3997 696 4067 odium
729 3995 906 4072 conciliat.
971 3996 1078 4069 Pauci
1130 4000 2119 4062 ------·-——‚—-—--.

184 2973 207 3039 ᾧ
224 2967 261 3022 Ex
275 2982 370 3042 apogr.
383 2967 411 3020 in
423 2962 520 3020 codiee
533 2961 629 3017 Bavari
647 2960 710 3017 Vol.
725 2959 761 3016 ll.
779 2978 806 3032 p.
821 2961 882 3018 9⁵1.

79 3206 167 3338 (bio
179 3257 213 3317 ist
227 3253 316 3332 eod,
341 3264 371 3313 et
384 3250 497 3318 indicat
510 3245 739 3311 Melanthonem
754 3245 808 3308 hes
821 3248 972 3329 supplices
985 3251 1085 3311 literas

212 3360 362 3440 scripsisse
378 3355 504 3436 pauperi
518 3351 662 3431 theologo
678 3352 792 3432 petenti
805 3348 972 3430 beneficis)

94 4115 191 4185 enim
206 4121 310 4192 sunt,
337 4094 401 4198 qui
418 4098 524 4172 hilari
543 4099 662 4168 animo
677 4098 895 4189 largiantur,
920 4099 1081 4219 quamqis
1132 4137 1200 4212 No·
1216 4137 1330 4213 7042·
1973 4152 2006 4230 '¹'
2025 4132 2086 4229 Μ

96 4239 155 4286 eos
174 4210 307 4282 Paulus
324 4206 400 4278 Deo
426 4227 526 4274 caros
547 4224 620 4269 esse
645 4213 810 4285 testatur,
841 4223 920 4278 cum
945 4216 1080 4295 inqua:
1139 4233 1312 4264 ...m
1942 4250 2115 4285 w

96 4309 256 4386 hilarem
272 4304 435 4378 dolorem
453 4298 580 4396 diligit
596 4295 781 4392 dominus,
805 4299 981 4395 Equidem
997 4305 1080 4372 dedi
1309 4321 1506 4409 Senam&
1531 4326 1582 4408 m
1607 4353 1712 4440 opp·
1736 4329 1970 4426 Zerbeck',

97 4439 238 4509 operam
260 4412 331 4481 iarn
353 4411 434 4493 diu,
458 4430 504 4475 ne
520 4403 643 4474 multis
658 4404 759 4474 oneri
774 4426 904 4499 essem,
929 4429 1009 4473 cum
1026 4405 1083 4474 vi-

96 4509 235 4602 derem,
264 4511 400 4606 alioqui
423 4508 555 4579 multos
575 4506 619 4574 ad
638 4502 732 4576 hanc
750 4505 876 4575 urbem
894 4505 1083 4589 confluere,

82 4622 157 4716 ’qui
174 4619 431 4708 eleemosynam
447 4605 505 4679 hic
520 4621 705 4703 quaerunt.
757 4605 891 4677 Verum
908 4606 976 4677 hoc
992 4619 1097 4680 tem-'

96 4747 183 4816 pore
216 4717 307 4806 cogit
334 4740 390 4783 me
421 4709 611 4801 singularis
631 4709 817 4779 necessitas
837 4710 881 4778 ad
902 4709 1080 4780 bonorum
1475 4777 1484 4798 ⁹
1780 4785 1787 4800 ι
1937 4736 1940 4741 ,

96 4821 344 4894 liberalitatem
375 4815 582 4904 confugere,
622 4835 702 4880 cum
727 4810 894 4902 pecunia,
931 4835 1022 4905 quae
1041 4835 1082 4878 ex
1134 4777 1208 4852 Μ
1228 4777 1415 4867 millum!
1439 4777 1715 4870 &utntbmtnttttb
1731 4784 1838 4871 mim
1853 4784 1980 4882 *limile
2007 4794 2120 4873 ffitlre

93 4920 336 4994 munificentia
353 4916 522 5006 principis
541 4907 710 4983 hactenus
726 4925 908 4982 numerata
927 4913 1083 4996 est,>mi·
1134 4879 1393 4974 gesmetttem
1418 4884 1512 5003 'MP
1556 4883 1673 4998 {Ruth
1707 4886 1958 4986 dlssiilttl,
2000 4901 2118 4976 metata

95 5022 135 5098 hi
158 5049 254 5095 nunc
277 5028 487 5109 denegetur,
524 5028 562 5084 ut
590 5015 765 5100 nesciam,
805 5027 1012 5102 ereptumne
1037 5013 1084 5083 sit
1464 4980 1624 5074 gustum
1649 4983 1768 5079 betta

93 5125 186 5197 mihi
201 5124 349 5196 omnino
368 5117 602 5211 stipendium,
627 5138 674 5184 an
690 5120 773 5185 vero'
795 5114 981 5185 differatur
1003 5129 1083 5185 tan-
1134 5088 1400 5190 (diottettttsot
1421 5110 1510 5200 buttl)
1531 5111 1630 5200 [tinen
1651 5116 1868 5206 Qinsstbomttt
1892 5122 1992 5214 Cotyn
2009 5125 2122 5218 &esum

93 5244 172 5301 tum
199 5229 274 5297 eins
299 5223 440 5294 solutio.
492 5218 609 5289 Tanta
634 5229 685 5289 est
708 5229 825 5286 autem
849 5240 925 5286 mea
951 5215 1083 5309 inopia,
1133 5208 1294 5301 ditabunt
1311 5213 1424 5304 utilem
1441 5212 1894 5386 ῷὲίίαῐιϋᾶιιυοτμθβτθατι,
1920 5225 2021 5315 melle,
2045 5232 2124 5323 qima

154 5337 334 5403 dlstserr.
355 5330 459 5395 Orsa.
487 5326 571 5392 Ver..
584 5318 628 5389 X.

1204 4482 1227 4552 ¹1·
1244 4480 1282 4535 Er
1294 4464 1462 4554 autographo
1473 4484 1501 4538 in
1515 4486 1579 4539 cod·
1595 4484 1669 4541 Goth
1692 4488 1752 4544 ³7⁹.
1769 4488 1818 4544 l'ol.
1835 4492 1874 4546 17.
1899 4494 2057 4568 Scripturas
2088 4524 2119 4559 e·

1234 4572 1287 4633 ¹¹⁰⁸.
1310 4553 1389 4604 docet
1414 4553 1484 4617 bane
1507 4558 1650 4627 eplstolstn
1674 4557 1773 4611 ultimo
1797 4560 1932 4617 decennio
1957 4570 2027 4625 vitae
2083 4575 2118 4631 et.

1234 4630 1362 4692 scrsptam
1377 4640 1443 4676 esse.
1943 4658 1945 4662 ·
