4748 6022
177 337 254 414 635
896 333 1219 413 cartutuutu
1270 337 1374 415 mu.
1402 335 1452 413 ll.
1960 335 1963 339 ’
2141 340 2216 414 6³4

176 511 242 584 No,
264 511 348 584 101,
997 526 1050 585 en.
1072 516 1167 587 tsao.
1220 505 1268 583 Et
1286 526 1424 605 peccata
1442 511 1507 583 tibi
1529 538 1590 604 per
1604 506 1789 585 Christum
1805 517 1908 585 crede
1925 516 2056 588 remitti
2072 512 2113 611 ¹),
2222 544 2229 573 ··

183 604 355 638 *ἡ*
994 607 1166 639 “⁸''
1224 612 1475 708 lugentemque
1492 615 1580 683 iram
1600 616 1732 706 placari
1747 613 1777 713 ⁴)
1795 618 1969 703 numinis,
1994 632 2028 689 et
2041 619 2072 688 si

279 721 362 816 aput
378 716 556 775 vtneentien
570 734 597 790 p.
613 716 656 771 to.
737 804 740 809 .
1221 713 1328 808 Spem
1344 717 1469 785 veniae
1484 739 1587 784 meus·
1600 739 1710 806 aegra,
1726 719 1896 813 gravique
1910 719 2092 792 absterrita
2107 720 2212 806 mole,

227 816 231 822 '
626 875 635 893 ,
1222 814 1267 888 Et
1282 818 1390 887 variis
1405 818 1575 889 scelerum
1591 818 1867 891 lormisdubitet
1881 845 1919 891 re
1936 821 1994 891 ine
2036 877 2045 894 .

176 885 247 979 ,Μ
269 878 553 971 mmmmm
575 872 755 989 ’ΜΨ
781 868 835 943 “a
858 876 1069 964 amm’
1094 874 1145 948 “d
1220 917 1279 988 Tu
1292 920 1429 988 confide
1445 935 1579 990 tamen:
1606 923 1713 1009 gratis
1728 921 1906 1011 ignoscere
1920 838 2033 994 ltoblse
2131 958 2135 963 ·

481 976 518 1046 D
520 1026 530 1047 ⁰
551 976 668 1044 Μ’·
691 976 864 1046 mm·
1181 1015 1183 1020 ’
1219 1015 1385 1090 Decrevit
1401 1020 1503 1091 Patet·
1516 1037 1550 1092 et
1566 1035 1726 1099 nostrum
1742 1025 1884 1095 demisit
1897 1026 1935 1095 in
1951 1027 2087 1111 orbem,

172 1130 259 1203 Visa
278 1132 428 1203 obscura
447 1126 545 1219 prius
561 1124 684 1197 multis
703 1126 816 1197 oratio
834 1125 937 1197 Pauli
952 1140 1015 1209 est,
1219 1118 1268 1193 Ut
1284 1136 1483 1213 peccatores
1503 1136 1675 1208 servaret,
1700 1127 1848 1211 credite,
1874 1142 2032 1217 gnatum.

224 1229 356 1304 Omnis
370 1231 434 1302 ubi
453 1229 578 1312 series,
603 1252 698 1298 unus
712 1251 857 1298 acervus
874 1242 959 1299 erat,
1217 1220 1298 1290 Non
1315 1227 1444 1294 nostris
1461 1225 1585 1294 trilmit
1603 1227 1792 1295 benefactis
1807 1252 1952 1298 munera
1969 1242 2079 1313 tanta,

171 1333 320 1426 singula
334 1336 395 1403 ,gd
412 1346 599 1425 postquam
614 1343 696 1399 eunt
712 1329 839 1400 ordine
850 1330 1008 1401 membra
1025 1343 1167 1416 retexta,
1219 1321 1330 1394 Unica
1349 1351 1411 1416 pro
1428 1327 1534 1394 nobis
1550 1341 1694 1396 mactata
1710 1342 1760 1398 est
1779 1327 1918 1398 victima
1935 1323 2110 1400 Christus.

222 1435 422 1527 Dispositae
438 1434 573 1504 clarum
588 1454 643 1501 res
662 1433 769 1502 modo
784 1431 907 1502 lumen
927 1425 1072 1516 habent.
1217 1423 1296 1496 Hoc
1312 1423 1545 1517 Evangtllum
1563 1425 1745 1498 R⁰¹¹¹³t¹¹⁰⁸
1762 1427 1870 1499 Paule
1885 1432 2047 1515 d0t²b³⁸t

171 1535 448 1609 Commendatus
461 1535 528 1605 erit
548 1533 615 1604 tibi
633 1529 720 1603 lona
738 1534 867 1604 diserte
882 1533 1036 1619 libellus,
1215 1523 1343 1596 Nostra
1363 1525 1454 1598 nihil
1470 1529 1650 1599 benefacta
1669 1544 1805 1624 queunt
1820 1554 1886 1601 nos
1901 1533 2101 1604 iustificare.

222 1638 287 1712 Est
303 1640 427 1723 breve,
453 1638 514 1707 sed
530 1635 649 1728 magui
664 1638 798 1728 grande
813 1628 947 1706 laboris
963 1660 1065 1728 opus.
1218 1626 1358 1698 lttsticia
1375 1626 1459 1701 haec
1474 1634 1616 1701 demum
1633 1646 1686 1702 est
1701 1633 1766 1702 uni
1780 1634 1956 1703 confidere
1969 1629 2125 1717 Christo,

1216 1727 1322 1816 Quod
1340 1732 1404 1802 tibi
1420 1733 1568 1822 placarit
1583 1730 1743 1819 Patrem,
1768 1735 1979 1831 veniamque
1995 1736 2128 1826 rogarit

1217 1829 1281 1899 llle
1295 1847 1423 1904 unctus
1439 1835 1558 1923 digitis
1574 1836 1683 1926 patris
1699 1859 1790 1905 unus
1805 1852 1928 1908 cuncta
1944 1841 2108 1908 sacerdos

1218 1930 1403 2025 lmpetrat,
1430 1949 1464 2007 et
1482 1961 1664 2033 nunquam
1680 1950 1762 2008 suut
1779 1938 1875 2009 illius
1892 1940 1992 2010 irrita
2009 1953 2101 2014 vota.

173 2048 236 2119 No.
255 2047 338 2121 102.
758 2046 842 2129 (eod.
855 2034 950 2128 temp.
969 2061 1003 2108 ut
1015 2042 1163 2127 videtur.)

182 2142 351 2172 ww
776 2139 1156 2178 m

240 2269 273 2320 ln
287 2282 352 2335 opp.
365 2259 447 2317 Besil.
460 2259 493 2315 Τ.
508 2257 540 2313 V.
556 2275 586 2331 p.
595 2256 655 2314 849.
668 2268 694 2314 et
708 2261 779 2334 sputl
794 2244 920 2319 Vincunt.
933 2282 962 2336 p·
973 2264 1025 2319 2⁰6
1038 2282 1080 2336 tq·
1213 2301 1280 2374 No·
1299 2302 1385 2375 103.

1213 2400 1384 2427 ,Ν
1993 2310 2203 2441 ω

246 2424 403 2494 Summo
424 2418 621 2492 doetrinae
645 2416 884 2492 Christianae
907 2417 961 2497 ed
977 2423 1086 2513 ptem

542 2523 785 2595 mmmm
1283 2520 1357 2603 Opp.
1378 2519 1458 2575 Basil.
1474 2518 1507 2574 T.
1521 2521 1553 2603 V:
1571 2538 1600 2593 p.
1613 2520 1673 2575 358.
1712 2522 1839 2579 vincent.
1857 2542 1884 2596 p·
1898 2522 1961 2581 235.
2002 2523 2153 2598 (Scriptum
2172 2539 2203 2582 et

1315 2591 1422 2648 videtur
1438 2588 1532 2658 Spirae
1544 2608 1573 2643 m
1588 2594 1753 2661 concentu.)

221 2670 317 2744 Haec
334 2671 434 2763 pueri
451 2696 552 2741 verae
567 2671 706 2765 pietatis
721 2673 854 2744 credite
869 2696 1006 2744 summa
1023 2685 1086 2753 est,

168 2772 219 2846 Et
234 2775 435 2844 meminisse
453 2772 589 2858 Deum,
615 2789 650 2859 et
665 2775 815 2845 bonitati
833 2776 940 2844 fidere
956 2774 1077 2867 patris,
1526 2746 1584 2818 M
1610 2749 1887 2842 elymum·

170 2874 219 2948 Et
234 2877 318 2946 casti
336 2898 469 2957 mores,
492 2874 690 2969 mentisque
706 2877 862 2968 exempla
877 2892 1032 2951 renatae.

222 2976 288 3047 llle
305 2976 420 3050 Deum
435 2976 581 3058 metuit,
609 3000 771 3067 magnam
787 2978 850 3070 qui
865 2977 993 3046 iudicis
1009 2977 1097 3045 iram

170 3080 304 3158 Sentit,
332 3092 365 3149 et
385 3078 482 3147 illius
499 3072 622 3148 horret
635 3079 797 3173 facesque
813 3077 838 3172 ¹)
857 3081 1053 3172 minasque,

168 3177 217 3250 Et
232 3205 268 3250 se
288 3179 500 3272 supplicium
516 3194 699 3251 aeternum
716 3182 885 3250 meruisse
906 3181 1046 3252 latetur.

171 3281 313 3352 Primus
329 3276 387 3352 hic
400 3294 452 3350 est
466 3283 596 3372 gradus
610 3284 654 3352 ad
668 3277 803 3353 Christi
819 3281 981 3354 coelestia
996 3305 1104 3373 regna

169 3384 230 3459 Sic
246 3398 341 3454 vates
357 3379 462 3453 Esaia
478 3383 591 3466 canit,
615 3398 649 3455 te
664 3385 815 3454 maxime
830 3408 949 3455 rerum

169 3483 344 3556 Conditor
360 3487 398 3554 iu
414 3485 564 3576 pavido,
590 3499 624 3556 et
637 3486 773 3557 deiecto
793 3489 898 3556 corde
912 3478 1085 3571 habitare,

168 3587 209 3659 Si
221 3582 250 3680 ²)
264 3588 392 3678 pudeat
406 3609 575 3677 peccasse,
593 3587 767 3678 dolorque
781 3580 841 3654 hie
857 3598 994 3677 pectora
1010 3587 1158 3658 scindat.
1210 3586 1277 3659 No.
1298 3585 1381 3657 104.
1930 3608 1934 3618 ·
1980 3595 2045 3677 (en.
2064 3599 2155 3664 1520.
2166 3601 2200 3686 ?)

165 3687 250 3759 Non
267 3687 479 3756 simulentur
493 3687 543 3755 ait
560 3687 746 3780 lacrymae,
769 3688 989 3780 gemitusque
1004 3681 1158 3772 lohelus,
1211 3681 1380 3712 Μ
1807 3732 1810 3737 ·
1991 3687 2200 3726 Μ

170 3788 265 3858 lttsta
281 3787 351 3857 Dei
369 3810 442 3854 non
459 3799 541 3855 ante
553 3810 711 3879 unquam
730 3788 925 3876 placabitur
938 3788 990 3858 ira
1279 3803 1355 3880 opp.
1368 3801 1449 3861 untt.
1464 3800 1499 3856 Τ.
1514 3802 1547 3859 v,
1563 3820 1592 3874 p.
1604 3799 1664 3859 tte
1699 3801 1827 3858 uuest.
1840 3821 1866 3875 p.
1876 3802 1939 3861 23⁵.

168 3877 287 3978 Quam
302 3887 369 3958 tibi
384 3887 594 3979 displiceant
608 3888 701 3957 vitae
716 3889 900 3960 commissa
917 3889 1059 3984 prioris
1740 3966 1749 3986 ,

166 3988 216 4062 Et
228 4015 310 4060 vere
326 3990 447 4060 doleas
462 4012 580 4058 rerum
596 3990 786 4060 offendisse
803 4005 997 4083 parentem.
1535 4060 1537 4064 Α
1609 3967 1644 4036 Β
1652 3971 1788 4036 mm·

169 4089 205 4163 0
223 4092 275 4161 vis
290 4104 423 4187 quauta
437 4089 510 4161 irae
525 4103 595 4176 est,
616 4091 789 4163 immensa
802 4091 958 4184 potentia
975 4118 1054 4166 cum
1070 4118 1107 4167 se
1309 4116 1403 4189 Cum
1418 4107 1669 4187 Demostheni,
1684 4128 1788 4208 atque
1804 4113 1955 4186 [metant

166 4188 291 4265 Exerit
306 4206 412 4288 atque
427 4193 482 4263 sui
499 4205 718 4264 contemtum
735 4195 934 4281 ulciscitur,
960 4196 1069 4288 inque
1310 4219 1412 4305 Uno,
1435 4215 1536 4303 pepe,
1563 4216 1744 4287 volumine
1755 4230 1860 4311 alque
1874 4217 1966 4290 sm

167 4292 328 4365 Infirmas
343 4295 481 4364 animas
493 4295 630 4385 ingenti
643 4296 791 4366 numine
809 4298 931 4370 saevit.
1312 4320 1452 4411 pungi„
1478 4318 1567 4389 ,erig
1585 4319 1639 4387 vi,
1653 4317 1741 4387 {003⁸
1754 4319 1886 4411 opino„

168 4395 352 4468 Poeniteat
366 4397 458 4467 vitae
471 4394 618 4482 Petrus,
642 4397 779 4491 iuquit,
803 4399 954 4491 turpiter
968 4413 1055 4486 aete,
1308 4421 1466 4496 Urbanis
1483 4419 1680 4514 tepidaque
1692 4433 1897 4511 temperare.

166 4496 263 4569 Haec
279 4500 390 4570 estad
406 4498 547 4568 veniam
564 4500 668 4570 uobis
683 4499 739 4570 via
756 4501 869 4592 prima
885 4503 1046 4594 petenda,
1308 4526 1379 4596 Sed
1395 4525 1426 4593 ,ᾗ
1440 4523 1563 4592 ludere
1578 4521 1632 4590 vie
1647 4523 1758 4613 probe
1774 4535 1808 4592 et
1823 4523 1943 4609 iocari,

164 4597 262 4672 Dum
278 4601 375 4718 vives
390 4624 575 4718 nunquam
595 4614 756 4677 sanetum
772 4604 910 4694 depone
927 4602 1104 4693 timorem,
1310 4624 1481 4699 ponenda
1495 4638 1547 4696 ω
1559 4620 1692 4720 cynica
1709 4623 1776 4695 im
1791 4623 1920 4710 barba,
1945 4625 2039 4700 pete,

166 4700 278 4793 Saepe
290 4699 429 4795 Datque
444 4724 581 4788 mutae,
605 4703 770 4774 coelestia
786 4705 957 4787 fulmina,
982 4709 1094 4778 menti

1219 4807 1458 4825 Μ

166 4799 358 4874 Terrorem
376 4801 553 4872 incutiant
566 4818 687 4896 peetus
701 4804 935 4900 frangantque
955 4811 1157 4899 superbum.
1295 4874 1298 4879 .

166 4903 237 4977 Sed
253 4917 373 4974 tamen
389 4902 525 4972 interea
538 4917 693 4973 mentem
707 4905 834 4978 fiducia
851 4928 990 4998 semper
1242 4916 1271 4988 t)
1291 4910 1373 4969 Bait
1389 4913 1478 4969 oeae
1490 4912 1541 4966 etet
1551 4926 1663 4979 umen
1679 4907 1823 4963 carnem
1834 4913 1950 4977 maara
1960 4916 2078 4974 ramlera.

165 5000 308 5095 Erigat,
332 5017 438 5097 atque
452 5016 586 5072 metum
601 5005 774 5098 quaedam
789 5006 914 5076 solatis
930 5030 1063 5094 rursus,
1242 5017 1272 5087 t)
1290 5014 1370 5071 ussit.
1380 5017 1509 5082 praere.

165 5104 353 5177 Luctaodo
370 5118 537 5197 superent
551 5105 594 5175 de
609 5098 753 5176 Christo
769 5096 909 5197 prodite
926 5109 1031 5179 uobis
1243 5119 1399 5191 opunte]
1416 5114 1497 5173 unit
1510 5116 1608 5168 mer.

1210 2905 1276 2983 Est
1290 2905 1378 2980 mihi
1396 2935 1484 3006 quae
1500 2911 1584 2982 scite
1603 2908 1796 2983 Graiorum
1812 2913 1957 3005 pingere
1972 2914 2124 3016 possut)

1262 3010 1382 3082 Penne
1399 3026 1520 3100 notas,
1546 3014 1668 3105 digitis
1681 3030 1760 3105 apta
1777 3015 1896 3086 lutura
1912 3018 1993 3090 tuis.

1209 3111 1292 3183 Non
1308 3111 1458 3184 Pharios
1472 3140 1631 3208 unquam
1644 3116 1796 3186 calamos
1818 3140 2036 3210 praeponere
2052 3124 2176 3215 possis,

1262 3213 1343 3287 Huc
1358 3218 1441 3288 ades
1456 3218 1596 3288 anobis
1612 3213 1679 3288 hoc
1695 3218 1761 3288 tibi
1777 3243 1908 3290 munus
1924 3223 2002 3292 erit.

170 5285 369 5302 ’⁶'-

204 5392 232 5460 l)
251 5389 333 5445 Basil.
341 5389 503 5460 fascesque.

201 5495 230 5563 t)
249 5493 294 5562 St]
311 5483 393 5549 Basil'
410 5492 454 5551 Et.
