4748 6022
261 242 335 314 771

264 515 474 588 suavitatem
493 509 685 600 Diapente,
707 508 794 576 dum
811 505 994 600 Principes
1011 525 1157 582 manent
1173 512 1260 578 sim.

264 618 375 713 plices
390 613 551 697 numeri,
576 605 728 693 horest,
753 608 902 678 subiecti
918 609 1071 698 legibus:
1098 624 1138 680 nt
1156 612 1261 680 bina-

266 721 343 792 rius
368 716 490 786 multis
512 713 631 782 modis
655 724 707 781 est
729 709 908 781 subiectus
933 710 1101 784 ternario.
1168 710 1259 781 Cum

267 845 353 899 vero
369 820 461 887 fiunt
475 815 600 899 solidi,
622 808 767 894 horest,
793 811 1008 900 negligentes
1022 811 1151 902 legum,
1175 837 1260 881 con-

269 933 531 1011 temptoresque
546 915 662 985 omnis
677 912 896 1004 disciplinae,
922 936 984 983 sua
999 926 1137 983 tantum
1153 939 1262 1007 quae-

269 1034 388 1094 rentes
417 1033 452 1090 et
479 1029 664 1106 augentes,
697 1038 771 1083 non
793 1025 925 1082 statum
950 1015 1151 1106 publicum,
1185 1031 1263 1089 tur-

270 1126 361 1195 bant
379 1117 473 1190 hane
494 1117 705 1188 concinnam
729 1127 764 1184 et
786 1114 961 1183 vivificam
978 1114 1152 1208 Diapente
1179 1113 1262 1185 har-

271 1223 447 1302 moniam,
471 1245 540 1314 qua
564 1216 766 1288 turbatione
789 1215 859 1285 sibi
881 1216 1064 1287 interitum
1081 1232 1264 1289 accersunt

270 1328 387 1409 ultro,
428 1323 517 1391 sicut
547 1319 750 1389 octonarius
781 1333 1044 1408 repraesentans
1073 1320 1263 1412 principes,

173 1431 176 1441 '
274 1430 360 1499 dum
384 1425 525 1494 nullum
549 1420 892 1514 aliumnumerum,
918 1420 986 1488 nisi
1010 1443 1047 1489 se
1071 1433 1125 1490 ter
1148 1435 1264 1511 anget,

274 1539 435 1624 procreat
465 1547 544 1592 eum
572 1544 785 1623 numerunp,
826 1544 932 1612 quem
952 1520 1058 1605 Plato
1082 1523 1265 1594 constituit

242 1716 245 1722 Ι
275 1651 472 1701 eversorem
499 1622 774 1715 principatuum.
826 1619 945 1692 Habet
966 1637 1082 1692 antem
1104 1619 1188 1693 haec
1209 1649 1264 1693 ra-

275 1732 326 1804 tio
347 1728 532 1800 celeriores
552 1721 787 1802 mutationes,
815 1747 920 1815 quam
936 1723 1026 1792 ratio
1045 1726 1265 1817 sesquitertia

277 1834 413 1921 legum,
439 1841 481 1899 ut
502 1824 669 1896 convenit
690 1821 881 1918 Diapente,
907 1827 1000 1917 quod
1025 1821 1266 1897 vehementius

276 1936 408 2016 fertur,
436 1943 472 2000 et
492 1940 543 1997 est
567 1925 748 1997 excitatius
771 1950 878 2019 quam
899 1924 1142 1996 Diatessaron:
1170 1929 1267 2020 quod

279 2034 344 2105 etsi
376 2044 428 2101 est
457 2029 704 2108 dulcisonam,
735 2040 854 2097 tamen
882 2027 1065 2120 aliquanto
1088 2030 1267 2099 remissius

279 2150 313 2207 et
342 2131 545 2223 languidius
577 2141 689 2200 sonat.
756 2127 856 2199 Talis
885 2141 937 2198 est
965 2143 1074 2201 status
1096 2131 1211 2218 legum
1234 2145 1267 2201 et

277 2234 529 2326 Reipublicae,
555 2232 585 2301 si
607 2255 681 2301 non
702 2232 843 2300 accedat
858 2224 1021 2324 heroicus
1036 2233 1181 2325 qnidam
1199 2231 1269 2301 Ze-

279 2337 336 2409 lus
356 2336 597 2426 magistratus,
623 2333 684 2426 qui
706 2345 758 2402 est
780 2333 859 2400 viva
883 2343 950 2401 vox
973 2331 1108 2424 legum,
1135 2334 1268 2402 consti-

849 228 1276 322 ouaasrronns
1307 209 1711 309 acanunrcan.

263 412 487 488 constituunt
514 431 595 479 curn
616 402 845 498 Principibus
877 399 971 477 hane
1002 400 1286 484 exhilaranteml

2221 242 2302 322 772

2059 421 2091 484 7.
2101 419 2189 485 Febr.
2208 422 2310 490 1648.

2080 511 2303 554 m

1379 605 1411 658 ln
1425 603 1537 674 Quaest.
1557 623 1584 676 p.
1600 603 1634 655 ⁷7
1645 621 1705 676 sqq.
1742 603 1807 657 item
1824 603 1853 658 in
1873 606 1940 662 Mel.
1957 606 2062 664 Consil.
2075 609 2105 667 P.
2115 610 2150 666 11.
2170 631 2201 683 p.
2211 612 2260 671 76.
2280 623 2311 674 et

1413 674 1440 727 in
1455 673 1555 728 Select.
1569 671 1697 728 Deslsm.
1712 671 1745 728 T.
1758 671 1807 727 111.
1820 692 1847 745 p.
1859 675 1920 730 784.
1956 676 2084 736 Ricbsrd.
2099 679 2148 736 111.
2167 697 2196 752 p.
2211 682 2276 742 161.

1317 405 1489 531 Q
1570 454 1577 459 .

1312 837 1487 916 Quaestio
1502 837 1663 904 recitato
1681 854 1706 903 o
1724 828 1834 930 Mop.
1859 838 2010 911 Uirieo
2036 844 2066 912 S
2073 845 2140 913 s‘ss'
2147 865 2175 913 ss
2180 867 2313 940 pero,
2343 911 2344 914 ,

1316 938 1599 1022 Wormots‘essss',
1638 933 1707 1005 sod
1733 938 1937 1010 Decostotrs
1961 943 2008 1010 D.
2032 942 2128 1018 Plrs'l.
2152 949 2314 1022 Melon-

1563 1035 1690 1108 taonis
1708 1035 1800 1112 (1.7.
1816 1038 1922 1112 Febr.
1941 1039 2052 1117 1548.

1313 1174 1396 1256 Etsi
1418 1185 1637 1254 consuetudo
1653 1208 1710 1252 me
1728 1184 1868 1275 publica
1884 1201 1919 1258 et
1935 1183 2185 1265 honestissima
2204 1223 2316 1271 excu-

1313 1299 1383 1369 sat,
1409 1287 1505 1378 quod
1522 1285 1560 1353 in
1577 1279 1655 1354 hoc
1663 1308 1827 1357 consessu
1845 1290 2130 1366 doctissimorum
2147 1299 2316 1373 virorum

1313 1387 1430 1455 dicere
1446 1386 1580 1479 aliquid
1597 1386 1752 1456 institui:
1781 1387 1918 1460 Tamen
1933 1395 2075 1464 veniam
2090 1420 2110 1465 a
2126 1401 2230 1471 vobis
2247 1427 2317 1495 pe-

1315 1503 1369 1572 to,
1401 1511 1534 1580 vosque
1567 1511 1650 1567 oro,
1688 1512 1733 1556 ne
1764 1511 1821 1559 me
1854 1493 1972 1583 potius
2006 1495 2140 1588 ingenii
2166 1502 2317 1588 fiducia,

1315 1613 1420 1683 qnam
1437 1589 1553 1658 officio
1569 1589 1759 1658 adductum
1777 1614 1863 1678 esse,
1888 1608 1929 1664 ut
1943 1594 2160 1687 id‘facerem,
2186 1606 2317 1676 eristi-

1314 1691 1427 1760 metis.
1479 1686 1641 1783 Cumque
1661 1690 1803 1761 dicendi
1825 1718 1928 1764 eausa
1950 1699 1997 1768 sit
2014 1695 2159 1773 honesta
2175 1703 2315 1802 (virtus

1316 1805 1367 1862 est
1382 1789 1476 1859 enim
1496 1791 1533 1858 in
1551 1791 1675 1882 primis
1691 1793 1796 1883 digna
1812 1795 1935 1882 laude,
1960 1800 2003 1869 iis
2018 1801 2154 1890 legibus
2170 1832 2314 1900 parere,

1317 1916 1405 1986 qnae
1422 1892 1603 1961 doctrinae
1625 1905 1660 1962 et
1675 1893 1882 1986 disciplinae
1899 1923 1998 1971 causa
2014 1907 2178 1978 conditae
2202 1907 2315 2007 sunt)

1316 2019 1380 2063 oro
1407 1995 1531 2077 etiam,
1563 2006 1604 2063 ut
1624 2017 1739 2065 meam
1768 1997 1964 2070 orationem
1986 2003 2071 2072 boni
2101 2013 2313 2084 consulatis.

1318 2094 1364 2165 Et
1377 2096 1458 2187 quia
1476 2090 1561 2164 haec
1575 2096 1690 2165 studia
1707 2097 1856 2168 colimus
1870 2103 2067 2197 praecipue,
2089 2123 2129 2180 ut
2143 2136 2224 2181 vera
2235 2111 2313 2184 Dei

1317 2196 1446 2267 noticia
1460 2197 1498 2264 in
1514 2219 1641 2287 genere
1658 2192 1813 2270 humano
1829 2200 1956 2299 luceat,
1975 2205 2088 2276 dicam
2103 2211 2146 2281 de
2162 2215 2312 2286 decreto

1315 2297 1443 2392 synodi
1463 2296 1718 2381 Bononiensis,
1751 2304 1847 2393 quod
1876 2305 2038 2394 proximo
2065 2335 2160 2383 anno
2180 2313 2312 2388 Mense

280 2452 382 2509 tuens
419 2435 599 2507 cumillis
628 2432 802 2503 vivificam
831 2432 1005 2524 Diapente
1037 2430 1269 2519 harmoniam,
1318 2398 1417 2470 M³i⁰
1431 2412 1510 2490 P⁰⁵t
1525 2397 1685 2490 ΕΕΗΡεἰη
1701 2399 1836 2488 Lumfs
1861 2429 1951 2498 ‘1¹¹³‘
1965 2421 2051 2479 lunc
2065 2412 2150 2499 fvii,
2176 2414 2310 2489 fuctum

280 2541 329 2610 ita
343 2553 384 2608 nt
398 2534 465 2607 hoc
481 2538 588 2606 modo
606 2559 647 2604 es
662 2534 835 2624 Diapente
852 2547 884 2602 et
901 2534 1119 2606 diatessaron
1136 2537 1269 2607 consti·
1321 2514 1389 2584 θεῖ’
1415 2501 1460 2568 d‘
1484 2502 1741 2585 ⁵³¹¹⁸s³⁰¹¹⁰¹¹⁰s
1768 2504 1805 2624 5¹}
1821 2530 1892 2598 ‘1¹1⁰
1917 2510 2056 2582 dmm
2078 2514 2198 2587 tristes
2214 2525 2312 2588 tene-

281 2653 402 2710 tuatur
417 2663 488 2708 una
505 2639 676 2730 quaedam
693 2634 943 2727 perfectissima
957 2649 994 2706 et
1008 2638 1268 2707 absolutissima
1319 2603 1403 2670 ¹³¹st
1426 2600 1558 2717 ⁰ff¹¹⁵J¹⁰
1581 2617 1664 2673 ⁸⁰¹³
1689 2605 1871 2725 d⁰⁶¹⁰¹¹³f³
1890 2610 2043 2686 ⁰⁰²l⁸⁸lb
2093 2614 2169 2688 Nec
2190 2633 2309 2693 metuo

282 2737 487 2824 harmonia,
511 2761 633 2807 omnes
647 2737 738 2808 'alias
759 2736 1014 2826 complectens,
1038 2761 1166 2828 nempe
1188 2763 1269 2808 sua·
1319 2697 1642 2819 “pf‘'h‘nffflneme
1675 2708 1770 2822 ‘fuid
1794 2703 1876 2826 burc
1893 2735 1990 2780 ¹¹¹⁰st
2013 2717 2117 2786 θθῑδίῑ
2132 2743 2208 2789 11οΒ
2223 2746 2312 2793 ton·

281 2842 467 2910 vqssqmum
491 2837 692 2929 upapam,
724 2836 839 2907 omnis
871 2836 1110 2908 dissonantiae
1139 2862 1271 2929 expers,
1320 2827 1441 2872 ventre
1464 2807 1625 2873 vrdeatur
1653 2807 1844 2925 disputatio
1877 2811 2081 2931 ⁶⁰..⁸y¹¹⁰d⁵
2113 2825 2311 2910 sententiis,

283 2942 446 3032 mmo,
465 2962 549 3008 ,em
572 2961 741 3009 numerus
763 2937 946 3008 invenitur
966 2963 1128 3034 quoque,
1153 2941 1181 3009 si
1201 2965 1270 3010 nu,
1319 2928 1408 2998 quae
1431 2928 1607 2974 summum
1625 2902 1801 3023 bicclesrae
1823 2913 2010 3029 qonsslrum
2035 2941 2109 2990 esse
2130 2924 2311 2995 existima-

281 3065 402 3113 mus
421 3043 491 3113 τοῦ
511 3035 704 3131 πυθμένος
725 3061 788 3109 39„
809 3039 1081 3130 dqagmmmatos
1102 3043 1162 3112 fia,
1185 3042 1270 3111 3013·
1322 3020 1388 3124 tur,
1408 3002 1519 3121 ‘Nam
1533 3013 1949 3130 errorqtammanrfesto,
1976 3019 2037 3108 qui
2052 3018 2210 3095 detrahit
2224 3018 2311 3098 bor.

270 3147 369 3229 gns,
391 3138 458 3212 hoc
478 3154 549 3227 ω,
573 3141 604 3212 ,i
625 3141 672 3212 12
696 3163 786 3235 quae
802 3155 991 3213 nummu,
1007 3167 1122 3214 mm
1141 3145 1271 3236 prioris
1320 3107 1474 3177 rabiliter
1496 3108 1540 3176 de
1563 3108 1675 3198 gloria
1697 3110 1763 3181 filu
1780 3110 1864 3199 Der,
1889 3117 2080 3191 reclamare
2102 3148 2228 3196 omnes
2248 3131 2312 3198 de·

284 3244 541 3339 quadranguli,
575 3243 696 3313 cubice
717 3241 1011 3333 multiplicentur.
1060 3243 1270 3317 Hoc'modo
1321 3210 1427 3293 Μ’
1452 3231 1553 3278 “¹¹⁸⁸
1577 3210 1807 3297 munim&
1832 3217 2063 3311 11180τί11111111
2087 3238 2157 3295 ²⁸12
2180 3224 2311 3302 Eum

283 3344 672 3437 simpliciterprocedit
689 3337 915 3424 Aristoteles,
941 3360 976 3418 et
996 3344 1111 3438 primo
1127 3347 1270 3442 quidem
1322 3309 1513 3380 infamium
1530 3324 1565 3381 εἴ
1578 3312 1783 3384 lactentium
1800 3318 1972 3406 perfecisti
1997 3323 2150 3402 laudem·
2202 3326 2312 3402 Prte-

284 3446 360 3539 ipse
380 3445 501 3526 Plato,
532 3445 593 3539 qni
616 3459 735 3516 umen
756 3457 876 3536 postea
899 3445 1009 3516 alium
1031 3449 1172 3519 videtur
1195 3474 1271 3518 mo·

283 3549 370 3619 dum
392 3548 624 3636 subiungere,
649 3569 730 3616 cnm
746 3545 916 3617 sciliceta
934 3550 1092 3620 numeris
1110 3551 1271 3635 latemm,

194 3724 197 3734 ¹
283 3673 350 3741 pro
372 3648 508 3718 ratione
529 3671 636 3741 quam
657 3642 790 3718 habent
811 3648 855 3716 ad
873 3648 1064 3736 unitatem,
1089 3652 1273 3744 progredi-

284 3764 361 3839 tur,
385 3749 548 3846 usquein
567 3749 733 3844 quintum
748 3751 866 3821 locum
882 3745 951 3820 hoc
965 3753 1091 3823 modo:

641 4000 666 4074 4
874 3997 899 4070 5
969 4069 978 4081 ,,

624 4104 669 4175 16
877 4101 904 4177 9

618 4195 669 4278 64
853 4206 907 4280 2⁷
965 4253 969 4260 ι

587 4303 662 4376 256

566 4406 664 4480 tort
825 4308 903 4481 fid

386 4555 435 4629 Hi
450 4555 588 4625 numeri
604 4578 727 4625 omnes
741 4556 915 4646 aggregati
930 4578 1010 4624 eum
1022 4554 1158 4624 unitate
1169 4554 1273 4623 etiam

285 4673 472 4754 procreant
490 4655 602 4744 1728,
618 4680 723 4751 quem
737 4681 926 4728 numerum
940 4668 1077 4725 constat
1091 4653 1273 4726 Platonem

285 4765 441 4834 tribuere
471 4761 641 4833 totalibus
671 4759 787 4849 legum
821 4756 1096 4840 mutationibus,
1128 4781 1180 4855 err¹
1199 4771 1273 4830 tota

284 4866 345 4935 illa
370 4864 628 4954 speculatione,
652 4886 758 4956 quarn
781 4856 887 4931 habet
903 4861 948 4929 de
965 4858 1153 4928 duratione
1168 4883 1274 4930 mun-

284 4966 332 5034 di.
394 4961 497 5045 Hane
525 4965 734 5034 sententiam
762 4963 851 5054 ,dieti
879 4959 1039 5033 Platonis
1067 4961 1273 5050 simpliciter

202 5152 205 5156 ι
283 5066 411 5136 elicere
431 5060 550 5134 conati
572 5089 710 5149 sumus,
735 5064 833 5135 salvo
856 5065 1026 5155 cuiusque
1051 5062 1189 5131 meliori
1217 5064 1272 5132 iu-

282 5169 389 5243 dicio.
440 5165 551 5236 Finis.

1322 3412 1424 3503 cipue
1446 3412 1630 3484 obscurata
1653 3427 1706 3485 est
1727 3418 1888 3490 doctrina
1910 3421 1954 3491 de
1976 3424 2049 3495 lilio
2072 3426 2161 3514 Dei,
2187 3454 2314 3523 super-

1322 3513 1466 3584 stitiosis
1488 3513 1734 3605 opinionibus,
1760 3543 1849 3612 quae
1866 3522 1911 3591 de
1927 3524 2163 3602 satisfactione
2181 3533 2219 3602 in
2242 3531 2313 3606 Ec-

1322 3614 1460 3683 clesiam
1481 3638 1620 3707 sparsae
1641 3632 1733 3687 sunt.
1791 3617 2007 3696 Immensum
2027 3643 2080 3701 est
2099 3632 2313 3707 beneficium

1324 3715 1389 3784 filii
1409 3714 1495 3801 Dei,
1527 3720 1622 3810 quod
1644 3719 1755 3790 factus
1775 3735 1825 3792 est
1848 3717 1985 3818 λύτρον
2015 3754 2080 3820 pro
2103 3735 2219 3806 nobis.
2271 3736 2313 3810 ld

1303 3817 1533 3907 ⁴beneficium
1556 3843 1630 3889 non
1652 3834 1702 3890 est
1722 3825 2007 3898 transferendum
2031 3831 2068 3902 in
2085 3835 2197 3906 nllam
2216 3863 2316 3911 crea-

1237 3921 1240 3929 ’
1326 3933 1453 3992 turam.
1504 3915 1560 3988 Eo
1583 3921 1685 3990 etiam
1703 3922 1871 3996 libentius
1887 3923 2010 4020 harde
2034 3959 2071 4004 re
2094 3937 2251 4026 dissero,
2275 3956 2315 4014 nt

1326 4019 1439 4090 nostri
1461 4016 1712 4116 συμφοίτηται
1732 4025 1862 4114 sciant,
1888 4055 1957 4121 qua
1981 4031 2049 4104 fide
2072 4031 2189 4109 hostes
2208 4067 2314 4114 verae

1326 4120 1506 4193 doctrinae
1527 4126 1664 4196 decreta
1694 4124 1839 4198 faciant:
1873 4143 1907 4201 et
1927 4131 2153 4224 deprehensis
2180 4144 2316 4213 errori·

1327 4224 1393 4394 (lpus
1413 4222 1575 4341 illorum,
1602 4227 1736 4298 maiore
1752 4229 1870 4302 studio
1890 4248 2030 4324 pectora
2049 4240 2213 4313 muniant
2230 4270 2315 4319 vers

1351 4339 1498 4396 octrrna.

1431 4457 1597 4550 Propono
1614 4460 1724 4549 igitur
1737 4467 1997 4557 quaestionem:
2025 4469 2083 4542 An
2099 4476 2317 4578 satisfactio

1326 4551 1539 4643 Canonico,
1564 4570 1602 4629 ut
1619 4574 1763 4650 vocant,
1786 4567 1836 4636 sit
1850 4567 2034 4650 mandata
2049 4571 2252 4670 divinitus,
2279 4593 2315 4654 nt

1324 4655 1500 4752 Synodus
1507 4657 1758 4736 Bononiensis
1772 4663 1950 4760 affirmat
1958 4672 1978 4740 Ρ
2000 4681 2051 4748 Δε
2065 4682 2226 4770 primum
2242 4713 2313 4757 non

1325 4785 1397 4830 esse
1410 4765 1612 4833 mandatam
1630 4766 1714 4836 inde
1731 4769 1879 4842 iudicari
1895 4790 2028 4868 potest,
2053 4782 2137 4874 quia
2157 4786 2316 4862 fatentur

1324 4862 1403 4954 ipsi,
1426 4865 1681 4938 satisfactiones
1698 4893 1771 4942 esse
1787 4899 1892 4966 opera
1909 4903 1981 4947 non
1998 4887 2165 4955 mandata
2180 4889 2316 4960 divini-

1323 4978 1397 5035 tus:
1432 4968 1528 5058 quod
1554 4991 1618 5058 pro
1641 4973 1821 5046 adulterio
1855 4978 2027 5051 indictum
2059 5000 2110 5053 est
2139 4989 2315 5063 ieiunium

1322 5069 1517 5159 septennii,
1545 5070 1652 5140 ritum
1668 5098 1755 5160 esse,
1782 5102 1855 5147 non
1871 5079 2071 5153 institutum
2087 5088 2166 5178 lege
2181 5094 2316 5181 divina,

1321 5183 1468 5244 constat.
1510 5168 1601 5241 Cum
1618 5186 1735 5246 autem
1752 5181 1870 5267 regula
1887 5182 1996 5254 dicat:
2033 5184 2179 5263 Frustra
2193 5197 2318 5268 colunt

1321 5293 1377 5339 me
1392 5273 1567 5343 mandatis
1582 5270 1787 5348 bominum:
1813 5283 1915 5353 facile
1930 5285 2083 5378 intelligi
2098 5309 2228 5381 potest,
2253 5323 2318 5370 nec

1320 5371 1574 5445 satisfactiones
1589 5378 1762 5451 divinitus
1778 5385 1944 5479 praecipi.
1996 5387 2045 5461 Et
2056 5389 2226 5470 Canones
2249 5401 2320 5495 ipsi
