4748 6022
173 118 244 197 611

568 297 772 365 Mitiohio.

173 410 354 511 umbi
371 434 515 510 Milichi
531 442 885 533 prognosticadono,
908 465 1106 539 precorque

224 539 370 633 Mitiget
384 555 425 612 ut
440 541 546 612 nobis
564 565 687 636 aspera
703 544 775 614 fata
790 539 899 618 Deus.

173 734 281 798 Eidem
290 781 303 837 ,Ι
325 747 363 798 ut
385 735 489 796 locum
513 733 551 795 de
576 734 640 798 isto
665 739 699 798 in
725 718 865 818 Phyriois
889 727 953 798 non
978 737 1050 801 satis
1075 757 1165 801 corn-

453 837 543 898 modo
568 841 714 921 scriptum
738 841 881 906 remittet.

175 977 274 1067 Quas
290 979 453 1049 dedimns
469 973 609 1050 chartas
626 982 670 1052 de
688 982 762 1052 fato
776 1002 908 1076 quaeso
923 979 1074 1074 remitte,

224 1079 305 1151 Nou
323 1081 469 1172 scriptas
484 1082 557 1152 fato
573 1084 675 1153 docte
692 1084 813 1153 iacobe
829 1085 937 1154 bono.

174 1178 231 1252 Ad
254 1184 374 1251 limam
388 1185 584 1254 revocanda
600 1181 688 1255 mihi
705 1199 790 1256 suut
804 1185 889 1267 ista,
914 1184 975 1256 sed
995 1197 1080 1277 opto

224 1280 275 1356 Ut
290 1283 376 1356 fiant
390 1283 489 1375 operi
505 1285 627 1356 mollia
640 1288 710 1358 fata
724 1310 816 1358 meo.

172 1476 271 1541 Aliud
295 1476 334 1539 ad
359 1476 507 1556 eundem,
542 1475 626 1563 quod
642 1477 821 1542 *deleotetnr
846 1477 982 1540 doctriua
1006 1471 1160 1562 PhJ’rioet.

172 1619 278 1692 Mitte
296 1613 386 1688 mihi
403 1613 598 1712 Physicen,
624 1619 724 1692 aliud
739 1620 792 1689 nil
808 1619 961 1691 scribere
972 1643 1129 1712 possum,

224 1721 284 1791 Tu
300 1721 382 1791 licet
397 1743 554 1791 errorem
569 1723 697 1792 mentis
715 1723 752 1792 id
770 1747 844 1793 esse
859 1737 972 1814 putes.

173 1822 255 1892 Non
271 1848 328 1891 me
345 1822 498 1892 delirum
515 1823 588 1891 dici
604 1824 772 1918 credique
783 1824 949 1903 verebor,

223 1924 419 1996 Democriti
434 1923 562 1994 similis
578 1924 727 1995 forsitan
740 1948 840 2001 error
856 1937 943 1996 erat.

169 2023 217 2097 Et
230 2027 327 2096 velut
345 2022 565 2119 Hypocrates
584 2026 700 2095 curari
714 2021 783 2096 boc
798 2025 915 2095 noluit
932 2036 1026 2107 arte,

222 2126 329 2197 Hunc
346 2125 440 2194 demi
458 2127 623 2193 morbum
641 2127 691 2196 sic
706 2148 770 2216 ego
785 2128 869 2197 nolo
886 2121 988 2199 mihi.

167 2523 336 2597 Nona.
420 2497 423 2503 ’

174 2619 345 2650 w

935 2526 1156 2658 Q

237 2716 318 2789 aput
335 2714 461 2768 Viooeot.
473 2733 500 2798 p.
517 2715 575 2772 tto.
597 2725 624 2768 et
644 2734 671 2787 p.
687 2715 747 2769 195.
771 2744 807 2758 -
846 2713 982 2772 Dedimus
1000 2715 1067 2775 baec
1089 2737 1151 2775 rar·
1226 2701 1231 2712 ¹

270 2787 345 2838 mina
360 2785 418 2851 hic,
438 2784 1002 2856 qmaMeiauthouSophoclisAntigonem
1015 2786 1070 2844 hoc
1080 2807 1152 2843 auno

266 2854 458 2925 interpretatus
472 2863 521 2907 cst.
556 2854 618 2907 vid.
631 2871 693 2924 epp.
707 2852 769 2909 vot.
783 2852 818 2907 ΙΙ.
828 2871 856 2924 p.
870 2854 931 2910 792.

166 3020 227 3090 Ba·
240 3014 430 3109 Antigone
453 3007 664 3107 Sophoclis,
690 3008 755 3085 ott
781 3016 981 3104 exponitur
1007 3011 1153 3092 dicim

315 3117 492 3219 Biantis:
519 3112 618 3211 ἄρχα
642 3109 711 3189 τὸν
737 3109 860 3209 ἄνδρά
887 3110 1005 3200 δείξει.

233 3277 235 3281 ’
332 3261 383 3361 Δ)
407 3265 542 3334 Iembior
564 3293 604 3333 ex
619 3266 987 3354 ‚Antigoue'Sophooliu

216 3417 299 3490 Non
317 3416 565 3508 pectuselims
580 3426 697 3509 potest
713 3415 911 3507 introspici,

216 3517 326 3592 Urbis
342 3517 573 3609 Magistratus
587 3518 794 3611 priusquam
811 3516 965 3604 gesserit.

216 3617 313 3710 Ego,
336 3618 367 3687 si
381 3621 462 3712 quis
479 3618 517 3688 in
535 3618 633 3709 gravi
649 3618 781 3708 periclo
801 3617 944 3704 civium,

216 3719 308 3789 Vere
324 3719 512 3789 salutarem
528 3719 642 3789 sciens
658 3719 883 3805 seutentiam,

72 3880 76 3887 .
213 3817 304 3890 Eam
319 3819 445 3889 timore
461 3821 574 3890 victus
589 3820 740 3893 occuitat
753 3835 884 3907 tamen,

118 3932 124 3942 “
141 3905 146 3920 ’
211 3920 323 3992 Hune
335 3920 455 3991 iudico
471 3921 582 3992 civem
598 3944 671 3991 esse
685 3923 817 3991 maium
836 3946 875 3993 ac
891 3921 1070 4014 inutilem,

212 4019 262 4095 Et
277 4023 308 4092 si
323 4021 405 4116 quis
420 4025 573 4095 antefert
586 4023 692 4094 saluti
707 4023 854 4116 patriae,

212 4123 349 4196 Privati
369 4125 474 4194 amici
490 4125 640 4215 gratiam
654 4128 758 4219 atque
774 4147 933 4208 munera,

211 4225 282 4296 Hic
297 4225 458 4296 omnium
473 4240 524 4298 est
539 4227 744 4298 mortalium
757 4227 1022 4297 iniustissimos.

211 4326 308 4418 Ergo
322 4325 437 4398 Deum
453 4342 577 4400 testem
594 4327 741 4413 invoco,
762 4329 793 4398 si
808 4327 942 4421 patriae
1119 4331 1121 4335 ’

209 4429 408 4503 Discrimeu
426 4431 631 4523 impendere
647 4431 769 4501 videro
783 4454 892 4515 meae,

210 4530 273 4602 Me
289 4557 374 4603 voce
388 4532 567 4603 dicturum
582 4546 686 4627 atque
702 4546 821 4603 mente
838 4533 949 4602 libera

209 4632 449 4718 Sententiam,
471 4634 652 4704 verissima
668 4660 758 4729 quae
774 4635 967 4711 videbitur.

208 4733 282 4805 Nec
295 4736 390 4806 ullus
403 4731 516 4805 hostis
529 4736 682 4807 civitatis
693 4737 870 4827 publicus,
882 4763 884 4767 ·

207 4832 381 4906 Privatim
396 4837 529 4906 amicus
543 4859 617 4906 esse
631 4839 781 4909 ducetur
795 4835 898 4911 mihi.

210 4935 280 5007 Sed
298 4936 400 5003 navis
415 4932 502 5004 haec
517 4960 608 5028 quac
623 4953 737 5010 servet
753 4959 876 5008 omues
888 4938 994 5007 unica

209 5036 267 5107 Sit
280 5036 422 5115 civitas,
450 5059 519 5128 qua
535 5058 615 5105 cum
630 5035 801 5109 vehemus
817 5041 965 5126 integra,

207 5135 252 5209 ln
266 5137 342 5230 ipsa
354 5137 487 5209 amicos
501 5161 669 5233 quaerere
681 5140 835 5211 ‘florente
851 5138 964 5213 liceat·

903 117 1230 202 CARMINUM
1276 124 1385 202 LiB.
1414 126 1470 204 11.

1122 4192 1125 4194 -
1198 4142 1266 4218 No.
1288 4143 1374 4217 121.

2123 127 2201 208 stt

1215 307 1261 392 B)
1312 306 1397 372 Idem
1428 312 1515 372 lorus
1545 331 1586 373 ex
1616 304 1765 392 Sophooi.
1790 303 1967 394 Antigono,
2000 309 2081 394 apud
2106 307 2199 377 Viuo.

1638 433 1672 496 p.
1700 412 1772 478 tas.

1266 538 1349 611 Nou
1364 540 1507 634 penitus
1524 537 1635 612 ullius
1647 540 1815 611 voluntas
1830 539 1981 632 perspici

1264 640 1405 728 Potest,
1430 643 1635 737 priusquam
1647 645 1816 723 'admotus
1830 643 1874 713 ad
1888 639 2067 734 Rempub.

1263 742 1383 835 Fungi
1399 743 1612 836 Magistratu
1628 758 1732 837 atque
1746 744 1906 837 imperiis
1920 745 2086 837 coeperit.

1264 841 1362 934 Ego,
1388 842 1484 917 bunc
1502 847 1620 916 virum
1638 847 1839 939 pronuncio
1856 867 1929 917 esse
1944 845 2158 939 pessimum·

1263 946 1338 1036 Qui
1353 949 1530 1020 civitatem
1551 949 1700 1019 consilio
1714 970 1837 1041 regens
1851 971 1929 1029 suo,

1262 1047 1345 1119 Non
1359 1049 1475 1120 dicere
1490 1052 1598 1127 audet
1611 1049 1763 1143 optimas
1782 1049 1985 1136 sententias,

1264 1149 1473 1244 Tereusque
1488 1152 1672 1222 veritatem
1687 1153 1886 1223 dissimulat
1898 1146 2010 1238 metu,

1262 1247 1311 1324 Et
1327 1255 1501 1323 anteferre
1515 1252 1668 1324 amicum
1683 1255 1819 1347 patriae
1833 1254 1933 1327 solet.

1263 1352 1393 1424 Testor
1407 1355 1565 1447 supremi
1582 1379 1714 1425 numen
1731 1356 1944 1426 immensum
1962 1350 2068 1440 lovis,

1262 1454 1304 1527 si
1321 1457 1405 1550 qnid
1423 1457 1555 1525 malum
1570 1456 1775 1548 impendere
1790 1457 1925 1550 patriae
1941 1456 2077 1542 videro,
2185 1548 2187 1553 Δ

1263 1555 1325 1626 Me
1341 1557 1479 1628 civibus
1491 1559 1657 1628 daturum
1673 1559 1708 1627 id
1724 1582 1798 1629 esse
1813 1558 1937 1641 libere,
2022 1604 2025 1609 -
2142 1603 2145 1610 -

1258 1655 1407 1730 Nullum
1423 1653 1515 1729 mibi
1530 1660 1655 1730 ioedus
1671 1661 1738 1731 erit
1751 1684 1831 1731 cnm
1848 1659 1983 1751 patriae
1999 1653 2189 1762 hostibus.⁸

1260 1757 1358 1830 Haec
1374 1761 1467 1831 salva
1484 1774 1602 1833 tuetur
1615 1774 1649 1834 et
1663 1761 1811 1834 salutern
1827 1760 1959 1830 civium

1262 1858 1305 1931 ln
1322 1858 1389 1933 hac
1407 1863 1538 1934 amicos
1556 1876 1670 1934 stante
1687 1874 1860 1958 quaerant
1874 1860 2018 1952 singuli,

1262 1962 1365 2035 iliam
1382 1963 1503 2035 videre
1518 1964 1580 2060 qui
1596 1965 1801 2053 florentem,
1827 1965 2013 2056 gaudeant.

1205 2166 2188 2223 -4---..-...............---’

2005 2364 2071 2443 (n.
2085 2365 2195 2446 asae.)
2215 2337 2216 2341 '

2021 2455 2188 2488 Μ

1206 2359 1380 2487 usa·
1456 2336 1461 2347 ’

1305 2555 1388 2626 Apud
1408 2555 1538 2613 vincent.
1557 2576 1585 2628 p.
1605 2557 1668 2613 nt.

1421 2800 1451 2819 .¹
1560 2713 1838 2826 usurpante.

1246 2861 1408 2941 “onovt’
1424 2859 1612 2962 ὑβρῖζειν,
1637 2861 1737 2961 donia
1752 2862 1781 2937 τ’
1806 2863 1830 2937 ἃ
1849 2859 2024 2960 βούλεται
2038 2863 2140 2965 παρὰ

1254 2962 1397 3062 ταύτὴν
1413 2963 1542 3060 νόμιζε
1557 2964 1629 3063 τὴν
1645 2962 1753 3040 πόλιν
1763 2963 1893 3066 χρόνῳ
1908 2963 1998 3041 πότε
2177 3000 2181 3007 ·

1255 3071 1295 3154 ἐξ
1308 3069 1435 3168 οὔρων
1445 3066 1671 3167 δραμρῦσαν
1687 3071 1738 3151 etc
1748 3065 1882 3165 βάθον
1895 3072 2031 3145 πεσεῖν.
2126 3143 2129 3146 ,

1337 3238 1339 3243 ’
1423 3256 1427 3261 ’
1549 3242 1712 3331 Philippus
1737 3251 1845 3310 vertit:
1944 3214 1947 3222 Ι

1157 3420 1166 3436 ι
1254 3374 1325 3448 Ubi
1345 3374 1546 3469 petulanter
1557 3375 1670 3445 iacere
1686 3374 1783 3467 qnod
1797 3374 1885 3446 libet
1901 3375 1996 3461 licet,
2126 3382 2131 3391 '
2162 3395 2183 3455 ,ς

1187 3477 1459 3570 vLegumque
1474 3500 1541 3545 vox
1555 3490 1590 3546 et
1603 3477 1654 3546 ira
1671 3475 1823 3545 vindicis
1839 3472 1907 3546 Dei
2046 3475 2049 3480 '
2177 3484 2182 3497 ·

1251 3579 1454 3662 Ridentur,
1474 3601 1515 3647 ac
1533 3577 1639 3645 inane
1656 3599 1786 3644 nomen
1803 3590 1855 3646 est
1869 3578 2000 3667 pudor:
2122 3566 2128 3593 ⁵
2146 3634 2152 3655 ,
2179 3594 2181 3599 ’
2220 3578 2222 3581 ’

1252 3678 1385 3769 Magno
1401 3691 1481 3748 ruet
1495 3676 1610 3748 ventis
1627 3677 1791 3748 secundis
1807 3676 1953 3770 impetu,
2132 3672 2152 3691 '¹
2174 3692 2180 3702 ‘

1181 3797 1183 3800 ’
1237 3781 1340 3852 ‘Mox
1355 3780 1395 3850 iu
1411 3779 1631 3872 profundum
1646 3801 1760 3850 mersa
1777 3791 1849 3851 tota
1865 3778 2001 3855 civitas.

1987 4173 2036 4213 an.
2066 4151 2160 4215 1534.

1968 4240 2179 4281 Μ

1265 4356 1298 4414 ia
1311 4376 1376 4484 opp.
1391 4355 1461 4416 Mei.
1474 4357 1559 4413 aaut.
1571 4356 1607 4411 Τ.
1620 4355 1654 4412 V.
1666 4375 1693 4429 p.
1706 4356 1770 4440 tta,
1805 4356 1838 4411 lo
1853 4354 1971 4441 §criptis
1990 4355 2068 4438 puisi.
2086 4353 2122 4436 Τ.
2138 4351 2186 4408 111.
2208 4425 2210 4428 .
2302 4355 2304 4358 ’

1300 4447 1328 4500 p.
1361 4430 1387 4483 S.
1405 4439 1459 4483 eta
1500 4427 1611 4483 dviuc.
1629 4445 1656 4496 p.
1666 4426 1698 4508 9.
1732 4427 1894 4508 Vincentius
1913 4426 2057 4495 adscrmsu
2074 4421 2185 4495 quiden

1297 4489 2186 4639 auratasne:uuatatuttau‘'att-att·

1299 4637 1361 4693 tatis
1375 4636 1477 4692 chunst
1489 4636 1544 4690 hoc
1556 4650 1669 4690 carmen
1686 4634 1792 4688 [echte.

1204 4239 1377 4270 Μ

1195 4800 1256 4870 De
1271 4797 1699 4893 contionednpeioruma
1720 4783 1849 4864 Gioriu
1862 4794 1903 4862 in
1914 4793 2074 4866 excelsis
2083 4792 2185 4867 Deo!
2206 4792 2209 4800 ’

1195 4947 1315 5040 Quare
1331 4951 1374 5019 ad
1392 4962 1548 5041 pastores
1564 4945 1719 5036 primum
1730 4958 1803 5012 *vox
1818 4943 1949 5014 nuncia
1966 4936 2093 5031 venit,¹

1245 5047 1438 5141 Angelicus
1455 5070 1591 5118 summa
1608 5069 1714 5139 quam
1730 5045 1814 5116 tulit
1829 5069 1907 5115 arce
1928 5041 2082 5117 chorus?

1193 5145 1328 5242 Nempe
1344 5159 1385 5221 ut
1400 5148 1587 5243 praecipue
1601 5162 1757 5239 pastores
1771 5147 1939 5218 carminis
1953 5143 2061 5218 huius

1247 5249 1427 5322 Gentibus
1442 5262 1582 5322 autores
1599 5271 1673 5322 esse
1689 5249 1866 5346 ducesque
1882 5249 2004 5319 velint.
