4748 6022
232 287 305 365 tto

672 448 779 512 Attae.

236 600 277 672 si
293 595 480 690 quisquam
496 597 599 674 neget
616 603 689 650 esse
706 604 764 646 me
780 575 941 654 Po'e‘tam,

235 701 373 774 Paucos
388 691 483 787 quod
499 688 648 769 faciam,
673 683 863 771 brevesque
883 699 1015 746 versus.

238 801 274 874 ls
290 802 363 871 iam
377 818 453 865 non
469 789 595 884 populi
609 787 702 855 leves
721 806 854 851 amare·

238 903 301 976 Me
316 902 461 993 plausus
475 894 578 975 sciat,
605 901 641 958 at
659 880 750 954 mibi
766 881 941 974 bonisque

210 1070 213 1077 .
238 1004 356 1076 Musis
370 1025 426 1070 mc
441 1018 586 1078 canere,
612 1003 647 1059 et
659 989 800 1057 studere
817 998 955 1054 tautum

240 1105 364 1178 Nostri
380 1098 552 1194 principis
568 1093 715 1165 auribus
732 1090 880 1180 placere.

252 1319 1235 1366 Μ

1028 1493 1093 1574 (aa.
1112 1487 1226 1570 toas.)

1020 1583 1233 1619 m

268 1506 336 1577 No.
353 1504 415 1574 40.

249 1597 423 1632 w

312 1719 344 1772 lu
365 1716 466 1785 lemg.
480 1709 597 1834 {pperih
621 1708 649 1762 in
670 1724 735 1778 opp.
751 1710 811 1760 su.
828 1701 864 1756 T.
877 1704 911 1755 V.
930 1721 958 1776 p.
970 1699 1032 1758 558.
1044 1711 1070 1755 et
1081 1701 1153 1773 apud
1169 1699 1239 1754 vin.

348 1795 420 1841 cent.
439 1801 466 1854 p.
534 1815 543 1833 .

492 1938 551 2011 Ad
575 1940 718 2032 Repetas
744 1929 989 2026 spumarum).
1032 2001 1034 2006 .

248 2099 317 2173 Ast
330 2087 465 2173 πάσαις
478 2089 615 2188 βασιλῆ
631 2083 782 2181 ἀρετῇσι
798 2075 1025 2176 κεκόσμενον
1039 2075 1145 2168 εἶναι,

299 2193 368 2271 τὸν
392 2191 433 2267 cle
458 2186 635 2288 μάλισθ’,
670 2185 769 2269 ὅστις
794 2180 943 2258 παίδων
963 2183 1066 2282 ἄρχει
1091 2209 1131 2254 τε
1149 2207 1242 2279 κρα-

760 2315 815 2360 τει
839 2313 891 2374 τε,

250 2405 329 2484 τοῖς
341 2396 416 2500 γὰρ
433 2387 691 2492 &prorupisses
709 2384 839 2470 παῖδές
860 2414 903 2489 γε
918 2383 1091 2488 γίνονται
1107 2383 1243 2480 ὅμοιοι,

302 2498 441 2577 ἐσθλὸν
451 2494 510 2571 dci
524 2517 563 2568 oe
580 2491 671 2568 ἔσῃ’
687 2487 847 2573 ἐσθλοὺς
859 2497 1008 2585 ποιῆσαι
1023 2486 1087 2562 καὶ
1101 2487 1245 2570 ἄλλους.

254 2720 1241 2756 ..-----—-----·—··-—--·-

1044 2912 1092 2951 an.
1113 2890 1211 2955 1525.

241 2892 435 3025 ue
540 2928 552 2949 -
1029 2979 1242 3019 ,Ν

324 3113 357 3168 ln
370 3107 472 3168 Scccrii
490 3105 590 3175 [επις.
608 3113 635 3157 et
655 3103 682 3155 in
703 3120 767 3177 opp.
779 3101 845 3158 Mel.
866 3101 927 3159 Bes.
943 3101 980 3156 T.
996 3103 1030 3158 T.
1048 3120 1076 3173 p.
1093 3103 1156 3159 552.
1174 3109 1245 3160 ltem

356 3181 427 3250 apud
437 3177 565 3230 Vincent.
577 3192 612 3244 p.
629 3172 685 3225 109.
703 3200 739 3212 -
762 3171 804 3224 De
817 3170 1006 3227 Wellcrhodo
1019 3174 1075 3229 ud.
1090 3175 1159 3230 Mel.
1172 3180 1249 3246 epist.

356 3251 390 3305 sd
405 3249 543 3302 Cerneres.
559 3243 588 3300 d.
601 3242 644 3296 22
658 3239 767 3298 leuusr.
781 3241 857 3296 1⁵25.

529 3420 590 3492 Ad
621 3416 977 3495 Wallorltodum.

259 3581 299 3655 Si
317 3599 454 3647 mecum
469 3566 697 3645 Walorhode
711 3570 876 3665 rusticari

258 3668 307 3755 Et
323 3680 481 3749 secedere
500 3677 537 3743 in
556 3676 728 3766 oppidum
746 3674 999 3767 propinquum,

258 3785 572 3872 Languentemque
589 3777 745 3845 animum
766 3775 915 3845 excitare
935 3777 1021 3846 ludo

259 3886 411 3957 Paulum
429 3903 559 3974 ponere
570 3879 748 3970 aeriasque
762 3899 874 3961 curas,

259 3986 309 4060 Et
324 3989 514 4055 concedere
529 3980 633 4050 serias
648 3977 826 4071 Cepollae,

260 4087 309 4160 Et
324 4089 458 4158 tristem
478 4086 564 4152 libet
581 4082 753 4172 explicare
768 4081 936 4164 lrontem,

260 4190 341 4260 Huc
360 4201 495 4255 nostras
509 4207 658 4275 propere
674 4183 792 4265 venito
810 4185 852 4252 ad
871 4184 984 4269 aedes,

261 4289 460 4380 Expectant
476 4286 622 4354 comites
636 4287 744 4352 amica
761 4287 878 4368 turba,

262 4392 436 4481 Votisque
452 4386 798 4460 omnibusadvolare
814 4401 846 4456 te
863 4394 982 4459 orant:

262 4494 438 4565 Accurras
455 4488 580 4577 igitur,
608 4487 783 4577 simulque
797 4502 911 4555 tecum

263 4596 421 4667 'l'antum
439 4613 567 4685 quaeso
584 4589 673 4655 feras
690 4588 909 4670 facetiarum,

264 4696 448 4788 Quantum
464 4691 647 4774 Bartolus,
674 4702 779 4782 atque
794 4687 946 4776 Baldus,
973 4686 1027 4757 illi

263 4799 395 4872 Insulsi
410 4796 548 4888 illepidi
565 4793 616 4863 tui
634 4792 792 4881 magistri

263 4902 444 4992 Nugarum
463 4897 630 4967 omnibus
644 4897 786 4964 edidere
804 4894 918 4967 libris.

264 5004 421 5075 Tantum
445 4998 647 5069 Mercurius
664 4996 754 5066 ciere
771 4998 863 5067 risus

232 5122 237 5131 “
262 5107 344 5178 Non
361 5103 470 5198 possit
483 5096 713 5191 Charitesque
728 5101 942 5170 blandiores.

263 5207 449 5299 Quantum
466 5219 505 5276 tu
520 5202 651 5295 poteris
667 5226 809 5275 movere
826 5201 930 5270 risus.

978 244 1310 338 cananaeos
1352 257 1457 332 nto.
1497 259 1527 330 t.

2195 256 2273 332 496

2062 434 2126 511 (a.
2149 433 2263 516 asts.)

1305 431 1368 506 Nr.
1386 430 1448 501 42.

1286 526 1458 559 w
2056 527 2272 564 m

1352 646 1382 700 ln
1398 642 1611 767 larpsg.81e2cserii
1624 652 1650 698 et
1663 642 1691 697 in
1705 658 1770 714 opp.
1784 642 1863 696 Basil.
1881 641 1915 695 T.
1933 639 1963 696 il.
1983 660 2009 714 p.
2020 640 2082 699 829.
2113 644 2194 716 aput
2208 645 2280 700 vto-

1381 734 1456 772 ceu.
1475 730 1505 784 p.
1576 751 1582 765 .

1624 877 1671 944 lss
1699 876 1928 945 Terentium.

1283 1026 1429 1100 Comica
1444 1027 1594 1097 debetur
1609 1024 1736 1095 merito
1752 1025 1818 1094 tibi
1835 1026 1969 1116 palma,
1997 1026 2157 1113 Terenti,

1338 1128 1455 1200 Tanta
1471 1129 1576 1200 etiam
1595 1127 1712 1219 parvis
1726 1127 1836 1217 gratia
1852 1129 1959 1197 rebus
1977 1129 2079 1200 inest.

1302 1523 1369 1595 No.
1387 1519 1447 1594 45.

1292 1618 1464 1647 Μ

1963 1592 1967 1599 ,
2075 1552 2125 1598 sut
2149 1531 2246 1599 1525.

2064 1620 2281 1660 κον»
2301 1660 2302 1663 ,

1360 1737 1457 1792 Editus
1475 1748 1515 1794 est
1533 1736 1578 1793 hic
1593 1735 1674 1810 prolo
1713 1735 1765 1790 siu
1778 1734 1945 1808 ferraginee
1964 1737 2156 1812 igremmettsm
2167 1743 2286 1818 Secedi,

1393 1817 1422 1861 et
1441 1808 1542 1861 lterum
1561 1806 1590 1859 iu
1647 1826 1675 1879 p.
1722 1805 1756 1861 el.
1775 1805 1859 1864 Basil.
1884 1805 1917 1862 T.
1957 1808 2084 1878 ,peta
2122 1812 2284 1870 Vincentius

1394 1896 1459 1929 sero
1485 1877 1559 1933 huuc
1578 1825 1658 1945 prhlo
1697 1892 1723 1928 m
1744 1893 1800 1929 noo
1820 1875 1922 1945 recepit
1943 1875 1972 1930 iu
1991 1894 2070 1934 susm
2088 1880 2283 1936 collectionem

1396 1894 2285 2085 aeuuslatra...0au·ta.u¹rtr

1398 2101 1462 2136 eum
1481 2084 1573 2135 shesse
1594 2081 1741 2136 noluimus.
1764 2109 1799 2123 -
1840 2080 1973 2136 Videlicet
1993 2084 2114 2139 solehsut
2131 2103 2184 2138 ser„
2205 2058 2285 2144 XVll

1398 2150 1555 2205 scholastici
1570 2150 1673 2204 fabulas
1686 2162 1712 2204 et
1724 2151 1880 2205 comoedias
1895 2152 2023 2204 Veterum
2035 2171 2122 2225 agere,
2139 2163 2169 2206 ot
2181 2154 2284 2228 Plauti,

1395 2220 1533 2291 Terentii,
1559 2219 1731 2291 aliorumque
1750 2217 1849 2291 partim
1868 2231 1897 2273 ut
1913 2239 1971 2273 sese
1991 2233 2158 2290 necarent,
2182 2227 2282 2294 pertin

1400 2302 1430 2345 ut
1458 2289 1627 2342 oblectarent
1652 2297 1827 2359 spectatores.
1875 2288 1963 2342 Etiam
1988 2287 2150 2346 Melsnthou
2172 2293 2284 2351 iuvenes

1397 2378 1462 2414 suae
1482 2356 1638 2430 discipliuae
1661 2357 1775 2409 traditos
1795 2355 1849 2410 hoc
1871 2357 1954 2410 modo
1975 2358 2154 2430 exercitabat,
2178 2371 2283 2417 utnon

1398 2431 1488 2484 solum
1509 2444 1539 2480 er
1558 2426 1635 2496 epist.
1649 2423 1707 2479 elus
1726 2425 1759 2480 sd
1776 2427 1913 2479 Gamerae.
1928 2425 1956 2480 d.
1970 2426 1997 2480 d.
2013 2427 2056 2482 22.
2070 2428 2129 2483 lsu.
2147 2429 2222 2485 1⁵2⁵.
2239 2431 2285 2484 in·

1330 2530 1333 2537 ·
1398 2494 1540 2564 telligitur,
1559 2496 1605 2548 sed
1619 2494 1698 2549 etism
1711 2512 1726 2548 c
1739 2493 1902 2549 collectione
1913 2492 2074 2549 Csrminum
2086 2517 2101 2551 s
2115 2496 2198 2551 lonae
2211 2497 2286 2554 ttett-

1399 2565 1544 2620 lensteinio
1558 2562 1745 2633 Witehergse
1756 2562 1825 2618 lecta
1839 2573 1868 2618 et
1881 2563 1914 2617 ed
1927 2562 2070 2618 Secerium
2084 2568 2287 2638 typographum

1399 2635 1494 2698 misse,
1520 2633 1690 2704 perspicitur.
1725 2630 1889 2686 Melanthos
1907 2631 1987 2703 igitur
2004 2632 2114 2688 'scholae
2127 2654 2192 2689 suae
2204 2636 2287 2690 etiam

1399 2704 1505 2772 scripsit
1524 2703 1670 2771 prologos,
1693 2719 1709 2754 e
1722 2718 1808 2770 puero
1822 2699 1941 2774 quodem
1954 2701 2127 2772 recitandos,
2156 2723 2225 2773 quos
2239 2703 2285 2758 bie

1399 2771 1514 2826 iunctim
1530 2770 1663 2830 dedimus.
1681 2787 1835 2841 quanquam
1851 2787 1907 2825 uon
1921 2771 2220 2840 omnesstlen.1525.,
2239 2773 2294 2829 scd

1394 2841 1481 2896 etism
1494 2840 1528 2895 sd
1544 2856 1590 2897 en.
1607 2839 1684 2895 toas.
1697 2836 1833 2893 referendi
1846 2848 1918 2895 sset·

1539 2975 1719 3110 Prolopus
1745 3018 1787 3087 in
1811 3010 2044 3093 Eunuchum.

1298 3170 1442 3243 Salvere
1458 3167 1563 3238 iubeo
1578 3180 1789 3259 spectatores
1804 3168 1968 3258 optimos,

1300 3272 1372 3359 Qui
1390 3295 1513 3340 scenae
1527 3271 1709 3339 ornandae
1723 3271 1925 3340 confluxere
1939 3270 2063 3358 gratia,

1256 3446 1262 3453 ,
1301 3373 1439 3444 Favore
1455 3384 1575 3441 nostra
1593 3373 1708 3441 studia
1722 3384 1763 3442 ut
1776 3372 1928 3442 excitent
1943 3392 2020 3455 suo,

1301 3472 1475 3568 Artesque
1491 3471 1654 3543 honestas
1673 3487 1706 3543 et
1721 3473 1874 3562 benigne
1888 3466 2101 3564 provehant,

1302 3572 1598 3670 Authoritateque
1615 3589 1656 3645 ut
1673 3589 1840 3645 tueantur
1857 3569 1952 3644 hunc
1967 3597 2121 3664 gregem,

1303 3678 1372 3766 Qui
1389 3679 1545 3748 scenicos
1564 3679 1666 3746 ludos
1682 3676 1856 3746 industria
1874 3699 1935 3746 sua

1305 3782 1473 3868 instruxit
1491 3776 1556 3848 hac
1573 3780 1610 3847 in
1625 3780 1713 3848 urbe
1728 3780 1882 3868 primus,
1907 3789 1950 3848 ut
1964 3776 2050 3846 iocis

1302 3883 1513 3972 Salibusque
1527 3893 1716 3972 personent
1733 3874 1819 3949 haec
1835 3881 1972 3972 pulpita
1988 3879 2115 3963 atticis,

1303 3982 1350 4054 Et
1372 3987 1539 4052 barbaros
1558 3983 1697 4072 plorare
1715 3981 1834 4066 iussit,
1858 3982 1995 4052 fabulas

1304 4085 1440 4156 Efferre
1457 4085 1518 4176 qui
1537 4086 1700 4153 vetabant
1719 4084 1756 4152 in
1779 4084 2015 4175 proscenium,

1303 4187 1405 4278 Quae
1421 4187 1588 4256 cultiores
1605 4185 1772 4257 iuvenum
1787 4209 1904 4256 mores
1918 4185 2115 4254 redderent.

1303 4289 1553 4359 Terentianam
1572 4311 1732 4376 agemus,
1757 4282 1974 4357 Eunuchum
1988 4286 2107 4369 modo,
2212 4328 2216 4338 »

1304 4390 1406 4481 Quae
1426 4391 1564 4460 labulas
1580 4390 1706 4458 latinas
1724 4390 1835 4459 vincit
1849 4403 2003 4459 caeteras

1305 4493 1488 4563 Sermonis
1505 4492 1677 4578 elegantia
1694 4505 1727 4560 et
1742 4491 1890 4573 facetiis,

1304 4593 1371 4663 Vel
1386 4594 1396 4660 i
1401 4616 1460 4683 pse
1475 4616 1562 4685 quas
1577 4591 1721 4662 Momus
1741 4594 1891 4663 miretur
1903 4615 1943 4669 ac
1958 4590 2095 4682 probet,
2205 4614 2210 4618 ·

1305 4694 1444 4787 Illoque
1461 4695 1588 4763 sentiat
1606 4695 1731 4764 tinctas
1747 4696 1836 4780 sale,
1863 4718 1934 4788 quo
1950 4704 2060 4761 satam

1304 4797 1479 4866 Amorum
1498 4810 1532 4865 et
1549 4796 1795 4867 illecebrarum
1810 4810 1959 4866 matrem
1979 4791 2144 4863 omniurn

1306 4896 1479 4968 Venerem
1495 4900 1625 4971 ferunt.
1676 4896 1746 4968 Sed
1762 4920 1953 4989 corrugare
1964 4894 2108 4966 tetricos

1305 4998 1487 5086 Quosdam
1505 4999 1632 5068 videtis
1646 5023 1768 5084 nares,
1790 4999 2034 5070 immodestiae

1306 5099 1355 5170 Hi
1370 5118 1628 5179 rosacensem,
1656 5099 1694 5169 in
1711 5097 1887 5173 theatrum
1906 5101 2003 5195 quod
2019 5099 2116 5169 iocos

1305 5200 1470 5272 Proferre
1484 5203 1669 5273 liberiores
1686 5205 1791 5295 paulo
1806 5203 1881 5274 ausi
1896 5222 2031 5288 sumus,

1306 5302 1496 5397 Moresquc
1511 5305 1749 5378 criminantur
1764 5304 1887 5374 viciari
1902 5306 2017 5373 bonos

1306 5402 1438 5476 Parum
1454 5407 1584 5479 severis
1601 5408 1705 5483 dictis
1724 5421 1829 5501 atque
1847 5406 1997 5480 lusibus.
