4748 6022
93 338 176 445 ‘533

97 512 163 585 No.
186 511 269 584 101.

104 604 277 640 Μ

918 526 972 584 eu.
994 515 1089 585 152⁹.

916 604 1087 639 m

200 721 283 797 Apud
300 717 477 775 vtneanunn
491 734 519 788 p.
534 715 577 771 80.
658 804 662 809 Ι

97 886 168 979 ,ιη
191 832 475 972 semicana
496 870 676 964 amotae
703 867 756 942 aa
780 875 991 963 maana,
1015 873 1067 947 aa

402 976 452 1047 D.
472 976 589 1045 ruat.
612 975 786 1046 Ionam.

94 1131 181 1203 Visa
200 1133 350 1204 obscura
367 1126 467 1219 prius
482 1125 606 1197 multis
624 1125 737 1197 oratio
756 1125 860 1196 Pauli
874 1139 937 1208 est,

145 1229 278 1305 Omnis
292 1231 354 1302 ubi
375 1229 500 1312 series,
526 1251 620 1298 unus
634 1251 779 1298 acervus
796 1241 881 1298 erat.

93 1334 242 1425 Singula
256 1335 317 1404 s'ed
333 1347 520 1425 postquam
535 1343 618 1400 sunt
634 1329 761 1399 ordine
772 1330 930 1399 membro
947 1342 1089 1416 retexta,

144 1435 344 1527 Dispositae
359 1434 495 1504 ciarum
510 1451 565 1501 res
585 1433 691 1502 modo
707 1431 829 1501 lumen
848 1425 994 1501 babent.

93 1535 371 1611 Commendatus
383 1535 451 1605 erit
470 1532 537 1603 tibi
555 1529 642 1603 luna
660 1534 789 1603 diserte
804 1532 958 1618 libellus,
1013 1532 1015 1536 ’

144 1638 209 1712 Est
225 1640 349 1723 breve,
375 1638 436 1708 sed
453 1634 571 1727 magni
586 1638 720 1728 pande
734 1630 869 1705 laboris
886 1659 987 1727 opus.

680 2045 764 2129 (eod.
779 2034 872 2128 temp.
891 2060 925 2107 ut
937 2042 1085 2126 videtur.)

698 2138 1078 2177 m

95 2047 159 2119 No.
177 2049 260 2120 102.

104 2142 273 2173 Μ

161 2269 196 2320 lo
209 2281 275 2336 opp.
287 2258 369 2318 Basil.
382 2259 415 2315 Τ.
430 2257 462 2313 V.
479 2276 508 2332 p.
517 2256 577 2314 849.
590 2268 616 2314 et
630 2261 701 2334 apud
717 2244 842 2318 vincent.
855 2281 884 2336 p·
895 2263 947 2318 206
959 2281 1002 2336 sq.

167 2424 325 2493 Summa
347 2418 543 2492 doctrinae
568 2417 806 2492 Obrirts‘unae
830 2416 1008 2512 eripiam

464 2523 707 2594 iuuentutem.

142 2671 240 2743 Haec
256 2671 356 2764 pueri
374 2695 474 2742 verae
488 2670 628 2765 pietatis
643 2672 776 2743 credite
791 2696 928 2743 summa
944 2684 1009 2752 est,

91 2773 141 2848 Et
156 2774 357 2845 meminisse
375 2773 513 2858 Deum,
537 2788 572 2845 et
587 2775 737 2845 bonitati
755 2775 863 2843 fidere
878 2772 1000 2865 patris,

93 2873 142 2948 Et
156 2877 241 2947 casti
258 2899 391 2957 mores,
414 2874 613 2968 mentisque
628 2876 784 2969 exempla
800 2891 954 2948 renatae.

145 2977 210 3047 lile
227 2976 342 3049 Deum
359 2976 503 3058 metuit,
531 2999 693 3067 magnam
709 2978 773 3071 qni
788 2976 915 3047 iudicis
931 2976 1020 3045 iram

93 3079 227 3159 Sentit,
255 3092 287 3149 et
308 3078 405 3147 itlius
422 3073 544 3148 horret
557 3078 718 3173 facesque
735 3077 760 3172 ¹)
779 3079 974 3170 minasque,

91 3177 140 3252 Et
155 3204 191 3250 se
210 3180 423 3272 supplicium
438 3193 622 3251 aeternum
639 3181 808 3250 meruisse
828 3181 969 3252 fatetur.

93 3280 235 3352 Primus
252 3277 309 3352 hic
323 3294 375 3350 est
389 3283 519 3372 gradus
532 3283 576 3352 ad
591 3277 726 3353 Christi
741 3282 903 3354 coelestia
919 3304 1026 3372 regua

91 3384 152 3459 Sic
168 3398 264 3454 vates
280 3379 385 3453 Esaia
400 3383 514 3466 canit,
537 3398 572 3456 te
587 3385 738 3453 maxime
753 3408 871 3454 rerum

91 3484 267 3557 Conditor
283 3487 321 3553 in
337 3485 486 3577 pavido,
512 3499 547 3556 et
560 3485 695 3557 deiecto
715 3488 821 3555 corde
835 3478 1008 3570 habitare,

91 3588 132 3660 Si
144 3583 173 3682 ²)
187 3589 315 3677 pudeat
328 3609 498 3677 peccasse,
515 3587 689 3678 dolorque
704 3581 763 3654 hic
779 3598 917 3677 pectora
933 3586 1081 3656 scindat.

88 3688 173 3760 Nun
189 3686 402 3756 simulentur
416 3687 466 3756 ait
483 3686 669 3779 lacrymae,
692 3687 913 3779 gemitusque
927 3683 1081 3771 loheius,

92 3789 188 3859 insta
205 3787 275 3857 Dei
291 3810 365 3854 nou
381 3799 464 3855 ante
477 3810 634 3879 unquam
652 3786 848 3876 placabitur
861 3787 913 3856 ira

91 3877 210 3979 Quem
225 3888 292 3958 tibi
307 3887 517 3979 displiceant
532 3887 624 3957 vitae
639 3889 823 3958 commissa
841 3888 981 3981 prioris

89 3989 138 4063 Et
152 4014 233 4060 vere
248 3990 370 4059 doleas
385 4012 503 4059 rerum
519 3989 708 4061 offendisse
725 4005 920 4082 parentem.

91 4090 127 4164 Ο
145 4092 198 4162 vis
214 4104 346 4186 quanta
360 4090 433 4160 irae
449 4103 518 4177 est,
539 4091 711 4163 immensa
724 4092 881 4184 potentis
897 4116 977 4164 cum
993 4116 1030 4165 se

18 4244 22 4251 -
90 4188 214 4266 Exerit
230 4206 335 4287 atque
350 4194 405 4262 sui
422 4206 640 4264 contemtum
658 4194 857 4280 ulciscitur,
883 4194 993 4289 inque

90 4294 252 4366 infirmas
266 4295 404 4365 animas
416 4294 553 4385 ingenti
566 4295 714 4365 nurnine
732 4297 854 4369 saevit.

90 4395 274 4470 Poeniteat
289 4397 380 4467 vitae
395 4393 541 4482 Petrus,
565 4397 702 4490 inquit,
727 4399 877 4491 turpiter
891 4412 978 4485 scta,

90 4496 186 4568 Haec
202 4513 253 4569 est
268 4501 313 4572 ad
329 4498 471 4568 veniam
487 4498 591 4569 nobis
606 4499 662 4570 via
679 4500 792 4592 prima
808 4502 968 4594 peteuda,

88 4596 185 4671 Dum
201 4601 298 4670 vives
313 4618 499 4693 nunquam
519 4614 680 4677 sanctum
696 4603 833 4693 depone
850 4601 1027 4692 timorem,

89 4700 201 4794 Saepe
214 4700 352 4795 Deique
367 4702 503 4788 minae,
528 4703 693 4774 coelestia
709 4703 881 4786 fulmina,
906 4708 1017 4777 menti

817 332 1141 413 CARMINUM
1191 336 1296 413 nin.
1323 332 1374 411 ii.

2063 337 2138 412 684

1142 504 1190 581 Et
1208 518 1346 604 peccata
1362 510 1429 582 tibi
1450 536 1511 603 per
1526 505 1710 582 Christum
1726 514 1829 583 crede
1846 513 1978 585 remitti
1993 509 2034 608 ³),
2143 541 2151 571 τ

1146 611 1397 708 ingentemque
1414 613 1502 682 iram
1521 613 1654 705 placari
1668 612 1698 710 ⁴)
1716 616 1891 701 numinis,
1915 617 1993 686 etsi

1142 712 1249 806 Spem
1265 715 1390 784 veniae
1406 737 1509 783 mens·
1521 737 1632 805 aegra,
1647 716 1818 811 gravique
1831 717 2014 788 absterrita
2029 717 2133 802 mole,

1143 813 1189 886 Et
1204 816 1311 885 variis
1327 817 1497 886 scelerum
1511 816 1637 886 formis
1649 819 1788 888 dubitet
1803 819 1966 891 retinere.

1142 915 1200 986 Tu
1214 918 1351 987 contide
1367 933 1500 988 tamen:
1527 920 1635 1006 gratis
1649 919 1828 1008 ignoscere
1842 921 1945 991 nobis
2053 954 2056 961 ¹

1102 1013 1105 1019 ’
1140 1014 1306 1089 Decrevit
1322 1018 1425 1088 Pater
1438 1035 1471 1090 et
1488 1033 1648 1096 nostrum
1665 1023 1805 1092 demisit
1819 1023 1856 1091 in
1872 1024 2009 1109 orbern,

1141 1116 1189 1192 Ut
1206 1134 1405 1211 peccatores
1424 1135 1597 1206 servaret,
1622 1120 1769 1208 credite,
1796 1140 1954 1214 gnatum.

1138 1217 1220 1290 Non
1237 1225 1366 1292 nostris
1383 1222 1507 1292 tribuit
1525 1225 1714 1293 benefactis
1728 1248 1874 1295 munera
1890 1238 2001 1310 tanta,

1141 1320 1251 1392 Unica
1271 1349 1333 1414 pro
1350 1325 1456 1393 nobis
1472 1339 1615 1394 innotata
1631 1340 1682 1395 est
1701 1325 1841 1396 victima
1856 1321 2031 1398 Christus.

1139 1421 1217 1494 Hoc
1235 1420 1467 1514 Evangeiium
1485 1423 1668 1497 Romanos
1683 1424 1792 1497 Paule
1807 1430 1969 1512 docebas,

1137 1522 1265 1596 Nostra
1284 1523 1375 1596 nihii
1392 1528 1572 1597 benefacta
1590 1542 1726 1622 queunt
1742 1551 1807 1598 nos
1823 1531 2022 1601 iustificare.

1139 1624 1281 1696 iusticia
1297 1624 1380 1699 haec
1395 1631 1538 1699 demum
1555 1644 1609 1700 est
1624 1631 1688 1700 uni
1703 1631 1878 1701 corsfidere
1890 1627 2046 1713 Christo,

1138 1727 1244 1816 Quod
1261 1731 1326 1800 tibi
1342 1731 1489 1820 placarit
1504 1728 1665 1817 Patrem,
1691 1733 1901 1827 veniamque
1917 1733 2050 1822 rogarit

1138 1827 1203 1898 lile
1217 1845 1345 1903 unctus
1361 1833 1479 1922 digitis
1496 1834 1605 1924 patris
1621 1858 1713 1903 cruris
1726 1849 1850 1906 cuncta
1866 1837 2029 1905 sacerdos

1138 1928 1324 2024 impetrat,
1352 1949 1386 2005 et
1402 1958 1586 2031 uunquam
1601 1947 1684 2006 sunt
1700 1935 1797 2006 iilius
1814 1937 1914 2007 irrita
1931 1950 2023 2011 vota.

1135 2300 1202 2372 No.
1221 2301 1307 2373 103.

1135 2398 1306 2425 w

1901 2299 1904 2305 '
1924 2315 1990 2396 (n.
2010 2308 2123 2400 rsus.)

1914 2405 2124 2439 Μ

1205 2516 1761 2660 ⁰cria:¹at.bcttt„b“²²
1779 2539 1806 2594 ⁹·
1821 2519 1883 2577 ³³⁵·
1923 2521 2075 2595 βψω
2093 2535 2125 2579 '⁸

1448 2743 1507 2816 Ad
1533 2747 1810 2840 Grpaoeum.

1134 2904 1199 2981 Est
1213 2903 1301 3005 mihi
1317 2933 1407 3004 qnae
1422 2909 1507 2980 scite
1525 2907 1718 2981 Graiorum
1735 2910 1879 3002 pingere
1894 2911 2046 3012 possiet)

1185 3009 1304 3080 Penna
1322 3023 1443 3097 notas,
1469 3012 1590 3103 digitis
1603 3028 1682 3103 apta
1699 3013 1818 3083 futura
1834 3015 1915 3088 tuis.

1131 3109 1214 3182 Non
1231 3109 1380 3183 Pharios
1395 3138 1553 3208 unquam
1567 3114 1719 3184 calamos
1741 3137 1958 3207 praeponere
1974 3121 2098 3213 possis,

1185 3213 1265 3286 Huc
1281 3217 1363 3284 ades
1379 3238 1399 3284 a
1413 3216 1518 3286 nobis
1534 3211 1601 3285 hoc
1617 3216 1684 3287 tibi
1701 3240 1831 3288 munus
1847 3220 1925 3290 erit.

1132 3584 1200 3657 No.
1221 3583 1304 3662 104.

1133 3680 1303 3712 Μ

1852 3606 1857 3616 ·
1903 3592 1968 3673 (n.
1987 3597 2122 3682 tarsa)

1913 3685 2123 3724 Q

1201 3803 1277 3878 Opp.
1290 3800 1372 3857 Bait.
1387 3799 1422 3855 T.
1437 3801 1470 3858 V.
1487 3818 1515 3874 p.
1526 3798 1587 3856 858.
1622 3799 1750 3857 Vioceot.
1762 3818 1788 3873 p.
1798 3799 1861 3858 233.

1458 4057 1461 4061 .
1532 3964 1711 4034 Brtzio.

1232 4113 1325 4188 Cum
1340 4105 1592 4185 Demosthenis
1606 4125 1711 4206 etque
1726 4111 1878 4184 Luciani

1234 4217 1335 4302 Uno,
1357 4214 1460 4301 Pete,
1485 4213 1668 4284 volumine
1678 4227 1783 4309 atque
1797 4215 1888 4288 fasce

1235 4319 1375 4409 iungis,
1400 4316 1490 4386 seris
1508 4315 1562 4385 vis
1576 4314 1664 4384 iocis
1677 4315 1809 4408 opinor

1232 4418 1389 4494 Urbanis
1406 4417 1603 4512 lepidisque
1616 4431 1821 4510 temperare.

1232 4525 1301 4594 Sed
1319 4523 1349 4592 si
1363 4522 1486 4591 ludere
1501 4519 1555 4587 vis
1571 4521 1682 4611 probe
1697 4533 1731 4589 et
1746 4520 1867 4606 iocari,

1234 4623 1404 4697 Ponenda
1418 4638 1470 4693 est
1482 4618 1615 4718 Cynica
1632 4620 1699 4692 ista
1714 4621 1843 4707 barba,
1868 4622 1962 4697 Pete.

89 4800 281 4874 Terrorem
299 4801 476 4872 incutiant
488 4819 611 4895 pectus
624 4804 859 4899 frangantque
878 4810 1080 4898 superbum.
1218 4872 1221 4877 .

89 4903 161 4978 Sed
175 4919 296 4976 tamen
312 4903 448 4973 interea
461 4916 617 4973 mentem
630 4905 758 4977 fiducie
774 4929 913 4998 semper

87 5002 232 5096 Erigat,
255 5018 361 5097 atque
375 5016 510 5073 metum
524 5004 697 5097 quaedam
712 5006 837 5076 solatia
854 5029 987 5094 rursus,

88 5105 276 5178 Luctando
294 5117 461 5197 superent
474 5106 517 5174 dc
532 5097 676 5176 Christo
692 5096 832 5197 prodita
849 5108 955 5178 nobis

94 5284 293 5302 ..ι-...ὰ-

127 5393 155 5461 ι)
175 5389 256 5446 nait.
264 5390 427 5471 [menu-

125 5496 153 5564 ι)
173 5494 218 5563 su
234 5483 316 5550 asara·
333 5492 377 5550 ce.

1165 4915 1194 4987 8)
1214 4909 1296 4968 Rasil-
1312 4912 1401 4967 Crede
1414 4910 1464 4964 ott
1474 4924 1587 4977 semper
1602 4905 1747 4961 Christum
1757 4911 1873 4975 puech
1884 4912 2001 4971 remitti.

1165 5015 1195 5085 4)
1214 5013 1294 5070 Brsit.
1303 5016 1432 5081 placore.

1166 5118 1200 5190 *)
1215 5118 1322 5185 parsit]
1339 5113 1420 5172 suat
1433 5115 1532 5166 detur.
