4748 6022
118 254 193 334 ιιι
496 255 751 337 sentens
780 257 861 333 au
885 249 1090 356 gvtran
1117 202 1193 330 ur
1226 251 1464 339 unsrun
1486 252 1792 341 Mensura
2077 261 2149 338 ns

116 430 164 504 tis
177 429 260 516 suit,
284 426 344 499 vix
360 450 502 521 sperare
516 432 668 524 amplius
681 454 885 523 possumus:
910 443 1028 502 umen
1041 429 1111 499 du·
1160 451 1240 500 rum
1261 421 1501 499 Ecclesiaeum
1524 426 1706 521 Augustae
1727 426 1885 505 exhibita
1911 455 2007 503 anuo
2039 427 2152 517 1550,

114 534 232 604 bitere
258 554 335 600 non
358 533 545 618 debemus,
570 534 659 627 quin
675 532 772 604 Dens
792 533 898 603 etiam
915 555 979 625 per
995 531 1110 601 imbe·
1160 543 1195 601 et
1217 528 1326 600 simul
1346 530 1452 625 etiam
1472 530 1624 601 aliamm
1638 533 1798 605 omnium
1814 534 2074 628 professionum
2090 556 2150 603 ar·

115 634 215 705 cilles
236 646 271 704 et
294 633 414 704 minus
435 646 580 705 ornatos
596 637 704 709 tantis
721 636 844 719 donis,
869 632 989 704 efficax
1009 633 1109 703 futu·
1158 643 1212 701 tes
1228 631 1380 703 fideliter
1394 628 1429 703 et
1443 630 1579 703 sincere
1597 635 1699 729 quasi
1721 659 1786 729 per
1805 658 1932 708 manus
1954 636 2148 716 tradamus,

116 760 181 807 rus
203 735 268 822 sit,
297 735 329 805 si
353 758 420 805 nos
444 736 558 807 nostri
581 738 689 809 officii
714 759 906 823 memores,
936 749 1108 827 utsupra
1159 744 1195 804 et
1219 732 1443 826 disciplinam
1469 747 1648 817 tueamur,
1690 752 1822 832 quanta
1847 760 2036 832 possumus
2060 736 2147 805 dili·
2191 801 2197 810 .

115 837 256 909 dictum
277 849 349 923 est,
380 830 467 908 haec
490 838 585 909 dona
604 838 767 910 coelestia
791 836 999 910 ardentibus
1014 835 1108 906 votis
1157 833 1287 926 gentis,
1312 857 1403 928 quae
1416 834 1560 928 quidem
1573 837 1714 909 facilius
1728 840 1804 931 regi
1818 840 1962 932 poterit,
1988 838 2030 926 si,
2051 838 2150 932 quod

115 951 279 1031 petemus
309 960 329 1007 a
361 937 436 1008 lilio
468 935 537 1010 Dei
568 955 758 1031 regnante,
797 953 833 1012 et
867 937 1106 1009 ministerium
1157 935 1393 1007 necessarium
1408 936 1488 1023 erit,
1512 937 1679 1019 iuventus
1692 963 1729 1011 se
1744 942 1885 1014 facilem
1900 942 2149 1033 etobsequeu·

116 1036 304 1130 Evangelii
317 1062 378 1109 sua
392 1041 550 1131 potentia
565 1055 805 1116 conservante.
855 1038 928 1110 Nec
942 1039 1106 1110 dubitare
1156 1050 1229 1109 tem
1261 1038 1421 1129 paternis
1450 1039 1757 1114 admonitionibus
1788 1043 1920 1114 nostris
1951 1040 2148 1136 praebebit,

115 1142 223 1214 etiam
239 1135 362 1210 dehoc
377 1142 566 1233 debemus,
591 1143 682 1215 sicut
695 1143 869 1236 plurimos
884 1140 1025 1234 pietate,
1049 1162 1106 1209 sa-
1156 1137 1254 1233 quod
1277 1141 1426 1235 omnino
1446 1139 1551 1211 faciet
1574 1165 1615 1210 eo
1638 1145 1746 1214 etiam
1765 1143 1978 1231 studiosius,
2015 1154 2057 1212 ut
2077 1136 2147 1212 hac

113 1241 260 1335 pientia,
284 1240 415 1313 virtute
431 1256 466 1313 et
480 1244 641 1315 doctrina
656 1256 872 1340 praestantes
885 1243 981 1312 viros
995 1265 1106 1333 agno-
1155 1241 1232 1333 ipsa
1245 1264 1387 1310 morum
1401 1241 1647 1314 emendatione
1664 1257 1698 1316 et
1711 1246 1883 1317 modestia
1899 1259 1934 1317 et
1950 1247 1989 1316 in
2006 1243 2147 1313 discen-

112 1356 250 1413 scentes
264 1339 333 1413 Dei
349 1344 517 1416 beneficia
531 1369 595 1438 per
610 1338 885 1418 hunc'nostrum
900 1355 1105 1436 praecepto-
1155 1345 1204 1413 do
1226 1340 1430 1413 assiduitate
1452 1353 1617 1430 testetur,
1648 1368 1686 1416 se
1711 1346 1814 1419 obitu
1835 1348 1962 1418 talium
1984 1345 2145 1417 viromm

113 1466 190 1515 mm
203 1439 383 1514 Ecclesiae
406 1447 550 1533 collata,
575 1462 609 1521 et
629 1448 852 1520 aestimantes
872 1445 999 1517 merita
1013 1446 1051 1515 iu
1067 1466 1105 1514 se
1154 1443 1346 1515 immaturo
1369 1457 1539 1538 tanquam
1564 1445 1666 1536 signo
1685 1445 1759 1518 irae
1783 1447 1924 1520 divinae
1939 1449 2032 1518 serio
2047 1468 2145 1516 coru-

114 1559 151 1618 et
165 1543 255 1615 alios
269 1546 403 1617 multos
418 1547 584 1639 privatim
598 1550 772 1642 profecta,
805 1543 976 1618 habemus
992 1546 1105 1638 parti-
1154 1544 1304 1630 moveri,
1320 1541 1476 1616 etDeum
1489 1547 1657 1618 ardenter
1665 1548 1847 1636 vinuocare,
1859 1562 1902 1621 ut
1916 1547 2144 1618 imminentes

112 1645 209 1739 cipes
232 1641 340 1717 huius
361 1650 474 1720 nostri
494 1651 611 1740 gravis
632 1652 767 1736 luctus,
795 1649 858 1745 qui
873 1650 966 1719 serio
981 1650 1104 1720 dolent
1154 1648 1367 1718 calamitates
1381 1646 1539 1739 publicas
1548 1650 1737 1721 clementer
1751 1652 1900 1743 mitiget,
1911 1650 1950 1721 id
1965 1649 2062 1744 quod
2077 1670 2143 1718 au·

112 1748 160 1817 de
182 1749 376 1818 necessaria
401 1752 545 1844 quidem
552 1803 565 1837 ,
596 1767 637 1824 ut
659 1750 816 1823 hominis
839 1752 1015 1832 mortalis,
1040 1750 1102 1818 sed
1154 1749 1259 1820 diunt
1275 1772 1379 1820 suum
1396 1763 1656 1841 praeceptorem
1670 1749 1868 1824 Dominum
1876 1749 2086 1844 Philippum
2102 1749 2142 1819 in

110 1849 219 1918 nobis
240 1862 358 1920 tamen
380 1864 413 1921 et
427 1849 604 1925 Ecclesiae
616 1855 805 1925 immatura
818 1866 853 1925 et
866 1874 1103 1945 praepropera
1154 1851 1231 1943 ipso
1252 1874 1365 1941 agone
1383 1852 1495 1940 magis
1516 1852 1561 1920 de
1572 1849 1732 1924 Ecclesia
1753 1867 1787 1926 et
1801 1850 1993 1927 Academia
2010 1876 2050 1923 ac
2065 1863 2141 1922 toto

108 1950 343 2041 emigratione
371 1946 478 2024 huius
504 1956 667 2026 salutaris
688 1954 873 2029 Ductoris:
912 1955 1001 2047 quin
1025 1948 1108 2021 eos?
1153 1963 1255 2022 coetu
1273 1951 1487 2022 discentium
1503 1974 1610 2046 quam
1636 1956 1680 2024 de
1701 1978 1765 2026 sua
1784 1971 1900 2027 morte
1920 1967 2141 2027 autsuorum

109 2053 197 2120 dem
221 2053 326 2123 etiam
350 2049 458 2124 huius
481 2056 693 2147 precationis
714 2069 856 2126 nostrae
869 2052 980 2124 simus
995 2049 1102 2121 habi·
1153 2052 1305 2124 orbitate
1323 2052 1535 2138 sollicitum,
1568 2056 1690 2126 crebra
1710 2056 1992 2146 ingeminatione
2011 2054 2142 2126 arden-

108 2161 183 2222 tnrl
204 2154 335 2240 socios,
368 2155 554 2225 nobiscum
577 2170 761 2246 rogatums
779 2152 896 2226 Deum
918 2166 1102 2223 aeternum
1153 2153 1243 2223 tium
1270 2166 1435 2223 votorum
1457 2154 1598 2239 fecisse,
1626 2155 1684 2226 cui
1705 2180 1771 2247 pro
1796 2158 1945 2227 infinitis
1967 2156 2140 2235 bonitate,

107 2267 247 2343 patrem
270 2253 409 2322 domini
425 2255 538 2326 nostri
556 2254 634 2326 lesu
650 2253 802 2343 Christi,
825 2267 867 2325 ut
881 2249 975 2324 hanc
987 2248 1103 2325 Scho-
1152 2253 1399 2342 magnitudine
1407 2268 1441 2324 et
1449 2278 1598 2325 numero
1606 2256 1784 2327 beneficiis
1797 2252 1866 2327 hoc
1875 2269 2091 2347 postremum
2106 2269 2141 2325 et

108 2355 182 2424 lam
207 2367 242 2425 et
257 2351 475 2442 Ecclesiam,
501 2381 591 2453 quae
612 2359 745 2429 multos
766 2380 880 2428 annos
895 2355 1016 2424 sedula
1032 2354 1101 2425 luit
1152 2354 1239 2438 vile,
1264 2355 1324 2423 sed
1349 2355 1445 2445 pium
1459 2367 1577 2425 tamen
1591 2356 1747 2426 officium
1762 2371 1998 2449 praestemus,
2021 2371 2063 2428 ut
2082 2358 2139 2427 l'u-

108 2454 290 2551 nutricula
314 2467 350 2524 et
375 2456 511 2526 doctrix
529 2457 764 2549 plurimarum
781 2460 852 2528 iam
869 2456 1004 2527 utiliter
1019 2477 1101 2545 pas-
1152 2478 1221 2526 nus
1240 2457 1314 2525 eius
1336 2457 1380 2524 ad
1403 2455 1521 2526 locum
1539 2457 1741 2547 sepulturae
1756 2459 1969 2530 destinatum
1985 2461 2139 2529 deduca-

108 2556 181 2627 sim
202 2553 495 2646 Rebuspublicis,
534 2554 675 2630 Scholis
696 2574 729 2632 et
749 2557 918 2631 Ecclesiis
941 2556 1101 2627 servien-
1150 2580 1249 2641 mus,
1273 2552 1340 2625 hac
1355 2555 1556 2627 obedientia
1572 2571 1755 2644 testantes,
1780 2583 1847 2631 nos
1863 2572 1899 2631 et
1913 2572 2137 2653 acceptorum

111 2657 223 2740 tium,
244 2656 380 2727 diutins
402 2659 595 2731 clementer
611 2661 806 2743 custodiat,
835 2673 932 2751 regat
957 2670 990 2730 et
1013 2681 1099 2728 con·
1149 2658 1403 2728 beneficiorum
1429 2658 1637 2729 memoriam
1657 2660 1768 2742 tueri,
1804 2673 1840 2732 et
1863 2662 2137 2737 domesticorum

100 2770 245 2843 servet,
269 2771 309 2828 ut
325 2759 459 2831 sincera
474 2758 661 2852 Evangelii
676 2764 838 2834 doctrina
852 2776 888 2833 et
903 2759 993 2830 aliae
1007 2774 1098 2830 artes
1150 2760 1308 2831 defuncti
1325 2759 1559 2850 praeceptoris
1575 2760 1726 2834 orbitate
1737 2763 1830 2834 serio
1845 2761 1950 2835 allici.

108 2859 326 2928 necessariae
349 2862 506 2933 societati
528 2864 665 2954 generis
688 2860 836 2934 humani
857 2877 893 2934 et
908 2858 1099 2946 Ecclesiae,
1215 2938 1224 2945 ,
1251 2857 1480 2932 Convenietis
1503 2875 1621 2933 autem
1643 2856 1751 2934 hodie
1771 2863 1878 2957 paulo
1901 2875 1982 2935 ante
2011 2884 2138 2934 secum

106 2959 176 3029 diu
199 2960 327 3030 llorere
349 2975 383 3034 et
405 2964 475 3034 late
500 2966 687 3058 propagari
712 2966 797 3036 inde
812 2963 965 3057 possint,
991 2986 1097 3057 quam
1149 2963 1230 3032 dam
1253 2958 1377 3032 horam
1402 2986 1513 3054 prope
1528 2960 1557 3054 ⁸)
1580 2966 1683 3035 aedes
1703 2962 1852 3036 Domini
1867 2961 2046 3057 Philippi,
2072 2964 2138 3033 ubi

110 3059 158 3129 ad
175 3082 249 3130 rem
267 3074 308 3131 ut
322 3062 443 3133 idonei
459 3069 712 3155 gubernatores
727 3067 765 3136 in
781 3069 858 3159 loca
867 3062 896 3159 ³)
913 3066 1098 3135 defuncto·
1149 3064 1333 3136 audieritis
1350 3064 1491 3154 signum
1507 3089 1676 3157 campana
1693 3067 1790 3152 dari,
1816 3080 1851 3139 et
1865 3065 2064 3161 sequamini
2078 3067 2138 3135 lu·

105 3184 194 3232 rum
221 3164 501 3252 substituantur,
531 3162 755 3238 hauddubie
784 3192 890 3239 curae
915 3167 983 3238 erit
1009 3166 1098 3237 lllu-
1148 3189 1217 3236 ntis
1246 3189 1359 3259 usque
1389 3166 1429 3234 in
1459 3167 1633 3258 templum
1651 3163 1871 3244 Parochiale.
1928 3164 2034 3239 Unde
2056 3178 2137 3259 post

108 3261 284 3334 strissimo
306 3262 467 3361 Principi
487 3291 528 3339 ac
547 3269 724 3354 Domino,
754 3267 913 3341 Domino
929 3264 1098 3362 Augusto
1148 3266 1307 3340 auditam
1328 3268 1702 3341 commonefactionem
1727 3272 1772 3341 de
1795 3294 1856 3364 spe
1868 3267 2136 3341 resurrectionis

104 3360 201 3435 Dnci
233 3363 425 3456 saxoniae,
455 3369 502 3446 S.
530 3368 675 3463 imperii
707 3369 864 3444 Romani
889 3364 1095 3441 Archimar-
1148 3382 1308 3456 nostrae,
1331 3392 1440 3459 porro
1460 3369 1641 3442 deducetis
1662 3370 1753 3443 illud
1776 3373 1815 3442 in
1831 3373 2003 3465 templum
2019 3367 2137 3453 Arcis,

106 3458 249 3537 achaico
264 3464 474 3557 etElectori,
498 3471 659 3564 Principi
674 3469 877 3544 acDomino
890 3485 1013 3544 nostro
1025 3472 1097 3541 cle·
1145 3485 1183 3543 et
1196 3469 1248 3539 ibi
1260 3472 1419 3540 modeste
1435 3484 1470 3541 et
1482 3485 1685 3543 reverenter
1697 3496 1772 3541 non
1799 3473 2005 3564 dignissima
2027 3493 2136 3564 quae-

104 3565 351 3651 mentissimo,
385 3574 486 3642 cuius
501 3570 684 3644 Celsitndo
705 3596 807 3663 saepe
828 3574 900 3642 iam
923 3571 1098 3641 evidenti·
1148 3593 1232 3664 que,
1257 3570 1318 3640 sed
1340 3594 1423 3640 suae
1449 3570 1598 3664 quisque
1620 3573 1724 3642 aetati
1739 3585 1775 3643 et
1789 3572 1987 3643 conditioni
2005 3595 2136 3642 conve·

104 3667 176 3737 bus
192 3668 406 3740 testimoniis
419 3696 486 3743 nos
505 3673 744 3757 confirmavit,
773 3675 870 3767 quod
892 3673 979 3743 velit
999 3695 1097 3741 sum-
1147 3670 1283 3740 nientia
1309 3670 1386 3739 loca
1407 3683 1639 3763 occupantes,
1669 3673 1821 3745 audietis
1842 3672 2030 3744 funebrem
2054 3696 2134 3743 ora-

103 3792 166 3838 mo
182 3767 301 3838 studio
320 3764 413 3842 hanc
427 3769 667 3860 Academiam,
692 3773 731 3842 in
749 3797 818 3868 qua
833 3773 959 3867 purior
973 3768 1097 3844 Evan-
1147 3771 1281 3843 tionem
1303 3771 1467 3858 recitari,
1499 3786 1534 3842 et
1555 3771 1754 3862 adiungetis
1771 3788 1905 3847 vestras
1916 3797 2037 3866 preces
2051 3796 2132 3844 cum

103 3869 190 3960 gelii
214 3869 275 3937 lux
299 3868 339 3939 ln
359 3896 482 3945 omnes
502 3888 618 3967 partes
633 3872 816 3947 christiani
831 3874 929 3947 orbis
953 3874 1097 3961 effulsit,
1146 3872 1327 3945 seniorum
1351 3873 1461 3958 votis,
1494 3872 1601 3944 simul
1621 3875 1806 3946 nobiscum
1826 3887 1984 3970 petentes
2014 3886 2135 3967 prote·

104 3992 169 4041 sua
181 3969 425 4044 munificentia
442 3976 561 4047 iuvere
576 3991 611 4049 et
624 4000 844 4053 conservare.
1146 3975 1300 4045 ctionem
1320 3989 1355 4045 et
1381 3977 1685 4047 conservationem
1709 3977 1851 4068 piorum
1872 3977 2071 4048 studiorum
2095 3975 2134 4044 iu

207 4068 282 4142 Nos
305 4097 465 4170 quoque,
490 4102 580 4173 quos
596 4076 693 4151 Deus
714 4078 830 4151 voluit
850 4073 936 4151 huic
954 4076 1016 4172 pio
1031 4099 1095 4169 pa·
1145 4072 1211 4146 hac
1236 4071 1368 4147 Schola
1398 4089 1434 4147 et
1457 4072 1628 4154 Ecclesia.
1680 4076 1877 4150 Hortamur
1908 4092 2027 4150 sutem
2060 4101 2134 4162 vos,

101 4169 153 4245 tri
169 4177 436 4267 etpraeceptori
450 4194 573 4271 poetro
588 4180 792 4273 superstites
808 4202 901 4268 esse,
925 4180 990 4252 etsi
1006 4181 1095 4250 late-
1146 4173 1402 4262 scholasticos,
1436 4190 1471 4246 et
1495 4203 1558 4271 per
1578 4176 1695 4250 Deum
1716 4190 1902 4270 rogamus,
1935 4193 1976 4251 ut
1999 4178 2037 4249 in
2059 4191 2132 4249 tota

103 4294 190 4343 mur
220 4295 287 4344 nos
317 4276 497 4352 donomm
524 4282 732 4354 'excellentia
766 4281 835 4374 ipsi
861 4294 896 4354 et
924 4281 1005 4352 aliis
1031 4304 1094 4351 ne-
1145 4274 1212 4350 hac
1232 4278 1377 4351 lunebri
1400 4281 1598 4351 ceremonia
1619 4281 1696 4352 sitis
1717 4283 1865 4352 modesti
1883 4295 1919 4353 et
1932 4281 2136 4361 verecundi,

105 4396 286 4468 quaquam
307 4401 411 4469 pares
433 4404 525 4464 esse,
566 4395 686 4454 tamen
716 4406 858 4455 summo
882 4382 1001 4454 studio
1028 4406 1094 4453 an·
1145 4404 1210 4451 uec
1234 4380 1501 4452 tumultuemini
1524 4395 1559 4453 et
1581 4383 1685 4454 foeda
1708 4384 1915 4455 confusione
1940 4396 1974 4456 et
1996 4383 2134 4454 discan-

101 4474 283 4565 nitemur,
308 4491 351 4550 ut
381 4478 558 4557 iuventuti
590 4484 687 4578 piam
715 4498 750 4558 et
764 4484 952 4557 salutarem
978 4496 1013 4555 ct
1035 4484 1094 4554 in·
1144 4482 1279 4553 satione
1308 4480 1458 4573 turbetis
1488 4484 1651 4555 ordinem
1678 4485 1829 4555 maxime
1859 4485 2071 4554 servandum
2093 4483 2133 4552 in

103 4589 309 4668 corruptam
359 4583 560 4656 doctrinam
611 4587 817 4677 coelestem,
873 4586 966 4657 neus
1015 4610 1093 4656 eam
1144 4584 1277 4656 talibus
1297 4582 1561 4675 congressibus,
1591 4585 1656 4657 ubi
1668 4586 1789 4679 potius
1807 4586 1894 4679 qnid
1911 4585 2134 4656 amiserimus

102 4699 124 4749 s
153 4679 361 4753 reverendis
383 4687 544 4776 patribus
572 4699 608 4759 et
636 4686 924 4781 praeceptoribus
952 4687 1094 4773 nostris,
1144 4699 1179 4757 et
1199 4698 1381 4778 expectare
1406 4708 1516 4776 porro
1541 4687 1735 4780 possimus,
1768 4686 1923 4776 cogitare
1950 4687 2134 4772 debemus,

99 4768 290 4867 Ieutlssro,
317 4777 419 4857 Iona
432 4785 483 4885 ⁴),
514 4783 787 4885 Bageulsugiu,
809 4778 1027 4883 Crucigsro,
1058 4800 1094 4859 et
1144 4809 1249 4881 quam
1273 4786 1360 4882 qnid
1383 4801 1542 4876 spectare
1562 4809 1745 4883 queamus.
1792 4783 1954 4874 Adsunt,
1977 4788 2133 4859 utvide-

100 4871 285 4981 Philippo
311 4888 533 4982 accepimus,
571 4905 609 4964 et
637 4893 768 4965 ιιὶιιιιιι
791 4912 986 4982 congruere
1011 4913 1091 4960 cnm
1137 4888 1212 4973 tis,
1235 4888 1374 4983 aliquot
1392 4885 1581 4979 Lipsenses
1601 4888 1839 4976 Professores,
1862 4890 2000 4985 aliquot
2020 4889 2132 4961 vicini

99 4996 275 5075 perpetuo
297 5010 472 5062 consensu
489 4987 784 5084 Propheticorum
808 5007 843 5062 et
864 4989 1091 5084 Apostolico·
1141 4986 1307 5075 Nobiles,
1332 4988 1438 5062 multi
1461 4989 1570 5060 vicini
1587 4988 1755 5060 Pastores
1769 5004 1804 5061 et
1824 4991 1885 5062 alii
1908 4988 2048 5064 bonesti
2065 4985 2131 5061 ho-

96 5104 181 5155 rum
200 5086 417 5180 scriptorum
435 5116 517 5165 curn
534 5090 716 5191 Symbolis
736 5109 771 5167 et
788 5092 1009 5177 confessione
1025 5086 1092 5165 hs·
1141 5090 1265 5180 spites‚
1299 5115 1389 5183 qnos
1408 5091 1606 5162 communis
1627 5092 1731 5162 dolor
1749 5090 1872 5185 Lipsia
1895 5117 2007 5188 usque
2029 5105 2063 5163 et
2089 5117 2131 5164 ex

657 5200 661 5207 '
739 5204 742 5211 '
849 5196 853 5203 '
895 5194 898 5199 ’
1010 5190 1023 5275 J
1059 5182 1068 5199 ²
1141 5192 1221 5265 aliis
1250 5191 1457 5288 longinquis
1487 5192 1577 5263 locis
1610 5188 1681 5267 hue
1714 5193 1875 5282 attraxit,
1909 5209 1950 5266 ut
1976 5189 2042 5263 hae
2068 5218 2134 5266 sua

24 5320 30 5333 '
126 5332 253 5406 nrm]
272 5332 337 5395 δι’·
352 5338 428 5411 past.
445 5342 552 5413 bawa-
700 5376 743 5411 ·.

127 5410 459 5493 attaminatum
474 5412 536 5489 'sarz
552 5424 629 5503 pass
687 5416 690 5421 '
