4748 6022
170 298 245 371 855
540 339 543 343 ·
746 280 1168 384 Qubusnouu's
1201 289 1605 368 ACADEMICAE.
1715 279 1720 290 ⁸
1947 308 1950 312 ’
2113 285 2193 362 866

167 467 283 546 nostri
306 465 385 537 lesu
400 460 552 550 Christi,
573 464 766 550 discernis,
795 467 988 559 praecipue
1009 469 1156 561 prodest,
1178 467 1182 581 ι
1207 493 1286 540 mus
1300 469 1416 562 loqui:
1441 464 1539 536 llaec
1557 463 1689 556 agnitio
1708 461 1775 530 filii
1790 484 1832 530 eo
1849 459 2046 529 neccssaria
2068 472 2140 543 cst,
2159 475 2194 532 ει

169 565 239 641 huc
254 581 407 638 mentem
424 580 528 659 atque
542 568 664 637 oculos
680 568 830 652 referre,
854 581 959 662 teque
978 565 1048 639 hoc
1076 572 1152 662 ipso
1179 584 1182 651 ζ
1206 586 1245 643 ut
1269 572 1343 666 filio
1368 571 1549 642 tribuatur
1572 567 1714 637 debitus
1737 559 1872 648 honos,
1903 575 1938 633 ει
1973 577 2013 633 ιιι
2039 561 2192 632 sciamus

170 671 435 743 evidentissimo
451 670 653 740 testimonio
672 667 835 758 Apostoli
852 671 994 740 munire
1010 696 1050 742 ac
1065 697 1153 743 con·
1178 653 1181 722 l
1206 698 1286 743 eum
1302 697 1384 743 vere
1401 672 1640 741 invocandum
1655 691 1749 752 esse,
1775 679 1809 737 et
1825 664 1992 736 exaudire
2016 664 2191 734 invocan-

97 764 115 798 '³
170 775 321 846 firmare.
360 771 510 860 'Quanti
528 795 610 841 vero
629 773 800 840 momenti
827 770 889 855 sit,
917 787 951 843 et
966 799 1073 867 quam
1097 799 1153 843 sa·
1206 791 1277 862 tes,
1310 790 1343 846 ct
1378 777 1501 864 ipsum
1528 773 1675 871 missum
1702 793 1794 853 esse,
1829 782 1869 838 ut
1895 767 2104 836 immediate
2130 791 2192 859 per

170 877 295 946 lutaris
324 875 511 965 explicatio
535 868 642 943 huius
674 874 878 958 doctrinae,
909 891 1153 973 quantumque
1205 879 1322 970 ipsum
1349 893 1488 947 aeterna
1512 870 1671 944 Ecclesia
1695 872 1900 961 colligatur,
1926 883 2091 960 regatur,
2116 890 2192 939 ser-

170 977 365 1046 necessaria
381 976 532 1044 inomni
548 998 629 1044 vera
644 975 886 1062 invocatione,
908 980 1101 1048 ostendunt
1119 993 1153 1048 ει
1205 994 1328 1066 vetur,
1355 996 1389 1050 et
1414 982 1458 1049 ad
1474 978 1583 1047 vitam
1605 991 1784 1045 aeternam
1804 998 1845 1043 ex
1861 984 1977 1042 morte
1994 985 2191 1047 revocetur.

170 1094 288 1149 vetera
313 1077 506 1148 certamina
533 1089 609 1146 orta
631 1101 672 1145 ex
696 1078 1049 1170 interpretationibus
1066 1081 1152 1149 alie·
1205 1080 1275 1152 Hic
1293 1107 1379 1153 usus
1398 1080 1580 1151 doctrinae
1598 1073 1705 1148 huius
1722 1074 1882 1169 quotidie
1906 1075 1944 1143 in
1963 1075 2192 1147 invocatione

171 1182 228 1250 nis
249 1181 438 1248 verborum
454 1175 637 1269 Apostoli,
664 1194 697 1248 ει
719 1203 839 1249 recens
856 1179 995 1251 Serveti
1017 1184 1152 1254 tumul·
1205 1185 1412 1274 cogitandus
1432 1199 1492 1255 εει.
1543 1179 1617 1252 Νεε
1634 1193 1718 1250 vero
1733 1179 1807 1249 ulla
1824 1201 1878 1247 res
1900 1177 2119 1267 cogitatione
2134 1178 2192 1247 di-

128 1369 133 1379 ι
171 1298 248 1361 ιιιε,
275 1307 346 1375 quo
363 1281 507 1351 turbare
521 1275 724 1351 Catholicae
740 1279 917 1353 Ecclesiae
940 1307 1150 1354 consensum
1205 1287 1308 1376 gnior
1326 1300 1396 1370 est,
1421 1308 1527 1378 ιιιιεω
1547 1279 1656 1355 huius
1678 1281 1832 1350 mirandi
1853 1279 2027 1365 foederis,
2059 1280 2194 1350 videli-

171 1385 317 1453 molitus
339 1396 400 1452 est.
458 1380 603 1453 Etenim
626 1378 743 1452 adhuc
771 1387 958 1475 superstite
979 1384 1151 1478 Apostolo
1205 1403 1258 1458 cet
1283 1387 1520 1480 copulationis
1543 1386 1686 1455 divinae
1712 1398 1746 1453 et
1771 1379 1950 1452 humanae
1975 1395 2127 1455 naturae
2145 1382 2192 1453 >iu

172 1481 352 1573 Iohanne,
378 1482 523 1554 Hebion
538 1498 574 1554 et
590 1479 808 1556 Cherinthus
822 1490 1099 1573 contenderunt,
1112 1489 1151 1556 in
1204 1486 1359 1562 Christo.
1413 1489 1483 1561 Sed
1502 1483 1627 1558 dehac
1649 1501 1754 1578 tanta·
1770 1509 1827 1568 re,
1853 1508 1983 1577 quaeso
2004 1499 2045 1555 ut
2065 1484 2193 1574 ropio-

103 1639 115 1652 .
169 1583 313 1656 Christo
333 1599 471 1656 tantum
496 1610 570 1655 csse
587 1581 778 1655 humanam
803 1603 978 1660 naturam.
1031 1589 1151 1682 Quare
1203 1592 1276 1660 sius
1295 1591 1629 1664 dicatReverendus
1646 1589 1719 1673 vir,
1734 1585 1913 1659 Dominus
1927 1580 2193 1668 Doctochor-

170 1692 215 1757 ab
228 1685 396 1758 Ecclesiis
414 1685 522 1758 Asiae
541 1701 684 1778 rogatus
702 1685 897 1776 lohannes,
923 1705 963 1761 ut
982 1693 1152 1763 refutaret
1202 1690 1289 1789 gius
1304 1688 1455 1779 Maior,
1477 1717 1581 1787 quem
1597 1705 1632 1761 et
1648 1703 1794 1783 propter
1809 1690 1920 1780 ipsius
1939 1689 2130 1769 virtutem,
2156 1703 2193 1758 et

170 1785 235 1859 hos
257 1791 416 1876 furores,
447 1791 563 1860 voluit
581 1783 993 1880 Evangelii'narratione
1021 1796 1159 1886 scripta
1202 1810 1348 1887 propter
1369 1811 1552 1890 paternam
1576 1793 1788 1878 amicitiam,
1826 1792 1937 1882 diligo
1963 1805 1997 1862 ει
2024 1813 2194 1864 veneror.

171 1906 288 1961 extare
315 1906 522 1983 perpetuum
552 1916 598 1961 ac·
624 1893 864 1964 firmissimum
897 1897 1150 1980 testimonium,
1201 1897 1295 1972 Dixi.

171 1997 216 2062 de
240 1996 378 2064 duabus
405 1994 544 2065 naturis
570 1994 608 2063 in
629 1995 701 2063 lilio
723 1992 809 2080 Dei,
842 2010 926 2067 nato
950 2023 991 2067 ex
1012 2000 1150 2089 virgine

169 2095 299 2168 Maria.
351 2094 459 2184 Quod
477 2096 591 2187 ipsum
613 2110 732 2166 tamen
754 2112 873 2189 postea
890 2099 1150 2185 samosatenus,

169 2192 364 2281 Photinus,
389 2195 556 2278 Praxeas,
583 2200 700 2268 etalii
722 2200 867 2270 fanatici
890 2215 1002 2272 astute
1023 2205 1149 2295 depra-

168 2323 252 2369 vare
272 2313 379 2394 atque
397 2301 540 2370 eludere
562 2301 679 2369 conati
702 2315 803 2386 sunt,
836 2302 1063 2394 impudenter
1083 2307 1149 2375 lin-

170 2414 308 2490 gentes,
336 2395 449 2500 λόγον
469 2425 544 2471 non
568 2403 764 2493 significare
786 2398 1063 2501 ὑφιστάμενον,
1088 2432 1150 2479 seu
1277 2399 1511 2471 Verissimum
1531 2413 1581 2469 est
1597 2400 1693 2493 quod
1709 2398 1815 2483 dicis,
1838 2384 2194 2490 carissimeCaspar,

169 2503 363 2574 subsistens
378 2505 499 2575 vivum
515 2527 555 2572 ac
570 2506 775 2576 distinctum
794 2532 812 2575 a
828 2506 952 2588 Patre,
978 2511 1036 2577 sed
1053 2511 1150 2598 cogi·
1201 2504 1339 2573 nullam
1362 2525 1435 2570 rem
1452 2501 1665 2590 cogitatione
1682 2502 1880 2592 digniorem
1903 2520 1997 2583 esse,
2023 2497 2193 2567 conside-

170 2606 338 2674 tationem
366 2620 649 2692 evanescentem,
681 2632 743 2677 seu
772 2609 993 2700 propositum
1023 2600 1151 2692 Patris,
1202 2605 1345 2675 ratione·
1373 2603 1440 2671 filli
1472 2604 1558 2683 Dei,
1594 2616 1629 2674 el
1654 2599 1721 2673 hoe
1745 2603 1910 2672 ῐῐιῖΐθῐὶᾶθ
1932 2600 2084 2671 c⁰ss⁵lll⁰
2107 2597 2192 2689 Del.

171 2731 245 2778 non
271 2707 478 2778 distinctum
502 2732 521 2777 a
546 2705 671 2800 Patre,
708 2734 772 2777 nec
802 2735 865 2802 pcr
887 2735 924 2780 se
947 2712 1152 2798 subsistens,
1202 2708 1299 2802 quod
1322 2706 1435 2775 lilium
1459 2708 1504 2774 ad
1524 2702 1718 2775 Ecclesiam
1744 2704 1853 2774 misit.
1908 2701 1987 2800 Noc
2003 2725 2090 2772 vero
2116 2701 2190 2770 ulla

170 2810 233 2877 sed
253 2810 401 2878 velutin
417 2804 614 2880 Architecti
630 2825 746 2880 mente
762 2812 938 2882 lucentem
954 2814 1069 2882 ideam
1093 2816 1152 2885 fu·
1202 2833 1258 2879 res
1282 2809 1351 2901 piis
1379 2809 1588 2899 ampliorem
1621 2822 1658 2878 et
1681 2807 1880 2878 dulciorem
1907 2804 2189 2874 consolationem

170 2911 243 2979 turi
267 2911 383 3002 operis
408 2911 585 2980 condendi
606 2937 646 2980 ac
670 2915 915 2987 conservandi.
965 2913 1063 2984 Haec
1084 2919 1153 2986 im·
1204 2913 1335 2993 adfert,
1361 2934 1468 3004 quam
1483 2904 1570 2978 haec
1586 2909 1661 3002 ipsa
1678 2909 1842 3000 cogitatio
1860 2909 1905 2977 dc
1921 2906 1996 2976 lilio
2012 2903 2094 2990 Dei,
2108 2903 2189 2998 quis

171 3011 230 3103 pia
244 3013 443 3103 corruptela
463 3013 601 3082 levibus
625 3014 778 3104 ingeniis
801 3030 837 3085 et
860 3029 946 3086 tunc
963 3031 1060 3106 grata
1074 3020 1153 3101 luit,
1202 3015 1267 3098 sit,
1293 3035 1358 3083 cur
1379 3011 1507 3081 missus
1533 3012 1596 3097 sit,
1623 3035 1713 3110 quae
1734 3013 1807 3081 sint
1820 3008 2059 3100 eiuspropria
2078 3008 2189 3078 bene-

171 3128 205 3185 et
222 3139 318 3185 nunc
334 3128 478 3207 propter
493 3115 767 3186 eoncinnitatem
781 3117 903 3188 multis
920 3119 1116 3194 blanditur.
1202 3115 1298 3201 ficia,
1325 3137 1414 3208 quae
1439 3116 1484 3183 de
1504 3113 1580 3206 ipso
1603 3114 1732 3186 tradita
1755 3113 1827 3184 sint
1846 3111 2063 3182 testimonia.
2115 3108 2189 3180 Sit-

180 3257 183 3263 ,
235 3290 237 3292 ,
273 3216 344 3288 Sed
360 3231 413 3286 est
428 3217 466 3285 iu
480 3217 556 3309 ipsa
575 3219 664 3288 serie
686 3221 902 3291 narrationis
917 3225 1010 3315 apud
1023 3219 1153 3293 lohau-
1201 3242 1272 3312 que
1294 3241 1335 3287 eo
1358 3216 1465 3286 nobis
1485 3217 1620 3305 gratior
1642 3213 1730 3287 haec
1755 3214 1942 3306 cogitatio,
1966 3225 2007 3283 ut
2022 3211 2189 3282 diabolos

171 3341 254 3385 nem
269 3320 492 3388 manifestum
508 3333 543 3389 et
559 3307 703 3390 evidens
722 3322 986 3408 testimonium,
1005 3350 1077 3418 quo
1095 3350 1153 3395 re·
1202 3321 1360 3391 furentes
1374 3317 1457 3387 odio
1475 3318 1542 3387 lilii
1562 3319 1795 3412 repellamus,
1820 3316 1883 3411 qui
1908 3310 1977 3386 hoc
1998 3315 2188 3407 praecipue

171 3421 277 3488 tundi
301 3445 340 3489 ac
363 3422 510 3491 refutari
542 3422 689 3492 istorum
714 3424 839 3493 deliria
867 3428 1050 3518 perspicue
1073 3452 1153 3520 pos-
1203 3435 1312 3512 egunt
1332 3421 1370 3489 in
1394 3420 1558 3489 maximis
1579 3421 1848 3491 confusionibus
1873 3418 2012 3509 generis
2028 3412 2188 3499 humani,

171 3535 264 3593 suut.
317 3518 430 3593 Addit
452 3523 547 3591 enim
575 3527 619 3593 de
643 3520 801 3597 Christo:
839 3526 882 3596 ln
905 3532 1039 3599 mundo
1069 3545 1154 3614 erat,
1202 3540 1242 3595 ut
1265 3520 1400 3594 Christi
1425 3523 1592 3592 noticiam
1617 3525 1777 3608 deleant,
1810 3536 1845 3591 et
1865 3520 2101 3593 contumelias
2123 3521 2188 3586 ad-

67 3645 92 3714 ὶ
132 3699 134 3702 ,
172 3636 206 3690 ει
222 3627 378 3693 mundus
393 3625 584 3716 peripsum
600 3628 712 3697 lactus
729 3644 798 3713 est;
826 3632 920 3723 quod
936 3633 982 3700 de
998 3628 1157 3702 humana
1202 3649 1324 3697 versus
1344 3650 1424 3695 eum
1451 3625 1646 3697 cumulent.
1698 3623 1751 3695 lta
1773 3625 1878 3694 initio
1900 3615 2187 3694 iuterEtbnicos

146 3720 298 3795 ‘natura
322 3740 498 3818 assumpta
526 3753 567 3797 ex
595 3728 732 3818 virgine
759 3733 901 3823 proprie
934 3733 1045 3825 accipi
1080 3759 1153 3806 non
1202 3729 1352 3799 extincta
1377 3741 1427 3796 est
1449 3728 1509 3796 lux
1530 3728 1796 3818 promissionis,
1827 3739 1860 3796 ει
1884 3725 1921 3793 iu
1950 3726 2028 3813 ipso
2052 3721 2186 3815 populo

80 3868 82 3873 ·
113 3899 116 3902 ,
170 3841 295 3918 potest.
1204 3830 1329 3916 lsrael,
1356 3853 1435 3900 cum
1451 3827 1573 3899 Patres
1589 3844 1622 3900 et
1638 3825 1837 3922 Prophetae
1859 3841 1893 3897 ει
1916 3825 2029 3920 aliqui
2054 3824 2106 3917 pii
2131 3847 2187 3892 re·

273 3929 421 3999 Necesse
456 3945 506 4000 εει
529 3932 639 4022 igitur
673 3935 956 4004 constantissime
989 3936 1154 4026 amplecti
1203 3948 1256 4003 cte
1273 3945 1519 4024 agnoscerent,
1545 3932 1771 4011 invocarent,
1799 3945 1832 4000 et
1849 3930 2071 3999 celebrarent
2087 3924 2187 3996 Mes-

171 4032 403 4118 sententiam‚
429 4036 524 4125 quod
541 4035 578 4102 in
596 4031 740 4106 Christo
753 4037 797 4107 sit
818 4050 851 4105 et
867 4051 1009 4107 maneat
1027 4052 1152 4108 natura
1202 4036 1308 4119 siam,
1335 4048 1453 4106 tamen
1481 4029 1661 4104 Pharisaei
1686 4050 1720 4106 et
1742 4034 1802 4102 alii
1827 4033 1930 4124 impii
1952 4031 2079 4100 amissa
2105 4029 2185 4097 lucc

172 4134 312 4216 divina,
348 4136 524 4206 conditrix
546 4162 625 4205 cum
650 4137 774 4222 Patre,
808 4140 907 4231 quasi
933 4141 1153 4210 deliberante
1202 4137 1467 4230 promissionis,
1494 4161 1595 4206 veros
1617 4133 1770 4206 honores
1786 4131 1931 4207 Christo
1945 4136 2185 4203 detraxerunt.

1249 2138 1426 2222 &sponsio
1454 2135 1945 2306 ⁶⁰⁰rii⁵1M·“⁶⁰ri⁸'
1987 2134 2140 2202 Doctoris
2245 2238 2250 2246 .

1648 2259 1800 2324 scopam.

45 4264 49 4271 ·
172 4234 363 4306 cumFilio
381 4252 414 4309 ει
427 4243 689 4324 statuente,·de
706 4266 774 4334 qua
798 4242 928 4312 diserte
949 4243 1053 4313 dicit:
1105 4240 1154 4313 Et
1202 4240 1253 4313 lta
1278 4254 1397 4332 postea
1421 4238 1683 4309 illustrantibus
1702 4236 2026 4331 Apostolisveram
2052 4231 2185 4303 doctri-

172 4349 248 4406 erat
260 4328 368 4434 λόγος
389 4343 483 4431 apud
499 4337 627 4415 Deum.
680 4341 786 4412 ltem:
811 4342 969 4415 Verbum
992 4369 1073 4415 caro
1099 4347 1153 4415 la-
1201 4368 1304 4428 nam,
1328 4338 1468 4427 Ebion,
1493 4336 1733 4426 Cherinthus,
1754 4355 1788 4410 ει
1802 4340 1969 4432 deinceps
1986 4337 2090 4408 multi
2106 4335 2186 4405 bla-

171 4453 266 4510 ctum
283 4452 352 4523 est,
377 4441 415 4510 id
442 4455 510 4521 est,
537 4468 610 4515 non
631 4443 736 4514 Pater
753 4459 813 4516 aut
830 4445 984 4537 Spiritus
1000 4461 1152 4534 sanctus,
1201 4441 1378 4538 sphemias
1393 4457 1610 4535 sparserunt,
1634 4446 1749 4513 donec
1764 4441 1960 4512 diabolicae
1973 4440 2089 4509 furiae
2102 4435 2185 4506 Ma-

171 4543 232 4610 sed
255 4534 364 4640 λόγος
385 4536 582 4635 ὅμοούσιος
604 4561 639 4616 ει
662 4562 868 4618 coaeternus
886 4563 1028 4620 aeterno
1042 4547 1151 4622 Patri.
1201 4543 1358 4632 hometi,
1381 4547 1548 4636 dogmate
1563 4546 1717 4618 etermis
1732 4545 1932 4616 doctrinam
1953 4545 1998 4612 de
2015 4541 2091 4610 filio
2116 4537 2186 4609 Dei

169 4641 249 4713 Huc
273 4645 514 4737 adiungantur
534 4663 569 4718 et
588 4648 717 4719 similia
733 4651 923 4720 certissima
939 4652 1151 4738 testimonia,
1200 4651 1239 4719 in
1272 4661 1399 4738 magua
1433 4660 1533 4739 parte
1574 4648 1711 4738 generis
1743 4642 1912 4727 humani,
1963 4638 2186 4714 deleverunt.

169 4753 209 4817 nt
224 4744 447 4819 Colosseuses
464 4752 596 4842 primo:
623 4747 759 4822 Omnia
785 4777 847 4845 per
870 4753 985 4844 ipsum
1008 4755 1150 4824 condita
1202 4750 1318 4842 Papa,
1335 4744 1525 4833 Monachi‚
1541 4762 1576 4819 et
1588 4751 1693 4822 multi
1704 4751 1910 4841 scriptores,
1930 4746 2069 4819 etiamsi
2079 4743 2186 4838 Sym-

168 4864 270 4929 sunt,
287 4852 412 4943 etipse
430 4867 480 4921 est
497 4867 578 4924 ante
596 4856 734 4941 omnia,
755 4855 946 4947 omniaque
960 4857 1150 4946 peripsum
1201 4853 1285 4924 bola
1300 4878 1374 4924 non
1389 4853 1612 4937 deleverunt,
1640 4867 1758 4923 tamen
1773 4855 1817 4922 de
1833 4850 2013 4922 beneficiis
2030 4848 2095 4918 lilii
2108 4843 2187 4931 Dei,

169 4953 376 5025 consistunt.
429 4942 476 5025 Et
493 4953 617 5026 lohan.
635 4958 670 5028 8.
688 4958 805 5051 inquit
820 4954 1010 5028 Dominus:
1038 4955 1150 5029 Ante·
1173 4959 1177 5043 Ι
1200 4958 1296 5028 etde
1313 4957 1388 5026 eius
1406 4956 1631 5026 invocatione
1647 4980 1721 5027 non
1735 4968 1828 5025 recte
1850 4956 2060 5024 docuerunt.
2114 4948 2185 5020 Sed

169 5076 275 5147 quam
308 5051 491 5124 Abraham
526 5074 751 5145 nasceretur,
788 5084 851 5150 ego
881 5084 969 5133 sum.
1028 5061 1151 5151 Quid?
1173 5046 1176 5087 ¹
1198 5060 1288 5130 vivit
1311 5059 1405 5130 lilius
1423 5056 1509 5136 Dei,
1541 5071 1575 5129 et
1597 5059 1771 5151 serpentis
1792 5071 1897 5149 caput
1921 5055 2126 5132 conculcat,
2153 5065 2185 5122 et

167 5158 264 5250 quod
290 5158 394 5228 toties
420 5160 592 5250 scriptura
618 5157 715 5233 hunc
735 5163 958 5254 unigenitum
988 5165 1102 5234 filium
1129 5191 1148 5234 a
1198 5163 1438 5246 conculcabit,
1463 5184 1503 5229 ac
1520 5160 1673 5254 aliquam
1689 5157 1883 5234 Ecclesiam
1900 5182 2039 5249 semper
2061 5155 2101 5224 in
2127 5177 2183 5246 ge-

167 5259 250 5328 liliis
284 5261 486 5350 adoptionis
517 5265 713 5334 discernit?
746 5281 786 5337 ut
818 5267 1003 5337 convineat
1037 5269 1148 5359 ipsam
1199 5260 1458 5335 nerehumano
1479 5277 1611 5346 servat,
1640 5264 1698 5333 cui
1721 5263 1803 5356 quia
1829 5286 1896 5331 uos
1920 5283 2064 5355 qnoque
2088 5259 2184 5328 inse-

164 5357 299 5432 Christi
323 5357 531 5437 ὑπόστασιν
553 5389 626 5435 εεεε
650 5368 827 5451 divinam,
854 5383 888 5440 ει
913 5371 1086 5461 integram
1109 5394 1149 5440 ac
1199 5368 1291 5450 ruit,
1306 5367 1480 5436 laetemur
1495 5366 1571 5436 eius
1585 5365 1768 5449 beneficio,
1784 5365 1863 5433 etei
1880 5364 2010 5454 gratias
2027 5382 2184 5452 agamus.

163 5465 429 5537 substantialem
445 5468 636 5557 imaginem
650 5467 766 5540 Patris
787 5473 832 5540 ad
856 5472 969 5558 intra,
993 5488 1035 5544 ut
1057 5472 1148 5544 sole·
1171 5535 1175 5550 ι
1200 5467 1347 5541 Utinam
1374 5484 1489 5539 autem
1511 5492 1647 5561 possem
1669 5469 1713 5537 de
1735 5462 1801 5536 hac
1817 5467 2023 5561 quaestione
2045 5463 2188 5533 medio-
