4748 6022
259 265 432 349 wls

260 442 330 516 Hic
347 440 424 512 vidi
440 437 566 512 Musas
580 461 646 532 pro
660 431 829 508 Carmine
845 448 961 507 texere
974 455 1065 512 serta

307 544 470 615 Praemia
482 541 611 623 victori
625 539 733 629 digna
747 533 925 608 loachime
941 538 1019 614 tibi.

259 646 330 720 Hic
345 646 421 718 vidi
438 626 546 716 laetas
561 644 690 736 plausu
703 641 877 733 vultuque
891 643 1034 712 canenti

310 747 462 845 Mycillo
479 743 615 817 Aonias
630 767 732 834 saepe
746 743 864 812 favere
879 740 984 817 Dcas.

260 851 516 942 Socraticisque
531 849 618 917 iocis
632 839 691 916 bic
707 844 839 915 Micale
855 846 944 914 seria
960 847 1096 930 condis,

309 949 569 1046 Exacuuntque
583 949 671 1020 sales
686 959 827 1039 pectora
843 961 963 1017 nostra
980 950 1045 1018 tui.

260 1055 319 1130 Sic
335 1058 430 1126 fama
446 1068 499 1124 est
511 1053 637 1124 lusisse
652 1073 783 1132 senem,
809 1073 890 1119 cum
906 1050 997 1121 forte
1008 1052 1076 1121 sub
1084 1055 1248 1126 umbram
1272 1102 1275 1115 .

205 1198 211 1212 ·
307 1158 492 1230 Defessum
507 1153 642 1246 platani
657 1134 818 1245 Phaedre
832 1165 972 1223 secutus
990 1177 1077 1224 eras.

258 1260 328 1332 Hic
343 1274 404 1332 tua
420 1258 586 1329 convivas
601 1254 766 1324 facundia
782 1250 936 1346 Caspare
950 1255 1072 1345 pascit,

308 1363 391 1433 Diis
408 1361 494 1452 ipsis
508 1358 612 1428 ctiam
622 1352 657 1452 ¹)‘
666 1369 807 1426 nectare
820 1371 920 1446 grata
934 1359 1056 1446 magis.

254 1461 347 1536 Cum
363 1462 543 1531 celebrent
559 1455 703 1529 hortum
719 1472 927 1530 vernantem
944 1460 1028 1530 talia
1046 1457 1168 1545 lonae,

303 1563 445 1656 Lipsica
460 1563 549 1656 quid
565 1563 690 1633 laudas
706 1563 850 1652 praedia
866 1559 985 1634 Rusce
1001 1559 1116 1632 mihi?

265 1757 540 1770 w

149 1822 152 1828 =
268 1869 338 1945 No.
356 1866 418 1943 59.

264 1967 436 1999 m

980 1877 1057 1955 (fere
1070 1898 1118 1939 sn.
1135 1874 1247 1950 1525.)

985 1974 1246 2004 Μ

324 2079 355 2133 ln
375 2074 608 2148 fsrrag.Secerii;
633 2075 661 2129 in
683 2088 747 2145 opp.
759 2072 822 2127 Bas.
840 2073 874 2128 T.
886 2078 921 2133 V.
940 2095 966 2146 p.
980 2077 1040 2135 852.
1076 2078 1159 2153 Apud
1174 2078 1247 2134 Vin·
1318 2125 1326 2138 ,

357 2155 428 2204 cent.
447 2166 474 2219 p.
492 2146 549 2202 1⁰7.

618 2301 678 2375 Ad
702 2307 879 2382 Pinum.

253 2441 345 2518 Cum
363 2463 456 2511 nova
472 2438 618 2530 coepisti
632 2450 816 2507 contexere
832 2438 987 2507 carmina
1000 2437 1103 2522 Piue,

304 2542 396 2632 Quis
411 2537 522 2626 mihi,
547 2534 714 2609 Phoebus
729 2540 797 2621 ait,
821 2538 955 2609 Marsia
969 2564 1052 2610 rure
1067 2542 1208 2633 strepit!
1298 2589 1300 2598 ι

253 2643 359 2717 Anne
375 2645 503 2713 iterum
519 2641 649 2712 stultus
664 2653 766 2710 vocat
781 2640 820 2707 in
837 2643 1030 2711 certamina
1045 2643 1185 2714 Divos?

166 2752 167 2755 ’
303 2744 476 2839 Quisquis
491 2767 544 2828 es,
570 2756 672 2813 exuta
689 2765 801 2833 poena
816 2742 949 2813 luenda
965 2759 1043 2816 cute
1060 2760 1123 2821 est.

907 3090 913 3099 »
971 3057 1050 3139 (fere
1066 3080 1115 3127 an.
1133 3060 1242 3142 1525.)

976 3154 1240 3192 w

319 3252 351 3307 ln'
370 3251 468 3324 farrag.
482 3250 575 3376 plepem
594 3259 620 3305 et
632 3250 662 3304 ln
675 3265 739 3321 opp.
753 3247 816 3304 Bas.
832 3248 867 3305 T.
877 3247 912 3305 V.
933 3268 961 3323 p.
975 3251 1036 3310 852,
1072 3256 1153 3326 Apud
1169 3255 1241 3312 vin.

351 3331 423 3378 sent.
441 3337 468 3392 p.
531 3359 540 3376 .

612 3476 673 3553 Ad
704 3485 873 3552 lorsam.

297 3617 454 3689 Coenam
470 3614 647 3705 negligere
662 3628 714 3684 est
727 3614 919 3707 piaculare,

298 3720 368 3791 Sed
383 3719 523 3813 qualem
539 3719 624 3787 dare
637 3713 781 3807 Apitius
796 3719 942 3792 solebat.

298 3821 435 3892 Verum
450 3843 516 3890 nos
532 3835 674 3891 tenuem
691 3822 797 3888 modo
814 3843 990 3911 paramus,

201 3999 203 4002 ,
297 3922 450 4013 Qualem
466 3924 522 3995 vel
539 3922 680 3993 Samius
697 3945 802 3991 senex
819 3923 993 4013 pobasset,

298 4024 455 4095 Graecos
471 4025 532 4093 ille
547 4025 696 4094 docebat
713 4025 858 4097 esurire.

296 4120 333 4195 Ο
350 4151 425 4195 non
440 4123 633 4215 Theologis
650 4126 785 4197 bonum
805 4125 1021 4217 magistrum.

295 4226 403 4297 Haud
413 4220 451 4321 ⁴¹)
470 4228 514 4295 ad
533 4228 601 4295 tale
619 4249 680 4315 ego
698 4230 890 4317 prandium
906 4231 1030 4299 vocavi

294 4328 451 4399 Francae
468 4329 603 4396 lumina
619 4331 732 4415 gentis
746 4325 817 4401 huc
831 4354 997 4402 vocamus

294 4429 353 4502 Ad
370 4443 491 4514 notos,
517 4442 722 4522 veteresque
738 4446 772 4501 te
786 4433 937 4516 sodales,

292 4532 413 4628 Atque
431 4527 497 4602 hac
511 4532 586 4623 lege
602 4531 724 4601 venire
737 4546 771 4603 tc
787 4534 962 4617 iubemus,

293 4635 332 4709 Si
351 4661 425 4706 non
439 4632 524 4706 haec
538 4635 607 4706 tibi
622 4657 725 4727 parca
739 4658 860 4704 mensa
880 4638 1010 4708 sordet.

1006 261 1336 343 CARMINUM
1384 271 1496 346 LIB.
1523 273 1552 352 l.

2220 297 2300 378 50⁸

1666 450 1727 525 Ad
1757 460 1932 532 Ionam.

1301 594 1464 671 Scribere
1488 625 1547 673 me
1573 617 1712 677 tantum
1742 606 1850 682 Crato
1874 612 2008 687 blanda
2029 613 2300 715 Epigrammata

1401 756 1405 761 ,
1595 772 1599 791 .
1832 713 1936 787 iussit

1348 798 1520 897 Cecropio
1537 796 1628 903 quae
1640 812 1713 883 sint
1728 814 1846 885 dulcia
1863 819 1969 890 melle
1985 824 2097 915 magis
2106 820 2157 926 *).

1300 901 1477 992 Qualibus
1492 924 1553 980 aut
1570 926 1727 983 teneram
1746 915 1885 989 iuvenis
1900 926 2097 1013 permulcet
2113 933 2276 1024 amicam,

1348 1003 1423 1079 Aut
1439 1035 1550 1101 puero
1565 1016 1611 1084 ad
1627 1040 1735 1086 cunas
1751 1022 1870 1113 qualia
1887 1039 2004 1098 cantat
2020 1054 2122 1102 anus.

1299 1104 1428 1195 Qualia
1442 1115 1499 1182 vel
1513 1116 1611 1187 fatuo
1627 1121 1750 1192 vendit
1767 1118 1913 1196 Gnatho
1932 1129 2024 1201 dicta
2039 1129 2237 1228 Thrasoni,

1347 1209 1390 1280 ln
1405 1238 1508 1286 scena
1525 1219 1637 1290 risum
1653 1247 1735 1293 eum
1749 1223 1819 1296 ciet
1835 1241 1941 1322 atque
1956 1232 2066 1305 iocos.

1298 1306 1346 1383 lit
1361 1318 1474 1389 vetuit
1487 1320 1559 1390 sale
1576 1345 1638 1393 seu
1654 1327 1812 1397 mordaci
1827 1330 1962 1421 tingere
1978 1350 2088 1423 aceto,

1348 1415 1489 1490 Lecturi
1505 1424 1648 1496 irritent
1664 1452 1753 1522 quae
1767 1429 1989 1529 illiciantque
2005 1439 2137 1529 gulam.

1298 1509 1445 1608 Optime
1460 1521 1547 1595 lona
1563 1529 1663 1619 cupis
1679 1555 1818 1601 causam
1835 1558 2064 1627 cognoscere,
2091 1543 2189 1615 nulla
2205 1561 2258 1619 est

1349 1619 1451 1694 lllius
1467 1626 1505 1695 in
1521 1642 1594 1700 toto
1611 1655 1760 1726 corpore
1776 1635 1865 1730 micp
1885 1641 1981 1710 salis.

1297 1831 2290 1872 Μ

1309 1961 1374 2035 Νο.
1392 1964 1453 2038 62.

1296 2059 1466 2087 Μ

2017 1987 2096 2067 (fere
2110 2011 2157 2058 an.
2175 1990 2287 2067 1525.)

2015 2085 2278 2120 ψ

1365 2182 1515 2325 lncgqqrapg.
1529 2185 1619 2308 plepem
1638 2196 1666 2240 et
1683 2187 1712 2241 in
1729 2208 1794 2265 opp.
1807 2191 1868 2251 llas.
1885 2193 1920 2247 T.
1928 2195 1962 2251 V.
1982 2214 2011 2268 p.
2022 2197 2082 2256 8⁵2.
2102 2203 2197 2273 -Apud
2213 2203 2287 2257 Vin-

1583 2415 1642 2486 Ad
1671 2420 1994 2510 Spoletinum.

1394 2561 1533 2636 Nostris
1548 2563 1687 2640 Cordus
1704 2571 1742 2639 in
1759 2574 1906 2645 aedibus
1920 2575 2030 2649 Poeta

1393 2665 1589 2740 Prandebit
1602 2673 1727 2758 modo,
1752 2677 1885 2764 gratius
1900 2681 1961 2749 sed
1979 2682 2035 2751 illi

1393 2767 1472 2840 Hoc
1489 2773 1650 2844 existimo
1666 2765 1854 2866 prandium
1870 2781 2030 2853 futurum

1392 2869 1433 2942 si
1448 2885 1488 2942 tu
1505 2890 1671 2965 pervetus
1683 2878 1869 2973 utriusque
1884 2884 2028 2966 amicus,

1393 2970 1505 3044 Cordi
1522 2977 1654 3049 scilicet
1670 2993 1704 3049 et
1719 2982 1771 3051 tui
1788 2978 1959 3078 Philippi,

1392 3072 1554 3148 Conviva
1569 3080 1742 3165 adfueris,
1767 3101 1898 3158 vocent
1913 3088 2050 3159 sodales

1392 3176 1463 3263 Te,
1489 3183 1651 3274 quamvis
1666 3179 1890 3281 humilesque
1908 3214 2151 3288 pauperesque

1391 3276 1442 3350 At
1458 3303 1610 3373 quorum
1627 3285 1694 3355 tibi
1710 3290 1844 3358 candor
1860 3304 1913 3362 est
1924 3294 2093 3384 probatus

1390 3376 1472 3451 Non
1489 3408 1604 3477 nuper
1618 3386 1801 3479 Spalatine
1816 3393 2057 3489 cognitusque.

1392 3479 1532 3556 Codrus
1548 3489 1696 3560 forsitan
1715 3515 1788 3561 esse
1803 3491 1920 3564 Corde
1935 3520 2071 3587 posses,

1391 3584 1469 3657 lrus
1484 3589 1632 3660 forsitan
1648 3607 1681 3663 et
1697 3589 1885 3687 Philippus
1902 3621 1974 3666 esse

1388 3687 1530 3776 Posset,
1553 3695 1615 3763 sed
1630 3695 1750 3765 faciles
1765 3709 1954 3792 utrumque
1970 3697 2095 3770 Musae

1390 3788 1605 3876 Secernunt,
1631 3797 1761 3867 stolido
1776 3800 2007 3897 eximuntque
2022 3801 2139 3892 vulgo.

1295 3993 1612 4008 Μ

1287 4116 1432 4242 Q.
2004 4137 2084 4217 (fers
2098 4161 2147 4205 ι..
2166 4140 2278 4224 152⁵.)

2013 4234 2278 4269 m

1354 4321 1386 4376 ι..
1401 4340 1463 4393 opp.
1478 4321 1557 4379 mot.
1575 4321 1607 4379 r.
1621 4323 1654 4380 v,
1673 4346 1699 4396 p.
1711 4324 1772 4382 sss.
1787 4337 1813 4383 ει
1828 4330 1898 4401 apua
1914 4332 1995 4391 vtae.
2015 4339 2109 4410 pase
2128 4323 2175 4386 -’
2200 4344 2279 4399 Μ...

1387 4399 1491 4514 51ιὲεοῖ
1506 4391 1756 4467 Longinampisnus
1771 4397 1798 4454 d.
1814 4400 1840 4456 t.
1852 4401 1906 4456 lul.
1920 4404 1995 4460 1526.
2034 4407 2094 4467 Vid.
2108 4431 2170 4484 epp.
2184 4413 2247 4470 Vol.
2258 4414 2281 4472 l.

1386 4478 1413 4531 p.
1479 4500 1487 4517 .

1457 4694 1459 4699 1
1565 4626 1983 4723 Longtcampfano.

1284 4768 1403 4841 Aurea
1420 4772 1506 4843 deut
1521 4777 1583 4846 alii
1597 4796 1828 4852 monumenta
1842 4781 2053 4884 Epyreaque
2069 4820 2165 4883 vasa,

1334 4872 1567 4949 Saturnalitio
1582 4880 1696 4952 Xenia
1712 4898 1809 4974 grata
1823 4884 1912 4963 Deo.

1283 4974 1357 5046 Nos
1374 4973 1526 5049 calam&
1541 4985 1676 5069 damus,
1701 4987 1866 5079 exiguum
1881 4993 1946 5063 tibi
1964 5019 2108 5085 munus,
2133 4998 2280 5092 habere,

1189 5152 1195 5166 Ι
1287 5152 1290 5158 ,
1334 5077 1409 5149 Has
1425 5083 1517 5152 solas
1533 5084 1638 5154 nobis
1654 5110 1728 5157 esse
1745 5094 1887 5180 putabis
1902 5120 1995 5189 opes.

1254 5248 1258 5286 t

242 5324 465 5448 WB&
481 5380 570 5435 etiam
584 5389 626 5434 est
640 5381 715 5446 absis.
1254 5293 1258 5425 l

191 5525 196 5532 ‚
274 5465 307 5532 ¹⁸¹)
325 5463 426 5530 Haud]
442 5463 525 5520 Basil.
538 5463 610 5520 Rus.

1325 5195 1339 5251 t
1353 5184 1461 5252 modo
1477 5185 1646 5256 donantis
1659 5214 1759 5259 mens
1775 5196 1946 5296 candida,
1972 5223 2073 5294 saepe
2088 5207 2205 5278 redire

1338 5281 1491 5356 Munere
1506 5313 1571 5380 pro
1587 5315 1696 5382 parvo
1714 5295 1824 5382 gratia
1841 5322 1971 5397 magna
1986 5306 2085 5380 solet.
2111 5333 2114 5343 ·

1280 5419 1487 5437 ..δὴ-

1253 5428 1258 5523 l
1315 5483 1345 5554 ¹¹)
1364 5483 1472 5555 Hagr's]
1484 5487 1546 5547 Bra.
1557 5502 1585 5546 et
1595 5491 1656 5550 See.
1668 5495 1749 5581 meis.
