4748 6022
89 327 167 410 525

92 501 129 576 Ο
145 526 208 593 ego
227 523 313 595 quas
328 497 444 568 dicam
460 511 574 588 grates
591 497 657 568 tibi
672 497 823 567 maxime
837 521 958 567 rerum

91 605 268 679 Conditor
282 602 496 669 immensum
511 600 594 693 quia
609 601 679 669 late
694 600 826 691 spargis
845 599 886 667 in·
899 599 1022 668 orbern

90 705 213 780 Nostri
225 701 413 794 Evangelii
429 701 578 770 demissa
594 703 736 771 oracula
751 702 860 771 coelo.

90 807 354 899 Doctrinaeque
369 816 449 874 tuae
466 803 584 894 parvis
602 805 664 872 das
678 805 768 872 ferre
780 799 934 873 Colossis

90 909 249 1019 Mpnera
261 919 302 977 ut
316 905 354 974 iu
370 904 462 975 clara
477 904 612 995 possint
627 921 662 976 te
675 905 753 975 luce
770 904 902 990 videre,

91 1011 142 1085 Et
155 1019 316 1080 metuant
328 1006 424 1077 vitiis
441 1019 474 1077 te
490 1006 620 1077 nostris
636 1007 733 1078 triste
749 1006 941 1075 minantem

91 1109 317 1204 Supplicium
332 1121 368 1179 et
380 1107 539 1178 bonitate
555 1122 614 1178 tua
628 1109 803 1178 confidere
819 1107 967 1192 discant,

90 1213 140 1287 Et
154 1208 291 1284 Christi
305 1209 440 1279 meritis
453 1210 627 1302 placatum
643 1210 790 1298 diligere
807 1209 936 1291 ausint,

89 1313 315 1405 Defendique
329 1310 472 1406 regique
488 1326 550 1381 tuo
567 1335 604 1382 se
619 1313 767 1384 numine
782 1312 939 1389 credant,

90 1414 139 1488 Et
154 1429 284 1485 certam
300 1413 392 1482 vitae
408 1412 566 1482 melioris
580 1413 783 1504 concipiant
796 1434 907 1503 spem,

91 1514 141 1588 Et
155 1528 249 1587 casto
262 1513 333 1584 sibi
349 1513 497 1609 quisque
513 1514 600 1584 alios
616 1515 817 1606 complexus
834 1526 966 1593 aurore,

87 1616 275 1689 Omnibus
290 1615 415 1685 officiis
429 1612 563 1710 liget¹):
588 1612 637 1686 Et
650 1640 740 1709 quae
751 1627 884 1685 caetera
894 1607 1078 1706 Epaphras

93 1718 160 1790 llle
176 1739 274 1788 meus
288 1717 425 1800 docuit,
450 1719 513 1787 sed
528 1729 683 1808 tupatar
694 1716 828 1809 optime
841 1739 960 1785 rerum

92 1819 282 1911 Adspires,
307 1833 342 1895 et
355 1815 472 1888 adhuc
487 1820 644 1912 infirmas
663 1814 816 1909 provehe
831 1817 938 1900 vires,

91 1919 141 1992 Et
156 1920 284 1990 teneris
298 1922 450 1989 concede
464 1920 594 1988 animis
610 1919 826 1999 adolescere,
852 1938 994 2009 quaeso.

94 2016 130 2093 Ο
144 2038 244 2113 pater
256 2034 291 2090 et
305 2044 431 2110 parvos
446 2020 587 2107 coelesti
602 2039 669 2111 ope
681 2040 785 2110 perge
799 2017 920 2087 fovere

92 2123 291 2216 Segniaque
305 2122 474 2191 accendas
488 2121 612 2190 divino
626 2118 774 2191 numine
789 2119 908 2200 corda,

93 2222 141 2293 Ut
158 2225 296 2294 discant
311 2220 433 2290 oculos
447 2221 486 2287 in
502 2235 535 2290 te
550 2221 699 2309 deligere
713 2219 855 2303 mentis,

90 2322 139 2395 Et
154 2323 275 2413 magni
292 2334 490 2391 assuescant
504 2322 650 2413 propius
665 2321 737 2389 viru
754 2343 897 2390 cernere
909 2317 1052 2390 amoris.

91 2424 175 2513 Quo
191 2446 256 2492 nos
271 2421 332 2515 qui
344 2418 681 2492 colimusChristum
693 2422 933 2512 complectare,
960 2432 995 2488 et
1006 2441 1079 2488 esse

89 2525 164 2594 Nos
181 2548 284 2595 curae
301 2523 365 2593 tibi
380 2523 611 2614 perspiciant,
635 2536 838 2615 certentque
854 2520 1007 2600 vicissim

91 2626 166 2696 lam
183 2648 300 2694 mores
315 2624 381 2695 tibi
394 2637 526 2707 castos,
552 2640 657 2718 atque
675 2646 847 2715 reponere
860 2623 951 2693 lacta

88 2726 205 2817 Digna
215 2722 424 2815 Evangelio,
449 2739 555 2819 atque
569 2727 706 2820 aliquas
715 2725 870 2794 reserant
878 2723 948 2829 tihi
955 2722 1079 2812 grates,
1093 2806 1097 2811 g

90 2825 399 2920 Contemnautque
414 2826 530 2897 minas
547 2827 680 2918 ingenti
698 2841 835 2917 pectore
850 2825 987 2910 mundi,

89 2927 139 3000 Et
155 2943 296 3020 sperent
310 2930 432 2998 dextra
448 2930 591 2998 defendi
609 2951 709 3021 posse
728 2940 886 3017 paterna,

90 3030 150 3102 Sic
162 3028 350 3121 Evangelii
366 3042 488 3120 surgat
501 3054 597 3122 seges
612 3054 717 3101 aurea
734 3028 866 3109 nostri,
892 3038 960 3096 etc·

102 3364 168 3434 No.
184 3366 244 3436 86.

94 3459 267 3489 m

854 3365 921 3446 (u.
939 3365 1032 3429 1527.
1042 3357 1077 3452 r)

860 3460 1072 3492 Μ

157 3579 188 3634 n
199 3598 264 3653 app
278 3552 361 3632 aiut.
371 3574 407 3631 r.
419 3574 449 3633 v.
466 3575 555 3648 ,tarr
567 3566 667 3648 ,qast
680 3573 846 3646 quarm.
863 3592 891 3645 p.
901 3573 954 3628 su
965 3591 1026 3645 sqq.

254 3741 426 3811 &imum
446 3740 564 3826 caput
586 3728 639 3803 od
664 3729 907 3804 Timotheum.

85 3888 241 3981 Exoptat
258 3887 391 3959 Paulus
406 3886 471 3957 tibi
489 3909 627 3955 summo
645 3908 663 3953 a
678 3897 776 3975 patre
795 3884 957 3968 salutern,

16 3981 19 3985 ’
138 3991 220 4063 Non
237 3989 343 4060 cassis
358 3987 450 4059 votis
464 3987 614 4056 candide
632 3981 832 4059 Timothee.

86 4091 232 4164 lniunxi
248 4091 413 4182 mandata
430 4089 501 4163 tibi,
513 4113 601 4183 puer
615 4087 766 4185 optime,
791 4089 934 4182 quando

138 4193 192 4264 Ex
205 4187 348 4289 Epheso
364 4189 553 4268 Macedum
572 4205 661 4261 terra
679 4191 826 4278 petenda
843 4189 921 4263 luit.

87 4294 137 4367 Ut
153 4311 273 4366 nostra
288 4294 429 4364 studeas
445 4315 564 4363 arcere
578 4317 597 4360 a
614 4290 717 4382 plebe
734 4289 938 4381 Magistros,
987 4333 989 4337 -

139 4395 238 4486 Quos
256 4397 369 4465 lamae
383 4394 477 4485 cogit
489 4394 575 4465 falsa
591 4395 717 4463 docere
733 4393 820 4466 sitis.

84 4495 184 4568 Haec
200 4510 316 4567 autem
332 4497 494 4568 facienda
512 4497 580 4588 piis
594 4493 772 4587 praecepit
788 4490 896 4581 Iesus,

136 4599 289 4671 Acribus
303 4595 390 4668 haec
403 4599 530 4670 studiis
546 4598 695 4667 iusserat
709 4595 769 4664 ille
785 4597 866 4687 peti.

84 4700 136 4774 Ut
150 4697 242 4769 nihil
258 4701 445 4770 addubites
458 4724 563 4771 curae
576 4721 642 4769 nos
658 4719 731 4767 esse
745 4699 894 4788 parenti,

137 4800 211 4891 Qui
226 4817 327 4872 vocat
342 4797 438 4872 hune
455 4826 539 4871 vero
556 4815 713 4892 pectore,
738 4799 846 4871 sentit
860 4825 975 4894 opem.

83 4901 151 4974 llle
166 4905 240 4973 luet
251 4905 361 4973 iustas
376 4924 526 4994 poenas,
553 4902 614 4993 qui
627 4923 761 4969 numen
778 4895 856 4970 lesu

135 5003 218 5075 Nou
233 5004 334 5087 colit,
361 5016 395 5072 et
408 5001 556 5071 miserus
572 5001 663 5070 velle
676 5000 799 5069 iuvare
816 5015 931 5090 negat.

82 5105 150 5178 llla
164 5106 234 5176 sibi
252 5106 394 5172 demum
413 5126 512 5172 mens
527 5116 578 5172 est
592 5101 682 5170 bene
700 5102 858 5186 conscia,
884 5102 963 5173 fidit

135 5207 236 5296 Quae
252 5203 410 5275 bonitate
425 5201 515 5290 Dei,
539 5226 629 5297 quae
643 5199 837 5294 metuitque
852 5196 1025 5302 minas‘),

103 5346 277 5360 ,ιο-

81 5349 96 5362 '
118 5406 149 5466 1)
166 5403 247 5469 liget]
265 5417 321 5453 oon
339 5397 419 5452 hahet
436 5396 519 5451 Basil-

115 5489 143 5552 ¹)
160 5486 220 5541 Bra.
238 5501 365 5553 quaeque
382 5483 475 5536 enims
493 5481 604 5536 metuit·

827 323 1152 402 CARMINUM
1202 325 1309 400 LlB.
1335 326 1388 404 Il.
1482 374 1486 379 -

2044 329 2120 409 526

1054 518 1090 578 ¹·
1133 496 1296 569 Proxima
1306 499 1498 584 sedvirtus,
1508 495 1804 587 hominescolere‚
1814 471 2117 596 atqueiuvareest,

1165 598 1231 670 Et
1246 595 1427 671 Christum
1444 601 1550 683 castis
1562 600 1720 672 moribus
1735 604 1939 694 exprimere.

1033 762 1039 771 .
1132 698 1238 771 Hunc
1251 702 1453 794 quicunque
1465 725 1609 792 scopum
1626 727 1700 771 non
1715 704 1829 794 attigit
1841 707 1973 797 optime
1987 719 2101 798 gnate,

1180 801 1240 873 Nil
1255 819 1393 894 praeter
1410 827 1520 894 nugas
1535 805 1595 873 ille
1610 807 1734 876 docere
1752 818 1875 898 potest.

1133 901 1326 980 llleDeum
1341 907 1471 976 nostris
1484 906 1597 975 oculis
1612 930 1684 975 non
1700 924 1888 994 monstrat,
1913 921 1948 979 et
1961 929 2034 978 esse

1183 1002 1225 1073 ln
1240 1007 1339 1075 coelo
1356 1007 1459 1077 nobis
1474 1024 1639 1099 pernegat
1653 1009 1713 1079 ille
1731 1023 1875 1101 patrem.

1129 1101 1177 1176 Et
1194 1107 1330 1177 miseris
1345 1109 1474 1178 animis
1491 1110 1613 1179 solatia
1629 1111 1729 1180 nulla
1745 1113 1926 1206 relinquit,

1180 1204 1297 1279 Corda
1310 1207 1379 1278 Dei
1393 1212 1499 1280 verbo
1514 1235 1587 1280 non
1603 1212 1693 1285 levat
1710 1214 1771 1282 ille
1786 1214 1900 1285 malis.

1128 1305 1209 1381 Non
1228 1310 1321 1379 vires
1335 1325 1457 1381 contra
1474 1313 1658 1398 satanam,
1684 1339 1758 1383 nou
1774 1338 1871 1385 arma
1886 1315 2074 1402 ministrat,

1180 1411 1342 1505 Denique
1358 1413 1390 1482 ei
1406 1426 1501 1485 totus
1516 1414 1635 1484 sabula
1649 1412 1812 1490 Christus
1825 1416 1902 1487 erit.

1129 1508 1163 1580 A
1176 1508 1318 1584 Christo
1333 1530 1473 1585 revocat
1486 1530 1621 1584 mentes
1635 1530 1670 1587 et
1684 1519 1813 1607 lingere
1827 1542 1953 1604 mores,

1181 1612 1327 1684 Viribus
1341 1612 1505 1685 humanis
1522 1619 1557 1685 id
1573 1619 1656 1687 satis
1669 1642 1742 1688 esse
1756 1621 1869 1692 docet.
1975 1618 1980 1629 ¹

1127 1709 1224 1804 Ergo
1239 1730 1340 1805 urget
1354 1717 1464 1806 legem
1482 1732 1516 1787 et
1530 1720 1670 1788 servilia
1687 1721 1806 1790 munia
1820 1721 1942 1812 poscit,

1178 1814 1261 1886 Non
1276 1841 1366 1889 onus
1383 1815 1449 1887 hoc
1466 1814 1598 1889 Christi
1617 1823 1750 1893 mentio
1766 1839 1860 1910 grata
1874 1823 1980 1892 levat.
2016 1833 2052 1887 ‘t

1128 1911 1177 1987 Et
1188 1931 1356 2013 tauquam
1371 1921 1495 1989 sociem
1510 1923 1705 1992 radiantem
1723 1922 1824 1993 Mose
1838 1925 1986 2015 tegebat,

1179 2016 1252 2088 Nec
1267 2021 1383 2111 potuit
1398 2021 1510 2092 lucem
1527 2023 1630 2092 turba
1647 2025 1767 2093 videre
1780 2022 1859 2096 Dei.

1128 2119 1194 2188 llle
1209 2122 1312 2189 etiam
1329 2123 1481 2190 infirmis
1495 2125 1606 2194 oculis
1620 2140 1655 2195 te
1669 2124 1771 2194 Mose
1785 2140 1914 2211 tuetur,

1041 2272 1043 2276 a
1093 2296 1096 2321 ξ
1174 2219 1297 2314 Atque
1312 2219 1428 2292 Deum
1447 2236 1533 2293 tecta
1544 2226 1622 2314 lege
1636 2227 1755 2295 videre
1769 2228 1903 2318 nequit.

1128 2317 1210 2391 Non
1225 2346 1288 2411 ego
1303 2323 1378 2412 lege
1391 2324 1473 2395 volo
1489 2326 1580 2394 male
1594 2327 1705 2396 libera
1721 2343 1860 2418 pectora
1875 2327 1976 2411 solvi,

1179 2426 1247 2493 lsta
1265 2426 1355 2492 feras
1372 2438 1503 2494 mentes
1522 2427 1781 2520 indomitasque
1798 2430 1899 2518 ragit.

1127 2519 1171 2593 Et
1191 2526 1296 2593 iubeo
1313 2539 1469 2596 sanctam
1486 2528 1617 2617 legem,
1641 2532 1703 2598 sed
1719 2528 1785 2599 rite
1800 2529 1929 2616 doceri,

1179 2624 1348 2711 Somnia,
1372 2648 1447 2695 non
1466 2629 1576 2718 legem
1593 2630 1746 2720 plurima
1764 2633 1886 2716 turba,
1910 2633 2024 2704 docet.

1128 2724 1222 2815 Lege
1235 2731 1342 2795 rudes
1356 2730 1495 2798 animos
1510 2730 1650 2801 coelesti
1666 2754 1861 2801 assuescere
1876 2733 1979 2828 iussit

1093 2868 1096 2879 ·
1179 2826 1333 2902 Servilio
1351 2842 1385 2899 et
1397 2830 1493 2900 flecti
1510 2832 1620 2901 ferrea
1635 2835 1740 2904 corda
1756 2831 1864 2903 Deus.

1129 2926 1223 2998 Dum
1243 2929 1368 2998 melior
1384 2946 1518 3002 merrtes
1534 2934 1664 3005 alilarit
1678 2935 1834 3027 Spiritus
1849 2935 1919 3022 ille,

1092 3034 1095 3045 '
1179 3028 1261 3098 Non
1275 3033 1454 3126 dubiaque
1469 3035 1552 3104 facit
1568 3059 1708 3106 cernere
1723 3038 1800 3105 luce
1815 3034 1942 3108 Deum.

1127 3129 1257 3201 Nonne
1272 3132 1384 3202 minas
1395 3136 1502 3205 -audis
1518 3150 1551 3206 et
1566 3161 1711 3227 magnae
1724 3139 1875 3208 fulmina
1891 3141 1987 3210 vocis

1179 3231 1233 3301 De
1247 3231 1332 3302 Sina
1348 3235 1500 3307 intentat
1512 3261 1602 3331 quae
1618 3241 1681 3309 tibi
1697 3263 1785 3331 rupe
1803 3241 1948 3310 necem?

1129 3329 1351 3418 Irritacrede
1366 3337 1571 3410 lerentxnon
1588 3334 1673 3409 haec
1688 3341 1829 3410 oracula
1846 3342 1954 3426 venti,

1179 3433 1260 3505 Nou
1276 3430 1503 3527 hinc-parvus
1517 3463 1620 3529 apex,
1646 3455 1708 3510 aut
1721 3444 1826 3509 breve
1839 3442 1912 3511 iota
1928 3445 2028 3534 perit.

1129 3535 1246 3627 thue
1260 3532 1357 3607 Deus
1369 3539 1472 3607 vituli
1490 3540 1641 3608 cultores
1656 3542 1809 3630 perdidit
1821 3543 1919 3625 olim,

1126 3627 1130 3633 ’
1176 3628 1225 3705 Et
1240 3640 1380 3706 turham
1399 3638 1544 3709 infidam
1561 3641 1722 3730 protinus
1739 3643 1819 3732 igne
1835 3657 1953 3715 necat:

1128 3737 1188 3809 Sic
1203 3735 1297 3806 vitiis
1310 3740 1414 3808 etiarn
1432 3742 1561 3810 nostris
1576 3743 1753 3828 irascitur,
1779 3759 1885 3837 atque

1180 3837 1326 3908 anari
1341 3854 1476 3911 mentm
1489 3842 1565 3932 lege
1579 3858 1744 3937 metuque
1760 3844 1868 3916 iubet.

1127 3939 1295 4010 Lascivae
1309 3942 1403 4013 Deus
1422 3939 1506 4013 haec
1522 3944 1641 4015 iniecit
1657 3946 1798 4018 vincula
1813 3947 1922 4033 carni,

1177 4039 1360 4130 Deprimat
1377 4058 1416 4115 ut
1433 4044 1526 4116 tristi
1540 4047 1630 4116 colla
1646 4050 1796 4138 superba
1814 4049 1908 4140 iugo.

1127 4139 1280 4212 Addidit
1293 4167 1480 4215 aerumnas
1495 4148 1632 4236 generis
1646 4150 1737 4218 mala
1755 4150 1907 4241 plurima
1923 4152 2048 4237 nostri,

1176 4239 1418 4340 custodesque
1431 4247 1520 4318 'istos
1535 4251 1683 4320 carceris
1699 4273 1773 4320 esse
1786 4251 1895 4322 dedit.
1925 4242 1929 4249 ¹

1127 4336 1178 4415 At
1193 4345 1323 4439 quibus
1333 4348 1478 4418 incusso
1494 4362 1666 4422 monstrat
1681 4350 1809 4422 delicta
1828 4377 1968 4443 pavore,

1176 4441 1223 4515 Et
1240 4447 1295 4515 lex
1311 4448 1349 4517 in
1366 4472 1489 4543 quassa
1506 4454 1653 4522 vulnera
1669 4466 1783 4525 mente
1795 4455 1890 4530 iacit.

1127 4544 1276 4618 Talibus
1292 4574 1332 4619 ex
1347 4546 1542 4643 Evangelio
1558 4556 1728 4625 medicina
1746 4559 1896 4649 petenda
1913 4571 1974 4642 est,

1177 4644 1355 4721 Admovet
1372 4646 1428 4721 his
1447 4656 1618 4725 medicam
1634 4651 1798 4726 Christus
1811 4671 1846 4726 et
1861 4658 1934 4746 ipse
1953 4682 2111 4730 manum.

1125 4742 1314 4821 Condouat
1329 4754 1469 4844 culpam
1488 4769 1520 4825 et
1538 4757 1662 4825 solatia
1680 4757 1790 4826 multa
1805 4756 1992 4845 malorum,

1175 4845 1276 4941 Eque
1291 4876 1354 4923 suo
1369 4855 1522 4925 effundit
1536 4857 1662 4946 gaudia
1678 4880 1759 4937 vera
1777 4857 1870 4931 sinu.
1897 4896 1906 4917 ·

1124 4946 1280 5038 Spiritus
1294 4954 1355 5021 ille
1372 4956 1476 5024 etiam
1493 4956 1602 5045 patris
1617 4952 1778 5048 delapsus
1792 4959 1837 5028 ab
1850 4983 1926 5046 ore,

1176 5048 1297 5123 lnduit
1313 5069 1418 5147 atque
1433 5056 1541 5145 agitat
1557 5058 1705 5127 numine
1721 5062 1825 5130 corda
1841 5085 1947 5133 novo.

1101 5228 1103 5233 ¹
1125 5140 1242 5245 thue
1257 5155 1345 5224 solet
1362 5170 1500 5226 teneros
1518 5159 1639 5228 oculos
1656 5161 1794 5231 munire
1811 5162 1937 5250 viator,

1083 5329 1088 5339 ,
1161 5253 1207 5323 ,Α
1222 5267 1321 5346 patre
1335 5280 1400 5325 nos
1414 5280 1552 5328 summo
1565 5260 1614 5330 sic
1629 5263 1731 5332 docet
1746 5263 1807 5332 ille
1822 5266 1907 5354 regi,

1121 5350 1414 5450 Languentesque
1429 5358 1567 5429 animos
1580 5375 1719 5457 nostros
1732 5364 1875 5448 invitat,
1900 5379 1941 5438 ut
1952 5367 2072 5441 ausint

1172 5455 1322 5552 Sperare
1335 5458 1375 5530 in
1392 5461 1519 5532 mediis
1533 5487 1668 5534 numen
1679 5467 1800 5536 adesse
1813 5466 1928 5540 malis.
