4748 6022
176 279 250 352 set

175 446 414 539 disciplinam,
430 458 465 519 et
479 445 542 541 qui
558 445 776 538 obtemperat
791 444 1012 531 correctioni,
1028 440 1175 516 honore·

175 549 359 622 afficietur.

540 648 634 740 Lege
649 647 799 725 Statuta.

417 825 498 893 Post
517 826 684 894 lectionem
705 825 920 897 Statatoram.

273 949 356 1021 Non
369 949 495 1019 addam
511 945 709 1038 longiorem
726 950 1029 1022 declamationem.
1069 948 1162 1019 Nul-

174 1054 245 1123 lius
278 1051 373 1120 enim
407 1049 520 1120 oratio
549 1049 628 1138 plus
653 1050 852 1123 autoritatis
883 1047 1014 1122 habere
1040 1053 1162 1135 debet,

174 1177 280 1249 quam
304 1152 378 1243 ipsa
400 1175 466 1218 vox
488 1152 591 1239 legis,
617 1175 722 1243 quam
745 1152 859 1237 scitis,
890 1168 930 1224 ut
952 1167 1053 1223 antea
1077 1152 1161 1238 dixi,

174 1253 383 1347 ipsissimam
399 1249 467 1320 Dei
483 1276 601 1320 vocem
618 1275 708 1336 esse,
732 1247 915 1323 sonantem
936 1254 974 1323 in
992 1252 1159 1346 imperiis,

173 1368 208 1425 et
221 1356 475 1444 gubernantem
492 1346 678 1420 hominum
696 1367 828 1438 coetus,
853 1355 943 1425 sicut
957 1356 1007 1427 ait
1021 1355 1161 1444 sapien-

171 1456 223 1526 tia
246 1454 329 1526 Dei:
355 1452 424 1523 Per
444 1475 501 1520 me
521 1475 618 1541 reges
639 1468 805 1541 regnant,
837 1470 871 1526 et
894 1455 1028 1526 iudices
1052 1457 1161 1527 iustas

173 1555 267 1647 leges
288 1555 419 1624 ferunt.
479 1549 528 1622 Et
550 1576 655 1646 quam
676 1556 911 1627 necessarium
937 1558 1092 1628 officium
1116 1557 1161 1627 sit

171 1656 286 1725 vereri
312 1656 425 1744 leges,
450 1666 485 1723 et
504 1654 554 1722 eis
573 1656 834 1747 obtemperare,
860 1658 930 1727 iam
947 1659 1081 1729 dictum
1099 1673 1159 1728 est.

171 1755 269 1826 lllud
283 1769 397 1825 autem
416 1768 455 1824 ut
476 1755 659 1836 adiiciam,
684 1779 829 1846 magnae
847 1772 1018 1848 etgraves
1038 1783 1159 1829 causae

173 1872 268 1930 scrut.
318 1854 469 1926 Crebrae
483 1857 652 1926 dicuntur
672 1881 745 1926 esse
767 1875 961 1930 nocturnae
975 1860 1013 1928 in
1036 1859 1160 1951 plateis

174 1959 445 2027 discursatioues
469 1970 504 2027 et
519 1958 795 2028 vociferationes.
847 1958 1029 2030 Interdum
1052 1961 1159 2039 etiam

170 2059 283 2154 aliqui
306 2084 347 2127 ex
367 2056 496 2126 nostris
521 2071 647 2146 gerunt
668 2081 775 2130 arma.
828 2057 1026 2131 Audivistis
1042 2077 1158 2131 autem

172 2160 327 2231 edictum
353 2156 616 2247 gravissimum,
650 2171 685 2227 et
707 2161 844 2251 optimo
861 2163 1009 2231 consilio
1027 2187 1160 2254 propo-

171 2263 278 2331 situm
296 2282 316 2326 a
333 2256 573 2325 laudatissimo
585 2257 750 2350 Principe
763 2259 860 2331 Duce
875 2260 1067 2348 Friderico,
1086 2289 1157 2356 quo

170 2373 207 2430 et
230 2373 422 2428 nocturnae
444 2358 526 2427 illae
550 2348 823 2431 discu'rsationes
853 2380 888 2435 et
910 2388 1004 2433 arma
1034 2360 1157 2456 prohi-

168 2459 313 2530 hentur.
366 2457 484 2546 Quare
498 2461 686 2530 autoritate
702 2460 931 2553 Magistratus
946 2489 1049 2559 quem
1065 2487 1158 2553 gero,

170 2562 319 2645 maudo,
344 2574 391 2646 ut
422 2555 505 2629 huic
536 2561 650 2631 edicto
678 2563 948 2656 obtemperetis,
982 2567 1077 2660 quod
1111 2567 1155 2635 ad

170 2685 394 2732 communem
418 2660 527 2759 urbis
542 2663 836 2756 tranquillitatem
861 2681 893 2736 et
917 2667 1156 2748 defensionem

168 2775 320 2833 vestram
336 2763 485 2831 maxime
502 2764 734 2833 necessarium
752 2781 812 2834 est.
865 2765 1047 2854 Quantum
1061 2766 1155 2835 enirn

169 2864 318 2957 periculi
340 2876 447 2947 esset,
485 2862 513 2929 si
538 2862 666 2932 irritati
691 2864 901 2957 aliquando,
940 2869 1035 2960 quod
1060 2865 1157 2937 Deus

169 2959 375 3058 prohibeat,
400 2987 592 3054 paucorum
610 2964 733 3056 culpa,
758 2966 851 3033 cives
867 2990 963 3034 arma
979 2983 1155 3058 caperent.

167 3064 330 3136 Primum
344 3064 452 3154 igitur
475 3065 514 3133 in
539 3058 603 3133 hac
619 3088 673 3148 re,
700 3079 733 3134 et
751 3068 969 3148 communis,
999 3081 1032 3137 et
1050 3069 1154 3138 vestri

168 3166 318 3259 periculi
333 3166 506 3236 rationem
528 3159 664 3236 babete.
717 3163 855 3235 Deinde
873 3167 977 3238 etiam
999 3167 1157 3257 cogitate,

169 3268 323 3358 aegrotis
357 3260 422 3335 has
462 3265 729 3337 vociferationes
760 3269 952 3340 admodum
992 3269 1156 3339 molestas

168 3391 254 3441 esse.
313 3365 496 3438 Interdum
519 3367 622 3437 etiam
645 3369 876 3460 perterrefacti
896 3370 1058 3462 gravidas
1076 3395 1157 3439 mu-

167 3468 272 3541 lieres
285 3462 344 3538 his
367 3467 572 3542 ululatibus.
621 3465 781 3559 Cogitate
803 3471 908 3540 etiarn
926 3485 1098 3565 quantum
1116 3467 1155 3540 bi

166 3592 300 3654 mores,
327 3582 361 3640 et
385 3564 469 3640 haec
493 3570 649 3661 exempla
672 3593 795 3663 graves
818 3584 852 3641 et
872 3567 1039 3643 honestos
1060 3573 1156 3641 viros

168 3671 369 3755 offendant,
396 3695 547 3763 quorum
572 3670 702 3740 iudicia
719 3687 945 3742 contemnere
967 3674 1153 3767 plusquam

166 3770 350 3842 barbaries
369 3785 430 3841 est.
473 3768 656 3841 Postremo
670 3786 884 3843 mementote
902 3798 965 3842 vos
982 3774 1020 3843 in
1035 3772 1154 3844 schola

168 3873 305 3954 vivere,
330 3884 365 3941 et
385 3870 532 3960 cogitate
554 3887 726 3963 quantum
749 3898 870 3943 revera
887 3875 1066 3964 dignitatis
1088 3870 1153 3944 ha-

165 3972 250 4043 beat
264 3973 334 4041 vita
349 3967 566 4054 scholastica,
592 3988 625 4043 et
642 3987 772 4066 quanta
791 3975 943 4044 vicissim
960 3978 1154 4046 moderatio

167 4075 205 4145 in
221 4073 319 4143 omni
330 4072 452 4143 officio
467 4072 677 4166 requiratur.
729 4075 771 4146 ln
791 4076 900 4145 nullis
920 4077 1041 4146 castris
1058 4090 1156 4167 tanta,

164 4176 307 4246 licentia
338 4174 511 4244 militibus
538 4176 762 4260 conceditur,
795 4190 965 4268 quantum
995 4203 1093 4268 nuno
1118 4181 1153 4246 iu

167 4279 334 4347 omnibus
363 4277 468 4345 rebus
497 4275 564 4346 sihi
594 4290 737 4347 sumunt
767 4272 979 4349 scholastici.
1037 4285 1154 4371 Atque

167 4378 205 4447 in
238 4374 367 4447 scholis
396 4378 513 4448 decuit
543 4401 618 4447 esse
644 4379 897 4449 sanctissimam
920 4380 1154 4472 disciplinam.

168 4478 308 4567 Quaeso
324 4477 418 4545 enim
434 4479 652 4548 considerate
668 4483 757 4551 vitae
773 4502 894 4571 genus.
937 4480 1152 4575 Quanquam

167 4579 263 4650 enim
280 4577 341 4645 alii
357 4579 499 4648 ordines
518 4575 703 4650 homiuum
724 4582 761 4650 in
784 4582 933 4674 speciem
952 4583 1074 4653 titulus
1089 4578 1154 4652 ba-

166 4680 274 4750 beant
301 4678 576 4768 splendidiores,
609 4696 724 4753 tamen
754 4672 878 4754 revera
907 4685 1153 4774 magnitudine

167 4778 395 4874 professionis
410 4780 585 4849 antecellit
598 4783 669 4853 vita
690 4782 896 4855 scholastica
911 4784 1077 4856 omnihus
1094 4802 1152 4854 or'-

167 4881 323 4952 dinibus.
374 4878 454 4948 Nou
472 4879 550 4970 plus
564 4880 743 4969 dignitatis
756 4898 824 4967 est,
849 4885 878 4952 si
896 4909 950 4954 res
965 4887 1152 4954 aestimen-

166 4997 236 5067 tur,
263 5005 335 5049 uon
352 4981 458 5064 tituli,
484 4981 521 5048 in
539 5002 670 5069 regum,
695 4985 907 5075 principum,
933 4986 1153 5075 pontificum,

165 5081 422 5174 Episcoporum
450 5081 719 5164 functionibus,
741 5109 846 5176 quam
871 5084 909 5151 in
936 5079 1151 5156 scholastica.

164 5184 240 5258 Nos
260 5185 354 5253 euim
374 5182 529 5253 veritatis
550 5198 583 5252 et
603 5182 761 5251 iustitiae
785 5184 1050 5279 inquisitionem
1068 5208 1152 5276 pro-

164 5288 325 5369 blemur,
347 5285 476 5380 quibus
491 5285 596 5354 honis
614 5278 705 5352 nihil
722 5285 879 5355 divinius
897 5280 1004 5357 habet
1024 5281 1151 5355 horna-

164 5413 249 5460 num
270 5411 391 5478 genus.
443 5383 491 5459 lit
507 5381 631 5457 barum
648 5409 767 5456 rerum
782 5409 851 5477 ope
865 5387 998 5476 regitur
1013 5401 1047 5460 el
1063 5411 1150 5458 con·

663 268 971 364 ALLOQUlA
996 269 1071 347 ΕΤ
1104 267 1336 349 BREVES
1368 266 1723 347 CONCIONES.

2124 274 2201 351 922

1216 441 1350 511 tinetur
1364 441 1454 527 vita,
1477 442 1596 512 verius
1612 467 1717 536 quarn
1732 444 1839 514 armis
1853 457 1912 515 ant
1926 430 2010 515 ullis
2023 444 2105 521 aliis
2118 468 2198 517 mu-

1215 543 1393 615 nimentis.
1444 539 1494 616 Et
1508 539 1635 614 harum
1658 558 1834 615 tantarum
1857 570 1976 615 rerum
1994 546 2200 617 studiumet
2290 610 2292 614 .

1215 643 1481 734 explicationem
1501 645 1634 734 flagitat
1657 669 1676 714 a
1697 647 1803 715 uobis
1824 645 1980 738 Respub.
2004 661 2038 717 et
2055 647 2197 741 quidem

1214 745 1251 812 iu
1269 741 1333 813 bac
1347 739 1475 815 Schola
1493 748 1678 838 praecipue
1694 747 1796 817 floret
1807 740 1970 818 doctrina
1987 746 2198 839 Religionis,

1213 859 1248 916 et
1266 846 1416 915 aliarum
1440 846 1589 931 artium,
1614 872 1704 940 quae
1719 873 1781 917 vos
1802 850 1847 917 ad
1866 849 2029 919 virtutem
2049 844 2197 919 hortan-

1213 961 1282 1019 tur.
1334 944 1425 1016 Cum
1448 938 1557 1037 igitur
1577 949 1615 1016 in
1636 963 1706 1018 tam
1730 950 1874 1017 sublimi
1902 953 2013 1039 gradu
2036 950 2198 1019 collocati

1213 1047 1341 1134 simus,
1365 1048 1404 1116 in
1420 1073 1490 1140 quo
1505 1051 1620 1119 studia
1638 1051 1810 1130 veritatis,
1837 1044 2011 1128 iustitiae,
2038 1065 2070 1120 et
2087 1057 2197 1119 caete-

1212 1173 1333 1218 rarum
1357 1149 1528 1220 virtutum
1550 1151 1667 1238 vigere
1697 1152 1844 1233 debent,
1877 1151 2026 1241 cogitate
2055 1175 2196 1244 quaeso,

1213 1274 1319 1344 quam
1352 1249 1541 1339 indignum
1574 1253 1620 1323 sit
1654 1247 1721 1319 hoc
1755 1250 1881 1320 ordine
1915 1253 2012 1321 velut
2046 1253 2197 1348 furiosos

1211 1353 1332 1422 omnia
1365 1351 1573 1444 disciplinae
1606 1353 1769 1444 repagula
1803 1376 2049 1444 perrumpere,
2081 1354 2198 1422 nullas

1212 1453 1387 1522 moderari
1402 1453 1621 1545 cupiditates,
1644 1469 1777 1524 certare
1792 1450 2008 1523 Antonianis
2024 1447 2198 1523 beluatio-

1213 1555 1338 1644 nihus,
1364 1555 1514 1644 grassari
1527 1556 1715 1625 latronum
1740 1578 1837 1622 more
1863 1555 1900 1621 in
1927 1552 2012 1621 locis
2034 1554 2197 1644 publicis.
2309 1613 2312 1621 .

1213 1653 1307 1724 llaec
1328 1655 1356 1724 si
1379 1657 1533 1726 facerent
1554 1656 1666 1749 aliqui
1682 1656 1845 1725 destinati
1863 1656 1953 1723 vitae
1974 1655 2197 1738 monasticae,

1212 1770 1273 1825 aut
1306 1757 1519 1841 sacerdotes,
1557 1781 1677 1825 noune
1708 1781 1832 1826 omues
1865 1755 2104 1839 clamitarent,
2138 1754 2197 1822 in-

1211 1858 1414 1946 dignissima
1430 1881 1503 1927 esse
1519 1859 1591 1926 illis
1607 1857 1908 1948 professionibus?
1939 1853 2043 1924 Nunc
2060 1880 2079 1925 a
2095 1857 2197 1925 vobis

1209 1954 1296 2028 haec
1312 1958 1419 2043 bunt,
1444 1959 1505 2053 qui
1524 1960 1636 2028 multo
1656 1959 1848 2048 augustiori
1868 1956 1984 2046 generi
2002 1957 2094 2026 vitae
2110 1980 2197 2024 con-

1209 2061 1334 2130 secrati
1348 2062 1448 2141 estis,
1474 2060 1638 2129 videlicet
1652 2060 1860 2150 professioni
1880 2058 2034 2127 veritatis
2045 2072 2079 2128 et
2093 2057 2195 2126 iusti·

1210 2162 1293 2230 ciae.
1345 2157 1403 2229 Au
1426 2185 1500 2228 non
1524 2160 1697 2250 respicitis
1716 2159 1802 2228 vos?
1828 2183 1900 2226 nnn
1919 2159 2016 2228 venit
2039 2160 2076 2226 in
2096 2182 2197 2227 men-

1212 2275 1282 2331 tem
1306 2261 1517 2353 aliquando‚
1544 2285 1615 2352 quo
1638 2261 1674 2328 iu
1696 2263 1806 2349 gradu
1830 2284 1892 2328 vos
1908 2256 2063 2350 Respub.
2083 2260 2195 2328 collo·

1210 2362 1363 2431 caverit?
1388 2386 1478 2454 quae
1492 2362 1606 2430 officia
1617 2359 1713 2431 Deus
1728 2362 1768 2429 in
1782 2356 1847 2430 bac
1862 2359 2044 2430 vocatione
2059 2384 2078 2429 a
2094 2361 2196 2429 vobis

1210 2463 1390 2555 requirat?
1426 2476 1599 2556 quantum
1625 2463 1737 2533 scelus
1760 2463 1807 2532 sit
1831 2484 1892 2530 vos
1917 2459 1993 2529 istis
2021 2461 2195 2530 scandalis

1210 2563 1380 2632 infamare
1405 2559 1550 2634 honesta
1568 2564 1708 2633 studia?
1732 2561 1823 2634 Nam
1832 2566 1846 2647 ,¹
1868 2576 1907 2636 ut
1923 2561 2058 2640 sciatis,
2076 2556 2194 2630 'hone-

1209 2664 1353 2733 stissimi
1377 2660 1539 2732 homines
1566 2665 1703 2759 aliquot
1735 2664 1918 2734 civitatum
1947 2662 2052 2731 nobis
2080 2663 2194 2756 questi

1208 2779 1310 2845 scant,
1343 2765 1475 2834 remitti
1501 2766 1646 2835 domurn
1675 2760 1902 2835 scholasticos
1924 2763 2055 2834 talibus
2076 2787 2195 2833 assus

1208 2869 1316 2935 factos
1332 2866 1510 2949 moribus,
1535 2880 1571 2935 ut
1591 2889 1697 2936 nemo
1719 2889 1778 2935 eos
1794 2866 1886 2934 ferre
1902 2865 2029 2956 possit,
2055 2878 2090 2934 et
2114 2866 2193 2935 lite-

1209 2991 1267 3036 rae
1291 2967 1386 3059 ipsae
1409 2967 1450 3036 in
1472 2967 1595 3036 odium
1618 2968 1777 3040 veniunt.
1828 2964 1902 3037 Nec
1925 2989 2009 3035 vero
2024 2967 2195 3035 dubitau-

1208 3071 1293 3136 dum
1314 3080 1383 3151 est,
1414 3069 1502 3160 quin
1531 3069 1618 3139 tales
1643 3068 1787 3159 propter
1816 3062 1903 3136 haec
1930 3068 2092 3136 scandala
2117 3064 2194 3136 Deo

1206 3191 1339 3257 poenas
1362 3171 1480 3237 daturi
1502 3170 1585 3242 siut.
1630 3167 1745 3239 Multa
1770 3168 1936 3238 nunciata
1958 3183 2039 3238 sunt
2056 3164 2113 3237 his
2128 3192 2194 3237 an·

1207 3270 1264 3336 nis
1297 3269 1469 3359 prodigia.
1538 3271 1726 3360 conspecti
1762 3271 1854 3340 iutra
1894 3268 2088 3339 triennium
2123 3282 2195 3339 tres
2251 3306 2254 3319 ·

1207 3368 1388 3454 Cometae,
1427 3394 1614 3440 concussae
1641 3369 1750 3462 Alpes
1782 3384 2013 3450 terraemotu,
2050 3394 2193 3465 quassa·

1208 3486 1261 3541 tae
1294 3487 1378 3541 sunt
1409 3483 1623 3540 terraemotu
1663 3484 1697 3538 et
1734 3470 1832 3559 ripae
1863 3463 1994 3541 libeni.
2053 3469 2193 3540 Omitto

1206 3573 1275 3642 alia
1299 3572 1418 3640 multa.
1478 3570 1573 3641 Haec
1597 3571 1757 3661 prodigia
1781 3569 2025 3640 existimantur
2049 3593 2195 3660 magnas

1207 3673 1418 3743 calamitates
1457 3687 1492 3742 et
1529 3673 1742 3741 mutationes
1778 3669 2009 3760 Reipublicae
2049 3687 2193 3763 porten-

1207 3778 1299 3842 dere.
1349 3772 1418 3844 Sed
1454 3774 1687 3846 certissimum
1721 3772 1938 3863 praesagium
1971 3787 2023 3843 est
2054 3773 2192 3863 impen-

1207 3876 1367 3944 dentium
1402 3876 1638 3945 calamitatum
1674 3869 1760 3944 haec
1793 3868 1976 3942 horribilis
2010 3873 2202 3964 dissipatio·
2287 3948 2294 3972 .

1206 3976 1424 4068 discipliuae.
1476 3974 1651 4047 Omnium
1671 3975 1765 4043 enim
1784 3988 1944 4044 aetatum·
1956 3969 2124 4044 historiae
2141 3987 2192 4044 te·

1206 4091 1364 4162 stautur,
1392 4080 1505 4147 soluta
1533 4077 1739 4167 disciplina,
1772 4089 1806 4145 et
1838 4076 1952 4166 palam
1987 4075 2190 4144 confirmata

1206 4180 1366 4262 licentia,
1391 4181 1508 4248 statim
1537 4191 1655 4248 secuta
1678 4200 1751 4246 esse
1775 4177 1908 4245 excidia
1934 4177 2133 4260 civitatum,
2158 4190 2192 4245 et

1206 4280 1441 4370 imperiorum
1452 4281 1626 4350 interitus.
1664 4278 1971 4367 Quemadmodum
1990 4279 2085 4346 enim
2102 4291 2192 4348 tem·

1207 4394 1353 4471 pestates
1374 4395 1468 4451 certo
1482 4396 1646 4450 venturas
1660 4379 1876 4449 denunciant
1901 4379 2029 4448 nubes:
2064 4379 2112 4448 ita
2136 4379 2192 4446 di-

1204 4481 1374 4573 scipliuae
1385 4483 1601 4572 perturbatio
1616 4495 1648 4551 ct
1660 4493 1981 4571 contemptuscerto
1995 4480 2192 4569 significant

1206 4583 1409 4675 impendere
1424 4582 1681 4674 rebuspublicis
1693 4583 1851 4672 ingentes
1865 4580 2088 4653 calamitates.
2119 4578 2191 4648 Ne-

1206 4685 1308 4753 mesis
1325 4685 1419 4753 enim
1439 4685 1582 4774 castigat
1599 4684 1849 4774 petulantiam,
1876 4697 1907 4749 et
1924 4683 2025 4749 Deus
2037 4676 2091 4748 bis
2107 4704 2190 4768 poe-

1205 4786 1261 4853 nis
1286 4787 1440 4855 domitos
1470 4780 1632 4855 homiues
1660 4798 1796 4853 revocat
1824 4782 1867 4848 ad
1900 4780 2188 4865 moderationem,

1204 4899 1243 4954 ut
1277 4884 1464 4975 disciplina
1498 4887 1713 4956 restituatur.
1765 4879 1885 4968 Quare
1920 4904 1981 4949 vos
2018 4875 2191 4950 adhortor

1204 4984 1456 5070 adolescentes,
1500 5000 1539 5055 ut
1572 4984 1649 5051 sitis
1680 4981 1927 5062 modestiores,
1968 5006 2013 5050 ne
2043 4982 2189 5053 irritetis
2251 5044 2263 5069 χ

1204 5082 1331 5170 Deum,
1347 5101 1387 5157 ut
1402 5086 1554 5179 publicis
1568 5081 1826 5154 calamitatibus
1842 5082 1965 5172 puniat
1977 5078 2070 5152 hanc
2080 5084 2187 5152 'elfre-

1204 5209 1283 5254 nem
1316 5187 1586 5258 contumaciam.
1642 5178 1820 5253 Prohibeo
1852 5184 1969 5277 itaque
2002 5183 2189 5255 autoritate

1204 5285 1449 5375 Magistratus,
1481 5311 1586 5391 quem
1608 5308 1709 5375 gero,
1740 5298 1775 5354 et
1795 5287 1839 5355 dc
1855 5286 2029 5357 sententia
2045 5303 2188 5355 senatus

1202 5387 1432 5472 Academiae,
1464 5401 1658 5459 nocturnas
1679 5386 1966 5478 vociferationes,
1997 5399 2032 5458 et
2054 5386 2186 5457 tumul-
