4756 6008
123 364 196 438 oss
575 296 888 447 antonum
941 349 1013 429 ar
1064 349 1296 431 saevas
1348 348 1703 432 conciones.
2064 361 2141 438 sss

119 531 233 627 gignit
248 530 437 622 imaginem
454 527 529 613 sui,
552 529 670 620 genita
688 550 772 596 vero
791 527 906 617 imago
923 525 1109 616 cogitatio·
1160 502 1309 594 alicuius
1336 520 1505 595 historiae
1537 526 1852 605 lactum‘tractare.
1905 528 2027 627 ltaque
2056 557 2137 603 cum

121 629 367 732 neldyoeest.
416 631 551 726 Estque
566 632 700 719 integra
714 629 829 699 Patris
844 627 973 718 imago.
1022 625 1110 699 Cre·
1162 641 1425 717 praeceptorum
1449 623 1675 714 authoritati,
1700 625 1764 698 hac
1786 631 1825 699 in
1846 657 1884 701 re
1903 634 2056 703 libenter
2069 639 2138 704 du-

122 743 170 806 (ιο
201 750 294 807 retes
322 731 409 805 haee
440 734 521 804 diei.
591 735 659 804 Sed
689 731 740 811 sic
762 730 969 801 nominatur
991 722 1110 826 λόγος,
1160 729 1270 795 serim
1287 753 1359 797 esse
1374 732 1712 820 ertatemperandum,
1737 755 1839 821 spero
1860 759 1922 802 vos
1945 736 2030 805 boni
2051 760 2137 806 con·
2246 799 2254 806 .

121 852 259 909 tantum
281 849 440 929 respectu
459 836 581 927 patris.
638 831 867 903 Narrationes
892 830 930 900 in
953 825 1111 901 Iohanne
1161 830 1315 898 sulturos
1338 831 1491 898 officium
1513 855 1652 914 meum,
1677 836 1772 924 qarod
1791 849 1831 904 ut
1852 837 2005 921 faciatis,
2031 840 2136 907 etiam

122 940 322 1032 significant
342 932 455 1037 λόγον
473 936 545 1006 dici
555 946 719 1026 respectu
739 947 978 1004 creaturarum
995 945 1030 1001 et
1043 954 1111 1000 no-

123 1041 208 1121 stri,
232 1040 313 1133 qnia
330 1041 424 1109 filins
444 1039 494 1107 sic
508 1036 612 1105 nobis
628 1036 819 1126 patefactus
837 1050 908 1117 est,
934 1034 1029 1125 qnod
1048 1054 1111 1122 per

125 1168 206 1213 cum
224 1141 328 1211 Pater
349 1141 438 1211 dicit
452 1141 629 1208 decretum
657 1150 692 1207 et
706 1150 818 1206 totum
834 1135 996 1204 ordinem
1014 1156 1112 1202 crea-

15 1287 22 1295 ·
124 1245 232 1315 tionis
246 1257 282 1312 et
297 1239 527 1331 reparationis
541 1233 748 1315 hominum,
775 1252 809 1306 et
822 1237 915 1330 qnod
932 1231 1016 1304 haec
1030 1257 1111 1323 per·

124 1371 209 1414 sona
243 1345 413 1425 mittitur,
451 1354 491 1410 ut
521 1340 673 1431 proferat
698 1335 932 1426 Evangelium
961 1361 1002 1404 ex
1029 1335 1111 1403 sinu

123 1445 255 1518 aeterni
280 1444 408 1534 patris,
448 1454 632 1511 conservet
652 1439 888 1508 ministerium
913 1432 1111 1524 Evangelii,

123 1563 158 1618 ct
170 1548 290 1616 dicens
304 1543 582 1615 consolationem
597 1541 636 1608 in
650 1540 972 1618 cordibusnostris,
993 1551 1112 1607 osten-

123 1652 184 1719 dat
197 1660 352 1739 patrem,
377 1645 529 1714 vivificet
543 1664 626 1725 nos,
651 1656 685 1711 et
699 1665 766 1710 nos
780 1642 847 1711 sibi
864 1639 1050 1722 assimilet,
1072 1652 1113 1707 nt

123 1751 329 1822 restituatur
356 1747 470 1836 imago
495 1745 567 1816 Dei
596 1745 634 1814 in
661 1744 780 1816 nobis.
845 1743 944 1812 Haec
969 1739 1112 1831 proprie

124 1853 215 1922 lirant
241 1845 417 1942 perhanc
447 1870 654 1938 personam,
685 1868 774 1936 meae
796 1857 848 1913 cst
873 1834 998 1937 λόγος,
1024 1865 1113 1933 qnae

126 1967 213 2024 tum
234 1965 269 2021 et
290 1945 416 2042 spiritu
440 1973 503 2019 suo
522 1947 692 2016 laetitiam
713 1958 877 2015 etmotus
892 1946 931 2012 in
947 1944 1113 2012 cordibus

126 2054 297 2124 accendit.
353 2050 449 2121 Haec
472 2047 632 2118 doctrina
654 2049 698 2114 de
719 2047 956 2137 appellatione
970 2048 1039 2119 τοῦ
1053 2036 1113 2114 λό-

121 2179 197 2255 γου
214 2166 414 2224 reverenter
428 2163 462 2221 et
478 2151 536 2241 pie
551 2148 735 2238 cogitanda
752 2162 822 2229 est,
846 2163 881 2219 et
892 2147 1050 2217 orandus
1063 2158 1114 2214 est

125 2260 218 2348 ipse,
243 2267 283 2322 ut
296 2277 362 2322 nos
375 2253 511 2322 doceat.

226 2352 363 2425 Deinde
386 2366 420 2423 et
435 2348 504 2423 hoc
518 2354 778 2438 consideretur,
803 2376 913 2446 nccare
935 2348 993 2423 hic
1009 2343 1115 2442 λόγος

125 2455 359 2547 adsumpserit
380 2449 572 2525 humanam
595 2469 776 2539 naturam,
802 2479 877 2524 non
894 2455 1015 2538 Pater,
1039 2478 1113 2522 non

37 2632 42 2641 ,
126 2558 282 2652 Spiritus
307 2569 457 2627 sanctus.
518 2548 736 2627 Athanasius
751 2557 814 2626 ait:
842 2557 924 2648 qnia
941 2578 1113 2641 congrue·

126 2663 188 2733 bat
203 2655 295 2729 hanc
311 2680 516 2751 personam,
537 2680 627 2749 quae
647 2657 788 2749 proprie
802 2673 852 2725 est
870 2657 984 2747 imago
1001 2669 1113 2724 aeter-

125 2761 165 2835 ni
181 2760 314 2842 Patris,
347 2760 532 2827 adsumere
555 2752 745 2827 humanam
767 2772 946 2839 naturam,
979 2781 1058 2826 cum
1075 2758 1112 2824 in

126 2861 470 2933 nobis-restituenda
492 2859 538 2927 sit
560 2856 674 2946 imago
703 2858 782 2927 Dei.
840 2856 965 2946 Cogito
987 2873 1021 2927 et
1046 2852 1113 2926 hoc

126 2985 339 3055 congruere,
369 2976 411 3032 ut
430 2985 469 3030 ea
489 2980 640 3051 persona
661 2960 821 3028 adsumat
839 2953 1030 3048 humanam
1048 2982 1114 3027 na-

125 3081 260 3143 turam,
296 3087 386 3156 quae
408 3076 461 3134 est
485 3061 711 3130 monstratrix
726 3055 801 3133 Dei,
853 3058 977 3129 Sermo
997 3072 1114 3145 antem

126 3179 299 3237 monstrat
312 3164 468 3258 aliquid,
495 3183 577 3248 ergo
592 3175 627 3231 et
648 3183 709 3251 per
723 3159 855 3231 Filium
870 3161 1045 3250 prolatum
1064 3173 1115 3228 est

126 3265 381 3358 Evangelinm,
405 3279 440 3337 et
452 3277 492 3333 ut
505 3265 615 3334 verbo
628 3263 763 3333 conditi
778 3286 921 3347 sumus,
943 3263 990 3332 ita
1005 3262 1113 3331 verbo

55 3438 62 3448 ,
125 3391 250 3442 rursm
279 3366 517 3450 vivificamur,
550 3364 640 3436 sicut
667 3378 702 3436 et
728 3365 766 3434 in
790 3363 932 3434 Psalmo
965 3363 1112 3435 dicitur:

126 3470 229 3543 Misit
248 3470 397 3540 verbum
412 3491 535 3552 suram,
560 3480 594 3538 et
609 3465 747 3538 sanavit
762 3490 833 3539 eos.
884 3464 937 3535 lta
953 3465 1113 3550 sciamus,

126 3568 221 3643 hanc
242 3593 429 3663 personam
451 3570 491 3638 in
511 3567 739 3639 credentibus
758 3592 833 3637 non
857 3590 930 3637 esse
949 3567 1113 3652 ociosam,

125 3675 188 3745 sed
205 3695 287 3741 vere
301 3683 520 3762 praesentem
533 3682 569 3740 et
582 3670 621 3738 in
634 3669 739 3739 nobis
752 3669 924 3739 efficacem
939 3691 1013 3738 esse
1027 3691 1112 3737 voce

124 3772 333 3862 Evangelii,
353 3784 390 3842 ct
410 3773 599 3841 accendere
619 3771 725 3841 corda
743 3768 879 3862 Spiritu
901 3794 965 3841 sno
980 3781 1113 3852 sancto,

125 3893 167 3948 nt
198 3890 316 3944 motus
344 3867 501 3942 habeant
530 3885 763 3964 congruentes
788 3872 859 3941 luci
882 3888 917 3945 et
939 3871 1112 3961 agnitioni

125 3977 208 4051 Dei.
253 3974 337 4046 Non
356 3987 504 4067 possunt
524 3989 641 4046 autem
664 3970 750 4044 haec
771 3973 896 4042 iamin
914 3969 1113 4044 hacbrevi-

125 4095 196 4154 tate
214 4079 381 4169 temporis
403 4076 578 4167 copiosius
594 4075 744 4168 exponi,
770 4077 830 4146 sed
847 4088 882 4146 et
895 4098 996 4166 saepe
1012 4098 1111 4163 repc-

124 4183 230 4256 tenda
255 4194 340 4251 sunt
365 4177 596 4268 cogitatione,
628 4177 757 4250 etalio
778 4191 935 4269 tempore
958 4175 1111 4264 longiori

125 4286 288 4357 oratione
309 4280 519 4354 illustranda
535 4294 630 4351 sunt.
679 4278 785 4351 Nunc
799 4294 876 4350 toto
893 4294 1031 4370 pectore
1047 4301 1111 4346 oro

125 4386 240 4478 ipsum
255 4385 370 4453 filium
382 4381 469 4462 Dei,
494 4378 690 4453 Dominum
706 4394 868 4452 nostrum
880 4379 993 4451 lesum
1005 4374 1112 4451 Chri-

127 4504 237 4569 stum,
267 4483 330 4576 qui
350 4484 415 4554 ait:
447 4479 524 4574 Ego
546 4508 624 4553 snm
647 4484 749 4568 vitis,
780 4508 842 4553 vos
864 4483 1046 4575 palmites,
1071 4494 1111 4551 ut

126 4613 193 4660 nos
224 4587 365 4668 doceat,
399 4597 434 4654 et
460 4606 523 4658 sua
543 4584 621 4656 luce
645 4586 749 4658 faciat
771 4610 835 4656 nos
858 4586 1019 4678 palmites
1044 4583 1109 4677 ipsi

110 4691 308 4784 'placentes
320 4697 355 4754 ct
370 4686 507 4758 uberes.
558 4686 654 4762 Dixi.

940 5002 990 5044 sn.
1007 4977 1102 5046 1554.

937 5067 1108 5097 m

122 4975 293 5103 Q

193 5160 226 5214 In
242 5155 356 5227 Quaest.
370 5152 403 5209 sb
416 5147 507 5214 staro
521 5147 599 5205 editis
613 5166 638 5221 p.
654 5148 734 5210 tssb.
746 5172 805 5227 sqq.

440 5281 665 5352 Gratiarum
691 5283 802 5351 sotto.

124 5390 345 5495 Priusquam
372 5392 660 5488 praeceptoribus
688 5407 724 5468 et
746 5395 933 5467 universae
961 5389 1113 5482 scholae,

1162 926 1387 1001 vehementer
1415 955 1514 1016 rogo.
1570 928 1734 1002 Breviter
1755 936 1850 1003 enim
1880 939 2016 1022 dicam,
2049 941 2137 1032 quid

1163 1028 1250 1099 mihi
1278 1022 1439 1101 videatur
1460 1037 1504 1100 de
1527 1033 1617 1101 sarto
1642 1031 1685 1107 D.
1708 1028 1928 1122 Laurentii,
1957 1039 2020 1130 qui
2045 1065 2137 1125 curn,
2224 1062 2227 1067 ·

1161 1148 1200 1201 ut
1222 1133 1337 1213 scitis,
1363 1132 1505 1207 Romae,
1524 1151 1697 1222 praeesset
1721 1140 1855 1205 aerario
1878 1137 2137 1224 Ecclesiastico,
2179 1184 2181 1187 ·

1163 1236 1279 1304 noluit
1295 1230 1477 1303 thesauros
1498 1249 1530 1303 et
1556 1238 1646 1304 bona
1670 1233 1846 1308 Ecclesiae
1866 1239 2073 1330 imperatori
2098 1267 2138 1315 ca

1163 1339 1292 1428 petenti
1312 1340 1354 1404 ad
1375 1332 1578 1428 prophanus
1592 1362 1677 1406 rascas
1690 1342 1824 1410 cedere.
1863 1339 2018 1410 Acmihi
2038 1368 2139 1434 prae-

1163 1440 1255 1507 clare
1271 1438 1413 1507 videtur
1428 1439 1547 1506 iecisse.
1567 1438 1797 1518 lenirentirrs,
1815 1447 1908 1534 spraud
1931 1442 2140 1530 imperatori

1164 1541 1228 1619 ista
1246 1543 1339 1608 bona
1356 1541 1507 1628 negavit.
1561 1539 1735 1610 lniustnm
1758 1542 1853 1610 enim
1877 1559 1927 1613 est
1950 1545 2141 1615 cuiuscun-

1163 1666 1232 1734 que
1248 1642 1297 1709 rei
1315 1642 1514 1709 dominium
1529 1646 1572 1710 ad
1590 1642 1738 1710 iniustos
1759 1645 1923 1713 dominos
1940 1647 2140 1721 transferre.

1164 1741 1249 1814 Erat
1266 1759 1382 1812 autern
1401 1743 1465 1812 ista
1484 1744 1631 1831 pecnnia
1647 1740 1842 1829 Ecclesiae,
1855 1771 1945 1838 quae
1961 1772 2036 1815 eam
2054 1773 2140 1817 con-

1163 1859 1315 1936 gesserat
1343 1846 1385 1911 ad
1412 1845 1624 1913 necessarios
1646 1869 1729 1913 usus
1753 1871 1946 1936 pauperum
1971 1863 2005 1918 et
2032 1851 2141 1918 ruini-

1164 1964 1338 2049 strorum,
1359 1947 1420 2036 quai
1439 1949 1683 2036 proponebant
1695 1948 1764 2040 piis
1779 1973 1895 2017 veram
1913 1951 1957 2018 cle
1969 1950 2141 2040 religione

1164 2050 1375 2118 doctrinam.
1434 2047 1541 2116 Nulla
1571 2048 1678 2135 igitur
1702 2051 1791 2118 iusta
1817 2073 1918 2119 causa
1947 2050 2141 2142 imperator

1165 2177 1240 2222 eam
1264 2148 1448 2242 pecuniam
1472 2150 1669 2239 poposcisse
1694 2150 1851 2232 videtur,
1877 2177 1957 2221 cum
1982 2154 2139 2223 alienum

1165 2253 1391 2347 appetiverit,
1412 2252 1448 2318 in
1474 2275 1544 2342 qcro
1563 2251 1636 2339 ipse
1651 2246 1742 2319 nihil
1762 2246 1913 2323 habebat
1930 2254 2038 2338 iuris,
2063 2279 2139 2327 non

1164 2356 1274 2444 magis
1291 2379 1396 2447 qcaam
1415 2353 1443 2421 si
1460 2353 1592 2442 praedo
1618 2352 1656 2419 in
1671 2352 1803 2421 alienas
1825 2347 2006 2424 facultates
2029 2356 2139 2447 impe.

1165 2473 1241 2530 tum
1267 2457 1382 2526 faeiat.
1420 2453 1525 2524 -Foic
1546 2464 1663 2522 autem
1687 2455 1842 2524 atrocior
1862 2456 2009 2540 iniuria,
2043 2460 2140 2551 qctnd

1163 2557 1358 2629 Ecclesiam
1373 2556 1525 2646 spoliare
1541 2554 1673 2638 voluit,
1698 2579 1789 2648 qcrae
1804 2559 1988 2648 praecipue
2004 2559 2140 2649 indiget

1164 2659 1384 2751 sumptibus,
1411 2659 1456 2725 ad
1472 2657 1617 2725 alendos
1633 2680 1821 2748 pauperes,
1846 2671 1881 2729 et
1894 2660 2055 2750 publicos
2071 2662 2142 2729 mi-

1165 2763 1314 2844 nistros,
1340 2783 1493 2852 quornm
1510 2782 1595 2827 voce
1608 2782 1731 2828 verum
1756 2774 1788 2830 et
1811 2761 1960 2829 maxime
1982 2785 2141 2832 necessa-

1163 2865 1258 2935 rium
1284 2884 1394 2951 genus
1415 2860 1596 2929 doctrinae
1617 2863 1661 2928 de
1677 2859 1742 2928 Dei
1765 2883 1845 2949 erga
1867 2885 1931 2930 nos
1947 2864 2140 2950 voluntate,

1164 2980 1198 3037 et
1224 2964 1374 3054 gratuita
1401 2962 1660 3053 acceptatione,
1694 2964 1736 3029 ad
1760 2985 1826 3030 nos
1851 2965 2036 3052 perfertur.
2088 2964 2142 3037 Ac

1163 3068 1247 3136 feeit
1263 3067 1299 3134 id
1318 3064 1530 3156 imperator,
1556 3062 1657 3131 cuim
1681 3065 1866 3153 praecipua
1889 3089 1971 3134 cura
1992 3090 2064 3136 esse
2077 3068 2141 3137 de-

1164 3168 1271 3234 bebat
1294 3165 1469 3234 iuvandae
1500 3178 1534 3233 et
1567 3167 1748 3233 ornandae
1770 3162 1956 3239 Ecclesiae.
2019 3167 2141 3263 ltaque

1165 3291 1309 3356 prorsus
1324 3268 1390 3336 luit
1406 3268 1443 3334 in
1460 3290 1501 3334 eo
1518 3266 1752 3334 intolerabilis
1766 3268 1908 3348 ininria,
1935 3271 2029 3362 quod
2046 3272 2139 3340 bona

1165 3367 1342 3439 Ecclesiae
1364 3367 1575 3456 intercipere
1596 3367 1722 3448 voluit.
1774 3367 1855 3436 Non
1878 3370 2008 3452 iniuria
2032 3373 2141 3460 igitur

1164 3469 1208 3545 D.
1225 3469 1436 3540 Lacrrentins
1451 3490 1488 3535 se
1505 3468 1538 3534 ei
1555 3467 1731 3556 opposuit.
1773 3465 1863 3536 Nam
1882 3469 1920 3536 in
1944 3473 2139 3542 manifestis

1164 3571 1324 3654 iniuriis,
1351 3568 1570 3657 magistratui
1588 3590 1661 3635 non
1679 3567 1956 3657 indulgendum,
1980 3596 2140 3663 praeser-

1162 3674 1227 3746 tim
1242 3673 1272 3742 si
1289 3672 1382 3742 salus
1397 3668 1575 3741 Ecclesiae
1585 3683 1620 3739 et
1633 3668 1744 3757 gloria
1756 3666 1823 3740 Dei
1839 3685 1970 3760 agatur.
2021 3673 2143 3762 Quare

1163 3788 1256 3845 recte
1272 3774 1391 3844 iecisse
1412 3771 1459 3842 D.
1475 3771 1707 3840 Laurentium
1734 3770 1870 3856 iudico,
1897 3776 1992 3865 cpmd
2015 3775 2052 3843 in
2075 3771 2140 3846 hac

1162 3901 1201 3947 re
1218 3874 1425 3969 Imperatori
1441 3888 1493 3944 est
1506 3875 1721 3955 adversatus.
1774 3872 1881 3961 Quod
1906 3900 1985 3944 cum
2011 3877 2059 3946 ita
2081 3878 2138 3956 sir,

1163 3978 1265 4048 facile
1287 3977 1437 4067 intelligi
1458 3988 1592 4067 potest,
1627 3997 1700 4067 qam
1721 3975 1758 4043 in
1774 3975 1904 4043 scelere
1921 3976 1993 4050 sint
2008 3979 2140 4046 nostris

1163 4074 1382 4171 temporibus
1415 4078 1512 4146 avari
1542 4078 1739 4169 pontifices,
1766 4076 1946 4161 canonici,
1978 4091 2010 4148 et
2037 4079 2138 4147 simi-

1163 4183 1232 4264 les,
1257 4182 1319 4274 qni
1342 4204 1415 4248 non
1438 4179 1554 4247 solum
1579 4179 1671 4246 hona
1694 4174 1932 4247 Ecclesiarum
1957 4181 2057 4249 adse
2080 4204 2140 4250 ra·
2170 4192 2175 4201 '

1161 4282 1286 4374 piunt,
1307 4283 1369 4352 sed
1386 4281 1491 4351 etiam
1508 4282 1554 4348 de
1574 4280 1618 4349 iis
1632 4280 1834 4372 turpissime
1848 4279 2059 4365 heluantur,
2082 4306 2141 4351 ea-

1163 4408 1231 4478 que
1260 4384 1449 4453 conferunt
1481 4405 1555 4451 non
1583 4383 1626 4450 ad
1656 4376 1857 4471 prophanas
1882 4404 1967 4452 usus
1992 4396 2141 4469 tantum,

1162 4487 1223 4555 scd
1241 4486 1346 4555 etiam
1371 4477 1413 4553 ad
1428 4484 1619 4552 delendum
1635 4497 1670 4553 et
1685 4483 1959 4574 opprimendum
1976 4480 2140 4570 Evange-

1163 4588 1265 4658 lium.
1316 4582 1363 4656 Et
1378 4586 1568 4656 crudeliter
1579 4585 1713 4655 faciunt
1728 4586 1906 4668 centauri,
1933 4585 1995 4676 qui
2012 4607 2138 4654 mauras

1164 4690 1330 4760 iniicinnt
1346 4688 1477 4759 talibus
1490 4682 1669 4757 Ecclesiae
1685 4687 1810 4766 honis,
1832 4708 1905 4752 non
1930 4686 1973 4751 ad
1998 4709 2035 4752 se
2057 4709 2138 4776 per·
2187 4754 2195 4765 ,

1163 4791 1381 4872 sinentibus,
1404 4791 1500 4857 unde
1524 4808 1695 4880 pauperes
1715 4779 1913 4852 scholastici
1940 4797 1975 4855 et
1999 4785 2048 4877 pii
2075 4809 2139 4879 pa·

1163 4903 1273 4961 stores
1299 4890 1342 4959 ad
1365 4890 1667 4960 conservationem
1687 4884 1877 4954 ministerii
1891 4884 1938 4953 ali
1951 4887 2139 4959 debebant.

1162 4989 1240 5060 Hos
1263 5016 1343 5062 cum
1367 4993 1548 5083 patiantur
1568 4986 1720 5070 esurire,
1745 4999 1786 5058 nt
1808 4985 1875 5077 ipsi
1892 5010 1995 5058 sctum
2015 4990 2137 5059 lcrxsrm

1164 5093 1344 5184 expleant,
1381 5091 1505 5186 procul
1533 5088 1644 5160 dubio
1673 5087 1769 5159 Deus
1799 5088 1886 5159 olim
1916 5091 2138 5180 gravissimas

1163 5219 1294 5288 poenas
1309 5190 1416 5265 buius
1431 5191 1631 5285 rapacitatis
1648 5192 1693 5259 ab
1707 5193 1758 5262 eis
1773 5190 1895 5280 exiget.

1146 5338 1149 5344 ·
1264 5295 1335 5367 Sed
1354 5310 1394 5368 ut
1413 5295 1555 5365 veniam
1577 5294 1622 5361 ad
1646 5295 1839 5382 gratianrm
1855 5291 2048 5362 actionem:
2075 5291 2138 5362 Li-

1147 5400 1289 5469 -bcnter
1311 5392 1369 5468 hic
1392 5398 1562 5489 profiteor
1580 5418 1652 5464 una
1674 5419 1754 5466 cum
1776 5394 1865 5487 meis
1886 5393 2045 5484 collegis,
2069 5418 2148 5469 nos¹

123 5521 164 5578 ut
194 5526 272 5575 mos
299 5511 371 5580 est,
398 5496 528 5589 gratias
554 5518 674 5587 agam,
706 5497 820 5570 iussus
850 5522 929 5570 snm
957 5490 1128 5570 breviter
1145 5500 1497 5595 ·plurimumdebere
1511 5497 1798 5592 praeceptoribus
1812 5495 1961 5582 nostris,
1984 5520 2138 5590 quornm

175 5613 354 5684 blesens.
371 5605 477 5670 Dm.
504 5602 586 5668 Vos.
601 5601 649 5669 X.

1390 5680 1392 5685 ,
1445 5595 1503 5672 (ll
