4748 6022
172 329 255 404 ιιι
774 320 1196 419 ouansrronns
1230 320 1628 401 acaurmcsu
2140 327 2218 405 ιιι
2314 294 2317 299 ’

181 498 274 624 πρὸς
304 493 393 580 τοὺς
427 495 596 594 ἀστέρας.
671 499 772 569 Anni
797 496 1091 617 quadripartitam
1118 498 1174 567 di·
1225 510 1322 588 grata
1337 512 1459 569 mente
1475 498 1650 589 cogitare,
1673 510 1710 569 et
1729 498 1917 570 celebrare
1927 508 2013 569 vore
2027 509 2062 569 et
2076 497 2219 623 scriptis

182 603 409 676 stinctionem
435 615 589 697 quatuor
612 614 810 692 temporum
836 600 1042 691 gratissimis
1059 600 1173 669 varia-
1226 625 1292 670 nos
1309 602 1419 675 de'cet.
1762 636 1765 641 ·
1811 634 1816 643 ·
1940 638 1944 643 ·

180 723 253 780 tam
278 705 436 789 vicibus,
468 705 656 797 praecipue
679 703 786 773 elficit
806 716 840 773 et
864 714 1036 793 temperat
1052 725 1173 772 annuo
1301 702 1442 792 Ago'
1432 718 1552 792 itaque
1573 697 1702 790 gratias
1722 658 1809 770 toto'
1818 651 1960 797 pectore
1980 654 2058 774 De'o
2072 715 2216 778 aeterno

180 808 333 882 circuitu
350 806 424 878 sot.
477 800 731 896 Κατάστασις,
754 828 844 898 qnae
857 816 893 875 et
906 806 1058 874 maiores
1070 804 1173 889 airis,
1224 805 1316 896 patri
1331 803 1478 875 Domini
1496 802 1611 872 nostri
1636 800 1716 873 lesu
1731 797 1874 875 Christi
1884 790 2063 875 conditori
2078 805 2216 895 generis

180 910 417 984 evidentiores
440 904 503 980 καὶ
529 904 846 1001 καθολικωτέρας,
886 919 922 976 et
952 907 1107 975 minores
1133 929 1173 976 sc
1226 901 1374 978 hnmani
1391 920 1426 976 et
1440 903 1620 976 Ecclesiae
1635 929 1736 983 suae,
1761 906 1855 976 fonti
1870 921 1907 976 ct
1920 907 2040 977 autore
2052 931 2217 979 omnium

179 1008 300 1084 minus
314 1012 487 1100 insignes,
508 1024 548 1081 ιιι
561 1011 808 1103 particulares,
830 1022 1045 1091 menstruas,
1071 1009 1173 1078 diur-
1220 1012 1403 1079 ιιοιιοιιιιιι
1424 1022 1459 1078 et
1481 1007 1596 1077 felicis
1616 1032 1657 1077 ac
1677 1006 2118 1094 salutaris'medicationis,
2143 1032 2215 1081 una

178 1141 260 1201 uas,
288 1109 467 1198 horarias,
500 1127 535 1183 et
557 1135 649 1203 pene
670 1126 934 1182 momentaneas
959 1110 1172 1179 variationes
1225 1136 1305 1181 cum
1319 1112 1393 1179 filio
1409 1134 1473 1180 suo
1489 1107 1646 1193 Domino
1663 1107 1878 1181 nostrolesu
1893 1103 2058 1203 Christo,
2088 1111 2150 1204 qui
2165 1126 2216 1184 est

180 1216 435 1308 complectitur.
493 1212 558 1283 llla
582 1237 664 1306 ergo
685 1214 766 1285 talis
789 1227 841 1283 est
862 1236 987 1302 magna
1014 1236 1056 1281 er
1073 1226 1171 1303 parte
1218 1207 1338 1312 ’λόγος’
1354 1209 1414 1284 καὶ
1435 1207 1545 1284 εἰκῶν
1562 1212 1689 1304 patris,
1715 1226 1750 1282 ct
1768 1207 1918 1305 μεσίτης
1931 1207 1994 1283 καὶ
2010 1208 2129 1306 ἱκέτης
2148 1237 2216 1283 no·

179 1321 311 1391 avaria
334 1330 369 1388 et
391 1339 476 1405 vaga
494 1317 715 1409 planetarum
736 1316 979 1399 oberratione‚
1006 1337 1171 1403 congres-
1224 1330 1296 1386 ster
1312 1340 1431 1385 coram
1451 1328 1569 1405 patre,
1596 1330 1630 1385 et
1653 1338 1733 1384 cum
1751 1313 1892 1404 Spiritu
1911 1328 2036 1386 sancto
2054 1312 2216 1395 Paracless

178 1445 290 1515 suque
310 1420 403 1488 inter
425 1440 462 1486 se
482 1421 699 1503 eorundem,
732 1418 927 1488 etdiversa
952 1417 1172 1487 coniectione
1225 1434 1281 1503 to,
1314 1433 1440 1508 casto,·
1456 1417 1546 1485 vivo
1576 1431 1610 1487 et
1631 1440 1770 1500 verace,
1804 1417 1918 1509 ‹puod
1927 1411 2122 1486 Ecclesiam
2144 1417 2215 1488 ribi

177 1522 471 1615 consertioneque
486 1521 669 1590 radiorum
683 1544 724 1589 ex
738 1519 985 1589 differentibus
1001 1519 1171 1588 interval·
1225 1520 1318 1589 inter
1334 1543 1401 1588 nos
1422 1519 1559 1608 colligit
1576 1544 1660 1589 voce
1682 1532 1717 1588 et
1732 1517 1930 1591 ministerio
1945 1515 2132 1617 Evangelii
2149 1519 2216 1602 sui,

177 1626 221 1696 lis
247 1623 491 1694 dissimiliter
480 1637 574 1692 mter
593 1647 630 1692 se
650 1624 872 1707 collisorum,
897 1635 1003 1714 atque
1013 1622 1085 1691 ab
1074 1645 1170 1690 mer-
1224 1625 1321 1715 quod
1338 1623 1380 1691 ad
1393 1622 1595 1693 societatem
1610 1621 1709 1692 illius
1721 1635 1889 1714 tauquam
1904 1619 1998 1691 cives
2010 1633 2047 1689 et
2055 1622 2215 1693 membra

178 1729 333 1797 cantium
360 1726 465 1795 etiam
491 1739 527 1796 et
559 1727 657 1795 coelo
692 1677 961 1794 adhaeseritium
988 1724 1169 1793 stellarum
1224 1748 1290 1794 nos
1311 1724 1452 1794 vocavit
1474 1738 1509 1794 et
1531 1724 1715 1808 adiunxit,
1746 1724 1843 1816 quod
1859 1721 2040 1791 doctrinae
2055 1721 2215 1806 coelestis

177 1843 300 1900 exortu
317 1843 351 1899 et
364 1828 551 1913 decubrtu
575 1828 753 1898 luminum
769 1827 955 1919 deliquiis,
981 1825 1170 1895 ardoribus
1222 1850 1424 1896 sincerioris
1439 1839 1485 1895 et
1489 1827 1640 1897 altarum
1657 1826 1787 1897 artium
1804 1825 1947 1897 utilium
1958 1824 2104 1901 studia
2093 1848 2133 1892 ιιι
2149 1800 2215 1893 hac

176 1931 400 2022 flagrantium
428 1945 644 2000 cometarum
675 1943 709 1998 et
739 1943 978 1999 meteororum
1011 1929 1170 1997 variante
1223 1925 1413 1998 Academia
1438 1953 1512 1999 non
1532 1917 1617 1999 sinit
1640 1927 1818 2017 extingui,
1850 1927 1944 2020 quod
1962 1940 1996 1999 et
2017 1939 2124 1999 meet
2139 1939 2215 1998 stu

177 2034 399 2114 diversitate,
432 2055 523 2122 quae
541 2033 577 2099 vi
599 2033 763 2124 syderum
779 2031 978 2100 excitantur
993 2043 1028 2100 et
1048 2031 1167 2099 discu-
1223 2033 1280 2099 dia
1315 2055 1410 2116 mea,
1451 2045 1486 2103 et
1511 2044 1656 2101 conatus
1681 2031 1720 2098 in
1747 2030 1909 2100 docendo
1935 2053 1974 2098 ac
2003 2027 2214 2111 medicando
2291 2094 2295 2100 .

174 2139 326 2208 tinntur.
376 2131 473 2202 Haec
488 2156 568 2201 cum
584 2132 950 2212 siutevidentissima,
976 2147 1015 2202 ut
1030 2133 1168 2225 reliqua
1223 2128 1393 2204 hacteuus
1415 2134 1505 2203 rexit
1527 2148 1634 2225 atque
1656 2132 1805 2204 adiuvit.
1843 2126 2107 2225 -Eumquenre
2122 2130 2214 2199 veris

176 2238 354 2313 omittam,
391 2234 609 2304 convincunt
623 2256 704 2303 'non
726 2236 973 2325 negligendam
993 2240 1070 2302 esse
1089 2233 1169 2302 Me·
1222 2249 1256 2304 et
1271 2235 1480 2306 ardentibus
1497 2236 1705 2325 gemitibus,
1727 2233 2077 2324 utdeinceps'etiam
2095 2246 2131 2305 et
2143 2227 2214 2321 hec

175 2339 256 2406 dieo
295 2357 439 2427 prorsus
466 2331 578 2417 hauc,
618 2338 663 2406 de
684 2362 760 2431 qua
797 2337 936 2422 dixisti,
973 2329 1168 2428 μαντικήν.
1214 2337 1469 2427 doctrinarum
1501 2338 1723 2407 domicilium
1763 2349 1924 2416 tueatur,
1965 2346 2001 2405 et
2029 2347 2214 2415 conservet

175 2438 246 2509 Sed
274 2433 474 2508 huiusloei
503 2462 578 2507 uon
609 2433 775 2510 est-haec
800 2439 1167 2533 prolixius-persequi.
1220 2434 1307 2510 haec
1329 2463 1392 2509 sua
1414 2442 1527 2524 dona,
1551 2463 1673 2509 vocem
1683 2435 1872 2528 Evangelii
1889 2437 2150 2527 incorruptam,
2179 2450 2213 2507 et

175 2540 297 2630 Quare
317 2555 351 2610 et
369 2539 568 2610 rationibus
583 2540 742 2625 omissis,
768 2555 802 2611 et
820 2541 1051 2610 autoritatum
1067 2540 1167 2611 testi·
1221 2544 1328 2613 totius
1342 2543 1498 2633 purioris
1509 2535 1762 2633 Philosophiae
1779 2541 1914 2638 studia,
1939 2555 1974 2611 et
1986 2554 2103 2611 totum
2119 2540 2213 2609 ritae

174 2643 326 2723 moniis,
360 2658 394 2714 ct
412 2641 573 2731 longiore
593 2642 827 2734 explicatione
850 2643 1104 2734 praecisa,··ad
1128 2642 1166 2711 id
1222 2668 1334 2730 meae,
1360 2646 1561 2714 studiorum
1576 2670 1618 2715 ac
1631 2643 1910 2733 medicationem
1922 2663 2065 2711 cursum
2082 2641 2214 2730 guber,

174 2770 231 2816 me
248 2759 436 2827 converto,
463 2747 559 2836 quod
576 2746 742 2815 ultimum
761 2747 800 2812 in
817 2739 885 2815 hoc
901 2758 980 2814 actu
998 2759 1166 2835 superest.
1219 2760 1298 2831 net,
1324 2746 1453 2835 dirigat
1476 2761 1510 2816 et
1525 2749 1709 2831 ιοιιιιιιιιι,Ι
1726 2768 1853 2839 meque
1876 2745 1962 2816 velit
1979 2743 2212 2826 essevasmi

265 2846 511 2938 Praecipuum
535 2849 630 2939 quod
646 2848 684 2915 in
707 2842 765 2914 his
780 2848 1023 2935 congressibus
1039 2847 1166 2939 publi·
1215 2849 1428 2918 'sericordiae
1450 2862 1485 2918 et
1505 2873 1677 2939 organum
1704 2849 1881 2932 salutare,
1903 2861 1944 2919 ιιι
1965 2861 2000 2917 et
2023 2845 2092 2936 ipsi
2105 2859 2211 2934 -grats

174 2951 224 3020 cis
239 2949 380 3039 pioru'm
395 2961 429 3018 et
442 2950 628 3018 doctorum
642 2943 827 3017 hominum
840 2962 875 3017 et
890 2950 1046 3018 veritatis
1061 2963 1166 3041 atque
1217 2951 1362 3037 faciam,
1388 2964 1423 3021 et
1444 2952 1579 3042 prosim
1596 2950 1772 3045 multisuin
1795 2973 1923 3038 genere
1934 2942 2095 3031 humano,
2108 2947 2211 3033 utilia

174 3051 386 3122 concordiae
406 3052 602 3122 amantium
625 3051 703 3120 fieri
727 3051 850 3133 debet,
879 3063 933 3119 est
947 3051 1100 3141 precatio
1119 3052 1163 3119 ad
1219 3055 1396 3137 docendo,
1424 3068 1458 3125 et
1473 3069 1587 3126 artem
1600 3055 1774 3124 medicam
1787 3052 1962 3123 foeliciter
1976 3050 2152 3129 faciendo.
2190 3076 2206 3136 't

173 3150 290 3223 Deum
319 3156 447 3222 ardens
477 3177 518 3222 ac
540 3154 649 3239 seria,
682 3166 717 3222 et
735 3152 927 3243 gratiarum
951 3151 1062 3231 actio,
1096 3176 1164 3245 qua
1320 3153 1459 3225 Deinde
1481 3158 1609 3248 gratias
1635 3180 1700 3247 ago
1721 3151 2146 3244 lllustrissimo-Principi
2169 3176 2210 3237 ac

173 3257 398 3326 celebrentur
419 3253 607 3337 beneficia,
640 3257 770 3350 quibus
798 3255 971 3324 divinitus
992 3255 1166 3323 afficimur
1217 3254 1393 3343 Domino,
1416 3254 2116 3347 DominoAugustossleouu-Saxmiae,
2135 3254 2211 3325 Do·

172 3373 207 3430 et
234 3358 469 3429 cumulamur.
532 3356 660 3449 lugens
690 3357 840 3428 omnino
860 3354 928 3426 Dei
952 3358 1163 3427 beneficium
1218 3362 1454 3431 miuouostro
1469 3358 1777 3444 Clementissimo,
1811 3361 1907 3451 quod
1924 3359 1965 3427 in
1978 3353 2209 3442 bonacursus

173 3473 242 3541 est,
277 3463 374 3552 quod
397 3484 472 3533 nou
497 3461 612 3531 solum
637 3462 800 3530 condidit
821 3481 933 3549 genus
955 3455 1164 3543 humanum,
1218 3462 1405 3553 praecipue
1428 3462 1623 3541 incumbit,
1655 3486 1744 3554 quae
1765 3461 1954 3550 praecipua
1971 3460 2009 3528 iu
2028 3460 2210 3549 omnigu-

172 3577 207 3633 et
223 3558 307 3631 huic
321 3564 479 3633 ostendit
492 3578 583 3633 artes
605 3563 820 3653 multiplices
834 3562 928 3631 vitae
942 3560 1164 3647 necessarias,
1217 3564 1427 3633 bernatione
1448 3586 1523 3633 esse
1546 3564 1669 3647 debet,
1701 3575 1742 3631 ut
1761 3561 1859 3633 Dans
1877 3573 1972 3630 recte
1987 3575 2209 3649 ιειιῑιιοθιιιῐ,

172 3664 234 3734 sed
255 3666 352 3756 quod
375 3687 449 3732 sese
472 3666 576 3734 etiam
594 3665 774 3756 patefecit,
800 3688 840 3731 ae
857 3664 985 3734 tradita
1002 3663 1161 3733 doctrina
1217 3679 1251 3736 et
1265 3680 1358 3735 recte
1372 3666 1606 3735 colaturvera
1621 3665 1821 3737 obedientia
1837 3676 1872 3735 et
1885 3686 1967 3733 vera
1980 3662 2209 3747 ,invocatioup

171 3765 408 3835 ministerium
434 3765 609 3848 instituit,
640 3791 711 3857 quo
728 3766 864 3853 colligit
882 3781 1060 3834 aeternam
1079 3762 1163 3834 hae·
1216 3792 1296 3838 cum
1313 3768 1440 3838 fiducia
1453 3769 1588 3840 aeterni
1604 3767 1670 3836 filii
1687 3766 1897 3841 Mediatoris
1910 3761 2208 3855 etRedemptoris

170 3867 356 3936 reditatem
373 3880 517 3936 aeterno
534 3866 626 3951 Filio
643 3865 798 3937 Domino
822 3882 946 3937 nostro
963 3864 1163 3938 lesuChri·
1216 3871 1349 3955 nostri,
1374 3886 1408 3941 et
1418 3870 1484 3941 Dei
1494 3871 1833 3961 gloriaillustretnr
1858 3861 2208 3953 ethominesdoctri·

170 3983 234 4043 sto.
286 3966 1039 4056 singulareverohocDeibeneliciomest,
1064 3972 1160 4062 quod
1215 3999 1282 4054 na,
1307 3974 1493 4065 disciplina
1509 3989 1543 4045 et
1555 3974 1693 4063 legibus
1706 3971 1834 4042 exculti
1849 3983 1884 4041 et
1897 3970 2134 4049 mansuefacti
2144 3970 2208 4059 ad-

168 4073 208 4142 in
225 4065 291 4141 hac
311 4066 430 4140 schola
448 4073 607 4143 restituta
628 4072 708 4141 luce
723 4072 900 4156 veritatis
934 4098 999 4141 nos
1016 4098 1055 4141 ex
1073 4077 1161 4141 den·
1215 4078 1392 4146 ducantur
1406 4078 1449 4146 ad
1466 4075 1604 4157 Deum,
1630 4090 1665 4146 et
1680 4075 1869 4147 assuebant
1882 4074 1935 4143 ad
1945 4071 2033 4141 fidei
2043 4085 2086 4154 et
2102 4071 2207 4163 ineos

169 4198 306 4244 sissima
322 4172 496 4263 caligine
485 4187 702 4245 inveteratae
719 4176 998 4264 superstitionis,
1025 4187 1060 4244 et
1075 4199 1161 4243 con
1214 4179 1384 4262 cationis,
1418 4192 1558 4274 sanctae
1580 4203 1621 4249 ac
1644 4178 1720 4248 Deo
1741 4174 1918 4269 placentis
1933 4169 2152 4257 honestatis
2164 4166 2207 4245 et

168 4277 424 4346 fusissimarum
448 4277 659 4367 opinionum
681 4277 892 4346 errabundis
920 4277 1082 4356 latebris,
1116 4280 1158 4346 ad
1214 4281 1375 4349 omnium
1397 4281 1536 4369 piarum
1561 4280 1735 4352 virtutum
1757 4279 1875 4351 studia
1903 4292 2022 4370 atque?
2017 4275 2206 4363 exercitia,

169 4378 266 4447 illius
281 4379 369 4447 lucis
383 4379 927 4472 conspectumcognitionemque
942 4381 1101 4459 reduxit,
1126 4370 1161 4450 et
1214 4396 1248 4452 et
1270 4396 1311 4452 ut
1333 4378 1417 4452 haec
1441 4377 1573 4453 Schola
1593 4397 1700 4476 atque
1716 4383 1756 4451 in
1778 4392 1818 4453 'ea
1839 4378 2205 4473 optimarumartium

169 4480 326 4548 excitatis
350 4494 456 4571 atque
477 4483 658 4551 instructis
678 4481 815 4551 idoneis
838 4484 1043 4552 custodibus
1068 4476 1160 4550 hanc
1211 4486 1347 4568 studia,
1378 4497 1412 4554 et
1441 4509 1530 4577 quae
1562 4486 1670 4555 semel
1701 4486 1892 4559 constituta
1916 4495 1969 4555 est
1991 4479 2204 4567 docentium
2303 4495 2312 4512 ‘

168 4583 263 4650 fovet
289 4604 329 4649 ac
353 4597 535 4653 conservat
554 4586 593 4653 in
620 4579 684 4652 hac
705 4578 824 4654 schola
848 4598 881 4653 et
899 4584 1064 4675 plurimrs
1081 4585 1169 4652 alus
1213 4611 1404 4667 consensu,
1439 4611 1563 4656 norma
1585 4588 1764 4670 veritatis,
1796 4587 1911 4673 vigeat
1924 4606 1966 4652 ac
1982 4595 2204 4672 propagetur

168 4705 249 4750 cum
265 4675 330 4748 hac
346 4682 566 4769 coniunctis,
592 4699 625 4755 et
645 4682 709 4755 hos
724 4686 868 4756 nidulos
884 4710 967 4757 suae
980 4685 1159 4756 Ecclesiae
1212 4689 1282 4759 Pro
1308 4690 1438 4781 quibus
1461 4690 1641 4760 beneficiis
1671 4702 1769 4761 tauto
1789 4685 1955 4773 Principe
1978 4682 2204 4770 dignissimis,

167 4784 208 4851 in
231 4778 288 4851 his
309 4783 412 4852 terris
433 4799 555 4855 contra
580 4801 632 4856 tot
648 4791 783 4858 advers
785 4790 928 4869 itiones
955 4790 1159 4859 molitiones
1213 4805 1246 4859 et
1268 4815 1332 4880 pro
1353 4791 1524 4881 singulari
1556 4816 1635 4881 erga
1660 4814 1715 4858 me
1740 4787 1925 4859 clementia
1950 4783 2202 4885 gratitudinem
2252 4796 2255 4800 ’

168 4898 203 4954 et
225 4884 481 4976 impetitiones,
521 4900 642 4955 contra
665 4903 738 4958 tam
772 4890 900 4957 manati
895 4905 992 4958 stam
1024 4889 1157 4957 rabiem
1213 4888 1474 4962 illustrissimae
1490 4891 1716 4962 Celsrtudmr
1734 4889 1811 4957 eius
1832 4898 2035 4978 perpetuam
2060 4910 2117 4975 me
2137 4886 2203 4955 de-

168 4981 356 5056 homiuum
372 4983 519 5057 Cainico
542 4989 754 5060 odiouostri
776 4989 972 5058 furentium
990 5002 1159 5059 tueturet
1211 4991 1294 5061 bere
1309 4994 1476 5083 profiteor
1490 5007 1523 5062 et
1539 4992 1790 5080 praestiturum
1803 4990 1984 5080 polliceor
2025 4968 2201 5075 EtIleum

167 5090 330 5180 protegit.
382 5086 1159 5181 HocbeneficionospeculiariterDeoobli-
1211 5118 1293 5178 oro,
1319 5110 1358 5165 ut
1376 5091 1830 5185 etipsumlllustrissimuru
1842 5091 2045 5184 Principem
2058 5070 2201 5181 Electo-

166 5214 291 5281 gamur
305 5192 350 5259 ad
366 5191 558 5281 gratiarum
574 5192 746 5259 actionem
761 5191 1032 5282 sempiternam
1064 5206 1098 5262 et
1112 5196 1156 5261 ad
1211 5219 1285 5264 rem
1309 5212 1343 5267 et
1358 5189 1646 5290 συιιβουλειιιας
1660 5196 1754 5274 eius
1783 5219 1823 5265 ac
1838 5196 1952 5265 socios
1970 5191 2200 5263 consiliorum

166 5294 283 5363 aerius
305 5307 410 5386 atque
431 5295 613 5365 ardentius
634 5292 793 5363 studium
813 5293 992 5365 retinendi
1013 5318 1053 5363 ac
1073 5320 1158 5387 pro·
1210 5311 1245 5368 et
1271 5298 1310 5365 in
1338 5298 1593 5386 gubernatione
1617 5297 1815 5368 Parastatas
1832 5310 1929 5386 regat
1947 5319 1989 5367 ac
2012 5295 2200 5379 custodiat,

164 5396 316 5487 pagandi
345 5397 390 5466 ad
420 5411 578 5488 posteros
606 5397 825 5488 depositum,
856 5419 927 5489 quo
958 5397 1063 5466 nobis
1085 5400 1157 5468 frui
1210 5414 1244 5470 et
1265 5400 1400 5469 tribuat
1420 5394 1476 5469 lus
1489 5403 1592 5473 terris
1609 5403 1798 5473 salutarem
1823 5420 1946 5537 pacem
1960 5411 1995 5479 el
2010 5397 2199 5481 salutarem

164 5499 383 5571 conceditur.
443 5499 652 5591 Agnoscere
671 5521 754 5591 ergo
785 5493 873 5570 haec
895 5500 1083 5589 beneficia,
1122 5515 1156 5574 et
1208 5501 1512 5595 gubernationem
1679 5530 1683 5539 ’
1890 5544 1972 5581 ..aar
2011 5519 2077 5583 ιιι
2164 5562 2169 5572 .
