4748 6022
74 324 77 329 -
165 310 242 382 ω
528 244 778 376 scarum
801 297 886 373 au
921 293 1119 372 vrrau
1149 292 1224 371 ur
1256 292 1496 372 ostrum
1525 296 1827 383 munaum
2125 312 2206 387 ess

168 482 361 575 publice-et
377 474 565 568 privatm,
583 476 681 568 quod
698 496 844 566 precum
858 473 1018 544 studium
1033 472 1073 542 in
1087 467 1156 541 hn-
1207 465 1305 541 hunc
1326 469 1480 541 eundem
1501 471 1567 564 qui
1586 473 1736 548 maritus
1757 474 1857 549 iliius
1876 479 2014 565 fuerat,
2045 494 2079 552 et
2102 481 2201 557 forta

167 583 326 653 minibus
342 578 473 650 nostris
485 577 693 669 augescebat
709 571 777 646 hoc
791 577 968 666 tempore,
991 599 1063 667 quo
1080 598 1157 644 non
1208 583 1284 642 tum
1299 594 1466 662 praesens
1478 575 1618 657 aderat,
1650 572 1808 650 adhunc
1825 579 1936 670 igitur
1948 595 2025 653 tom
2038 583 2118 670 itte,
2144 586 2199 658 sic

113 686 121 749 .’
168 684 322 776 amplius
337 686 376 752 in
389 682 574 772 publicum
591 678 735 772 prodire
751 674 795 747 D.
811 673 1000 769 Philippus
1013 676 1157 766 conspi-
1208 696 1283 743 non
1303 673 1518 768 loquebatur
1536 701 1628 749 uror
1650 692 1712 751 tua
1737 681 1913 771 moriens,
1944 699 1979 758 et
2001 685 2115 757 simul
2130 713 2198 760 ro-

168 784 344 872 ciebatur‚
370 800 405 856 et
419 783 611 854 lectionum
625 805 749 874 operas
763 780 1027 851 intermittebat.
1076 775 1162 848 Hoc
1208 799 1284 845 cem
1318 777 1418 847 illam
1450 771 1560 851 huius
1591 786 1901 870 commemorabat.
1959 783 2079 859 Etiam
2110 789 2199 863 alias

169 889 368 959 enimcum
396 911 471 956 non
493 887 565 955 uisi
590 897 745 955 extrema
766 884 970 953 necessitate
994 892 1156 950 eoactum
1208 900 1312 969 saepe
1325 879 1520 952 testabatur
1538 905 1575 955 se
1599 896 1782 956 matronae
1805 886 1903 960 illius
1923 890 2132 963 munoriam
2155 893 2200 965 iu

169 995 284 1062 iacere
306 1014 386 1061 eum
409 990 557 1067 scirent,
594 1001 628 1056 et
649 984 721 1055 illis
744 986 854 1055 etiam
871 985 998 1055 diebus
1021 982 1158 1073 experti
1209 993 1282 1050 tota
1299 981 1373 1053 vita
1390 1006 1464 1053 nou
1480 987 1793 1079 possedeponere,
1825 987 1979 1084 Propter
1999 993 2108 1064 talem
2127 993 2196 1085 igi-
2246 1015 2250 1024 ·

170 1111 302 1176 essem,
329 1117 370 1162 ex
393 1116 434 1160 eo
450 1093 495 1161 de
510 1088 667 1181 periculo
684 1088 954 1172 aestimabatur,
979 1101 1084 1178 atque
1106 1087 1156 1154 ita
1209 1095 1268 1152 tur
1286 1083 1521 1155 affectionem·
1538 1110 1619 1178 erga
1649 1084 1742 1161 hanc
1761 1113 1862 1163 suam
1884 1094 1963 1165 lieri
1986 1096 2123 1188 potuit,
2153 1111 2199 1169 ut

170 1198 336 1289 precibus
357 1195 468 1281 magis
492 1191 754 1261 intendebatur.
814 1185 923 1278 Quod
944 1189 1056 1276 igitur
1071 1182 1155 1259 lo!-
1208 1206 1273 1274 per
1288 1186 1443 1278 quietem
1460 1189 1566 1261 etiam
1581 1194 1752 1263 memoria
1774 1194 1874 1267 illius
1887 1197 1920 1267 ei
1936 1198 2199 1284 obversaretur,

172 1294 310 1369 chimus
335 1320 374 1365 ea
399 1297 457 1364 die
475 1316 496 1363 a
521 1289 690 1384 Philippo
707 1291 887 1361 discedere
909 1292 1094 1380 cogitaret,
1121 1305 1157 1360 et
1209 1281 1277 1355 hoc
1296 1289 1503 1377 praesertim
1524 1303 1683 1382 tempora
1704 1319 1775 1389 quo
1799 1299 1844 1369 de
1863 1313 1977 1371 morte
1999 1301 2197 1392 plurimum

172 1414 335 1488 aegrotus
351 1396 645 1487 nosterpridiana
661 1395 719 1462 die
733 1407 880 1484 propter
894 1394 1057 1463 febrilem
1073 1416 1156 1483 par·
1208 1388 1401 1477 cogitabat,
1442 1393 1543 1464 euius
1574 1394 1752 1467 foeminae
1782 1413 1818 1471 et
1845 1402 2076 1495 sequentibus
2101 1403 2197 1475 vitae

170 1524 357 1594 oxysmum
394 1523 482 1589 pene
514 1493 609 1566 nihil
643 1496 712 1566 cibi
738 1508 801 1566 aut
817 1510 939 1586 potus
970 1496 1156 1564 assumsis-
1208 1491 1335 1562 diebus
1351 1492 1541 1588 aliquoties
1557 1497 1776 1569 mentionem
1793 1502 1963 1589 faciebat,
1987 1517 2022 1575 et
2037 1504 2106 1575 tuit
2119 1528 2198 1577 nou

171 1620 240 1687 set,
273 1604 511 1693 apparabatur
536 1601 570 1669 ei
600 1599 738 1691 aliquid
767 1598 934 1666 ientaculi
955 1598 1056 1677 loco,
1084 1623 1155 1689 quo
1209 1616 1316 1682 parva
1332 1595 1447 1667 exitus
1467 1596 1654 1693 utriusqus
1677 1600 1888 1676 similitudo.
1939 1603 2065 1677 Postea
2090 1619 2125 1678 et
2150 1608 2199 1679 de

172 1701 373 1775 loachimus
390 1706 623 1781 discessurus,
649 1715 689 1770 ut
709 1715 784 1770 tum
801 1701 1049 1792 constituerat,
1075 1723 1155 1769 cum
1209 1696 1364 1765 carmine
1378 1700 1572 1785 referebat,
1592 1703 1691 1794 quod
1705 1704 1807 1778 tertia
1820 1720 1924 1778 nocte
1939 1720 2020 1779 ante
2034 1708 2197 1779 accinera

172 1809 249 1899 ipso
272 1820 450 1887 uteretur,
486 1829 557 1897 quo
582 1827 663 1873 cum
682 1802 848 1894 pluribus
870 1802 990 1870 cibum
1015 1802 1156 1891 capiens
1208 1797 1276 1869 sibi
1298 1799 1337 1867 in
1359 1801 1607 1873 somniavisus
1629 1805 1760 1877 iuerat:
1809 1806 1996 1880 Desiderio
2012 1810 2197 1883 desidera-

173 1912 316 1979 suavius
333 1922 368 1978 et
385 1909 464 1999 plus
479 1918 680 1978 assumeret.
732 1900 783 1973 At
796 1904 888 1974 illud
909 1904 1020 1992 igitur
1043 1904 1156 1973 ienta-
1208 1899 1244 1967 vi
1261 1913 1326 1972 etc.
1378 1899 1421 1972 ln
1440 1900 1504 1973 illo
1517 1903 1627 1994 igitur
1640 1906 1820 1981 ientaculo
1832 1934 1913 1981 cum
1928 1912 1973 1982 de
1991 1911 2130 1982 iuseulo
2158 1925 2197 1983 et

172 2013 292 2081 culum
324 2022 512 2102 antequam
546 2031 588 2076 ex
620 2028 762 2076 musaeo
796 2008 1043 2086 descenderet,
1073 2031 1155 2075 cum
1208 2000 1288 2070 aliis
1301 2002 1404 2073 valde
1420 2029 1547 2097 parum
1562 2010 1780 2084 assumsisset
1795 2010 1896 2108 (nam
1919 2012 1990 2083 cibi
2002 2014 2112 2084 terme
2134 2014 2196 2082 ni—

169 2115 263 2182 forte
280 2111 489 2180 assedisscnt
504 2109 630 2192 ambo,
656 2105 880 2177 Camerarius
897 2102 1155 2178 etMelanthon
1208 2097 1261 2171 hil
1282 2108 1481 2179 assumebat
1504 2107 1577 2180 illis
1595 2111 1764 2183 omnibus
1785 2115 1903 2185 morbi
1916 2116 2063 2201 diebus,
2086 2127 2123 2185 et
2147 2118 2195 2185 de

172 2238 276 2305 supra
302 2236 503 2296 scamnum,
527 2224 606 2304 'quo
634 2209 835 2303 plerunque
865 2211 1002 2280 solebat
1031 2211 1074 2279 ad
1102 2210 1156 2279 ia·
1207 2218 1295 2295 potu
1316 2207 1462 2299 quidem
1487 2210 1688 2308 modicum)
1708 2226 1785 2285 tum
1805 2215 1913 2306 igitur
1933 2217 2050 2287 subito
2065 2217 2198 2289 debili-

118 2397 120 2401 ·
171 2340 297 2396 nuam,
313 2315 460 2407 reliquis
477 2311 539 2407 qui
555 2311 662 2381 ollicii
679 2335 780 2380 causa
796 2335 934 2402 semper
948 2314 981 2380 ei
994 2314 1155 2393 aderant,
1207 2321 1260 2377 tas
1284 2332 1366 2378 eum
1391 2322 1488 2381 tanta
1507 2316 1718 2405 occupabat,
1751 2317 1857 2388 utin
1882 2341 2066 2389 musaeum
2091 2343 2197 2390 suum

135 2498 148 2512 ⁶
171 2419 289 2511 plures
306 2441 412 2509 quam
429 2438 519 2506 opus
533 2428 607 2483 erat
625 2427 661 2484 et
673 2415 901 2483 commodum
923 2415 1156 2484 circumstan-
1207 2409 1325 2478 redire
1342 2412 1467 2496 vellet,
1492 2426 1527 2483 et
1544 2414 1595 2485 ibi
1611 2416 1650 2485 in
1667 2416 1799 2489 lectulo
1814 2440 1851 2488 se
1867 2421 1912 2489 ad
1925 2419 2080 2512 quietem
2098 2444 2197 2491 com-

171 2523 288 2600 tibus,
305 2533 341 2587 et
356 2520 461 2587 verba
476 2518 601 2584 fierent
616 2516 661 2584 de
676 2514 880 2585 valetudine
895 2529 929 2585 et
943 2516 1013 2585 vita
1032 2517 1155 2607 ipsius,
1208 2526 1372 2601 poneret,
1396 2536 1563 2584 somnum
1581 2531 1786 2609 expectans,
1806 2544 1877 2613 quo
1894 2521 1968 2590 illis
1984 2522 2110 2592 diebus
2123 2524 2197 2592 ler-

170 2638 247 2692 tum
274 2621 382 2709 igitur
404 2617 449 2688 D.
473 2613 662 2709 Philippus
681 2629 852 2712 tanquam
875 2617 1038 2687 ultimam
1059 2620 1155 2687 salu·
1206 2636 1263 2681 me
1286 2614 1362 2684 solo
1388 2614 1550 2687 alebatur
1571 2633 1607 2691 et
1636 2621 1872 2693 recreabatur.
1928 2621 2027 2695 Haec
2056 2632 2123 2696 resl
2144 2624 2194 2697 ita

172 2739 243 2794 tem
274 2718 454 2791 loachimo
483 2721 660 2789 dicturus:
698 2718 756 2788 Mi
787 2717 939 2789 Domine
968 2715 1155 2805 loachime,
1207 2710 1429 2785 loachimum
1461 2721 1727 2807 commovebat,
1759 2736 1801 2794 ut
1834 2725 2025 2796 consilium
2050 2727 2097 2797 de
2120 2726 2196 2797 dis-

122 2879 124 2882 ,
171 2826 329 2904 dicebat,
362 2846 483 2894 sumus
505 2823 576 2891 iam
597 2821 703 2890 amici
724 2823 770 2891 ab
790 2823 893 2892 annis
908 2823 1155 2916 quadraginta,
1206 2838 1306 2886 cessu
1331 2819 1542 2910 deponeret,
1561 2816 1604 2894 'et
1626 2836 1763 2896 mutata
1787 2826 1964 2898 sententia
1987 2827 2050 2900 illo
2071 2829 2132 2899 die
2156 2852 2195 2901 ss

173 2943 208 2997 et
228 2950 311 2995 vera
333 2926 420 3010 fuit,
449 2940 554 3018 atque
575 2937 699 2994 mutua
722 2922 902 2995 internos
923 2926 1087 3010 dilectio,
1113 2950 1155 2996 ex
1206 2913 1292 2989 hinc
1314 2942 1493 3014 nusquam
1527 2940 1778 3004 commovereb
1835 2927 1908 3002 Sed
1936 2928 2120 3022 quiescens
2154 2931 2195 3003 iu

172 3052 242 3124 qua
271 3043 396 3098 neuter
421 3026 707 3120 sibiquicquam
728 3027 919 3120 quaesivit,
951 3028 1155 3119 fuimusque
1205 3021 1337 3093 lectulo
1361 3019 1543 3096 Dominus
1566 3023 1775 3121 Philippus,
1808 3044 1850 3104 ut
1879 3018 2055 3118 diximus,
2084 3035 2195 3125 paulo
2236 3049 2240 3056 ’

171 3135 243 3202 duo
269 3131 414 3223 quidam
430 3129 686 3218 ludimagistri,
715 3130 805 3198 boni
825 3122 1061 3225 renuardum
1088 3152 1152 3198 suo
1206 3136 1285 3214 post
1299 3125 1560 3199 obdormiscere
1576 3131 1692 3221 coepit
1705 3145 1742 3204 et
1750 3133 1951 3219 dormiebat
1966 3132 2029 3205 ille
2043 3148 2119 3205 tum
2134 3158 2195 3207 so·-

171 3236 322 3328 quisque
345 3233 441 3317 loco,
473 3248 507 3304 et
536 3232 676 3301 conlido
703 3231 844 3302 labores
869 3246 1009 3303 nostros
1032 3231 1153 3302 multis
1205 3234 1349 3306 mnum,
1373 3240 1413 3297 ut
1428 3226 1502 3320 ipse
1520 3243 1641 3321 postea
1663 3236 1831 3308 narrabat
1847 3259 2010 3320 suarem,
2034 3237 2097 3309 sed
2119 3238 2195 3328 pri-

169 3337 362 3428 profuisse,
394 3337 490 3428 quod
514 3335 542 3403 si
563 3331 659 3404 Deus
682 3335 730 3403 ita
748 3327 919 3417 voluerit,
945 3348 986 3404 ut
1010 3335 1154 3417 moriar,
1205 3352 1305 3398 mum
1326 3329 1476 3419 supinus
1497 3346 1533 3401 et
1555 3333 1731 3425 palpebris
1752 3339 1845 3409 male
1867 3337 2145 3409 conniventibus
2158 3355 2196 3412 et

170 3438 360 3508 amicitiam
386 3451 544 3508 nostram
566 3437 604 3505 in
627 3436 688 3506 illa
712 3438 821 3507 altera
842 3436 913 3507 vita
935 3437 1153 3506 sanctissime
1205 3430 1316 3499 ferme
1340 3433 1577 3525 semiapertis,
1610 3451 1755 3530 eratque
1776 3439 1924 3509 omnino
1949 3441 2081 3530 speeies
2104 3442 2194 3511 dor-

169 3542 336 3612 colemus.
389 3538 513 3611 Postea
532 3541 575 3608 ad
598 3540 815 3608 ientaculum
833 3539 940 3609 simul
962 3541 1153 3609 descende·
1206 3531 1370 3616 trientis,
1385 3536 1461 3613 ¹suh
1476 3536 1579 3608 initia
1595 3540 1712 3609 somni
1729 3541 1826 3625 illius
1841 3539 2038 3613 tristissima
2058 3555 2097 3613 ut
2113 3543 2194 3634 ple-

169 3659 272 3723 runt,
300 3666 452 3737 cumque
467 3642 686 3712 accubuisset
701 3639 895 3711 Camerarii
910 3665 1059 3732 genero,
1090 3642 1153 3733 qui
1208 3635 1327 3727 risque
1360 3634 1422 3706 illa
1456 3637 1631 3734 lacrymas
1664 3643 1894 3733 exprimeret,
1933 3667 1954 3714 a
1985 3644 2204 3723 donatista,

168 3747 351 3836 coniugem
374 3746 539 3814 amiserat
549 3738 617 3838 ²⁸),
646 3757 680 3812 et
701 3755 776 3812 tum
800 3767 1009 3834 properum
1028 3767 1152 3813 conse·
1205 3751 1323 3808 autern
1346 3751 1515 3832 tanquam
1536 3756 1698 3815 mortuus
1722 3759 1799 3816 tum
1814 3745 2085 3838 deplorabatur,
2110 3771 2193 3819 cum

167 3851 283 3933 derat,
310 3843 394 3916 huic
417 3848 529 3938 igitur
551 3845 707 3924 dicebat,
739 3840 806 3915 hae
828 3858 932 3915 nocte
956 3840 1067 3915 habui
1092 3869 1152 3915 so-
1205 3840 1450 3910 solicitudines
1477 3843 1621 3935 quidem
1645 3861 1877 3937 augerentur,
1907 3847 2103 3933 universis,
2127 3851 2194 3920 sed

166 3951 304 4019 mnium
330 3951 374 4018 de
403 3973 512 4020 uxore
533 3962 592 4016 tua
617 3972 724 4041 quam
748 3942 837 4016 mihi
862 3947 982 4016 videre
1005 3947 1153 4017 videbar
1205 3942 1312 4032 paulo
1326 3956 1406 4032 post
1419 3943 1458 4011 in
1474 3943 1567 4016 latus
1580 3969 1616 4014 se
1631 3962 1840 4021 convertens
1855 3950 1931 4021 sine
1946 3951 2020 4021 ulla
2035 3950 2193 4022 tristiore

166 4051 398 4134 morientem,
424 4046 510 4120 haec
526 4064 688 4119 matrona
704 4073 799 4119 anno
817 4064 851 4120 et
866 4064 998 4142 septem
1019 4050 1153 4118 mensi·-
1205 4043 1320 4135 specie
1344 4046 1560 4127 dormiebat,
1595 4049 1701 4121 etita
1725 4066 1768 4123 ut
1799 4052 2034 4125 animadverti
2063 4066 2193 4146 posset,

43 4172 46 4177 ·
167 4153 234 4221 bus
256 4165 359 4221 antea
379 4150 596 4223 sanctissime
619 4166 757 4222 mortua
773 4154 906 4235 fuerat,
933 4176 1038 4247 quam
1054 4153 1151 4244 quod
1205 4170 1285 4217 eum
1305 4147 1459 4217 suaviter
1480 4149 1648 4221 dormire.
1700 4150 1839 4226 luteres
1864 4149 2062 4225 Ioachimus
2084 4154 2192 4227 etiam

167 4269 257 4324 esset
280 4264 461 4343 praestans
485 4255 631 4344 pietate,
656 4269 690 4324 et
714 4256 813 4323 omni
836 4256 939 4323 laude
962 4254 1152 4325 matronali
1204 4249 1248 4320 ad
1273 4247 1427 4341 quietem
1451 4253 1630 4339 secedere,
1655 4278 1760 4347 quem
1784 4256 1932 4329 minime
1949 4258 2040 4329 bene
2062 4256 2193 4329 affecto

165 4357 342 4438 foemina,
366 4354 469 4422 valde
484 4351 672 4446 Philippus
687 4356 874 4440 dilexerat,
900 4370 934 4425 et
952 4369 1065 4425 morte
1082 4351 1152 4425 bu·
1204 4374 1353 4442 corpore
1367 4364 1403 4423 et
1418 4353 1539 4424 animo
1554 4378 1628 4425 esse
1649 4358 1852 4448 apparebat.
1909 4356 1995 4429 Post
2015 4352 2122 4429 horas
2143 4362 2192 4430 ad

166 4459 222 4528 ius
239 4456 445 4548 gravissime
457 4457 694 4542 alliciebatur,
720 4457 866 4551 piosque
881 4480 1059 4526 sermones
1081 4453 1150 4526 hu·
1203 4453 1395 4522 minimum
1416 4470 1504 4536 tres,
1527 4481 1614 4549 quas
1627 4460 1815 4532 continuas
1828 4457 1874 4533 D.
1889 4455 2080 4552 Philippus
2103 4461 2190 4533 dor-

167 4562 223 4632 ius
247 4560 500 4631 recordabatur
523 4572 563 4656 et
578 4559 796 4642 celebrabat,
827 4581 916 4652 quos
938 4561 1045 4648 paulo
1070 4573 1151 4629 ante
1204 4553 1372 4639 miserat,
1393 4558 1706 4648 expergiscebatur,
1727 4562 1867 4657 sibique
1879 4562 2129 4633 suavissimum
2143 4563 2193 4632 il-

166 4680 316 4735 mortem
341 4687 441 4750 exea
465 4663 660 4734 audiverat.
720 4658 837 4732 Unam
859 4661 1003 4754 quidem
1028 4686 1150 4731 vorem
1203 4659 1278 4727 lum
1301 4679 1466 4728 somnum
1488 4661 1596 4732 luisse
1610 4663 1656 4732 ad
1672 4689 1796 4737 omnes
1813 4666 2025 4750 testabatur,
2050 4678 2086 4735 ct
2106 4688 2192 4736 sane

166 4763 248 4837 huis
270 4790 351 4858 prae
375 4766 519 4836 caeteris
544 4765 785 4858 praedicabat,
812 4765 909 4856 quod
934 4764 974 4831 in
997 4778 1150 4834 extrema
1203 4755 1271 4828 hoc
1291 4759 1341 4830 ita
1363 4776 1539 4833 receatum
1565 4787 1646 4835 eum
1669 4769 1879 4860 apparebat,
1910 4780 1952 4839 ut
1976 4766 2106 4839 rectius
2132 4769 2190 4838 vel

167 4869 348 4938 debilitate
372 4869 500 4939 dixisse
523 4892 619 4953 eam,
644 4866 880 4952 meminisset,
928 4864 1010 4937 Scio
1033 4864 1148 4936 Deum
1203 4862 1322 4933 minus
1344 4862 1467 4935 saltem
1489 4864 1583 4934 male
1604 4868 1721 4939 valere
1738 4870 1938 4952 videretur,
1963 4893 2189 4962 quamprae-

165 4967 256 5040 mihi
276 4971 469 5040 affuturum
494 4995 585 5055 esse,
611 4994 716 5063 quam
738 4993 858 5038 vocem
883 4969 973 5037 tanti
989 4970 1151 5056 faciebat,
1202 4963 1409 5036 cedentibus
1423 4967 1539 5038 morbi
1554 4967 1680 5042 diebus
1698 4972 1884 5046 universis.
1936 4969 2014 5044 Sub
2037 4971 2075 5042 id
2098 4983 2193 5041 tun·-

164 5090 205 5145 ut
228 5098 331 5166 saepe
357 5074 489 5143 diceret
513 5096 549 5140 se
573 5097 635 5162 per
657 5096 798 5141 omnem
817 5072 926 5141 vitam
943 5065 1050 5143 huius
1074 5097 1149 5142 uon
1202 5090 1268 5161 pus
1284 5091 1325 5136 er
1338 5063 1548 5140 Academiae
1567 5086 1707 5143 nostrae
1722 5070 1917 5166 Theologis
1940 5097 2035 5145 unus
2057 5074 2191 5144 disces-

164 5178 327 5247 oblivisci
344 5198 463 5266 posse,
491 5186 524 5241 et
538 5176 693 5265 quodam
711 5189 869 5264 tempora
890 5175 935 5242 ad
952 5175 1151 5246 mentiones
1201 5192 1305 5245 surus
1320 5170 1358 5237 in
1374 5170 1522 5260 patriam
1537 5169 1750 5245 Chersonesi
1762 5175 1993 5272 Cymbrieae,
2018 5176 2063 5249 D,
2078 5174 2190 5247 Prae-

165 5279 340 5368 domagtis
367 5278 412 5345 de
434 5274 656 5346 dubitatione
679 5298 725 5343 an
747 5276 857 5346 simus
879 5277 917 5345 in
941 5278 1074 5365 gratia,
1105 5280 1149 5347 ad
1202 5271 1334 5362 cepturi
1349 5272 1498 5343 salutem
1513 5276 1605 5345 dixit
1622 5277 1805 5362 ultimam,
1829 5305 1935 5374 quem
1955 5272 2191 5349 honorifices

159 5431 387 5445 ...-..-....
1202 5396 1239 5443 se
1259 5373 1464 5455 dimittens,
1498 5377 1610 5446 libros
1633 5378 1667 5447 ei
1694 5380 1802 5453 dabat
1836 5396 1913 5455 tum
1936 5404 2058 5453 recens
2088 5384 2189 5474 apud

199 5503 243 5570 ts)
257 5501 308 5555 Ed.
318 5506 341 5556 1.
359 5501 463 5555 amau.
1202 5497 1268 5545 nos
1282 5473 1414 5562 editos,
1438 5477 1485 5546 ad
1497 5474 1632 5569 Regem
1649 5483 1893 5572 perferendos,
1917 5496 1953 5555 ct
1971 5506 2027 5570 se,
2050 5508 2134 5555 eum
2148 5483 2190 5553 in
