4748 6022
106 383 177 455 101
271 375 728 468 EPISTOLARU-M,
768 371 1144 455 lUDlClORUM
1176 370 1251 449 ΕΤ
1285 324 1685 457 SCRll’TORUM
1734 382 1970 467 manv,
2067 396 2140 468 102

102 547 365 640 grammatices,
399 549 489 621 alter
504 573 586 619 non
609 560 716 623 tenet.
782 545 891 637 Quod
913 546 943 617 si
969 547 1018 617 ita
1038 567 1095 613 res
1118 542 1123 577 ¹
1146 557 1309 613 catarum
1342 557 1455 615 totum
1486 567 1596 635 genus
1625 542 1820 622 humanum
1851 557 1895 624 ad
1921 558 2138 647 agnitionem

105 649 234 733 habet,
266 651 370 721 alteri
390 651 571 744 oportebit
595 651 749 744 proponi
771 663 954 742 praecepta
979 672 1097 739 gram
1144 643 1212 739 Dei
1235 661 1269 716 et
1292 647 1460 731 salutem,
1497 651 1751 740 propagatione
1776 654 1862 746 legis
1889 658 1983 730 inter
2002 677 2134 751 gentes.

103 753 250 824 matites
272 753 467 828 ediscenda.
520 751 617 824 Haec
642 754 805 825 recitabit
819 774 923 821 manc
936 765 1095 822 anteme-
1144 743 1263 817 Huius
1286 749 1375 818 tanti
1395 749 1513 855 operis
1536 752 1658 819 ducem
1673 755 1921 831 existimabant
1936 763 2012 832 fore
2027 761 2137 836 Chri·

104 855 264 940 ridiana,
305 868 427 948 postea
468 869 620 947 exponet
660 870 819 928 autorem
862 853 1095 947 propositum.
1144 863 1238 918 stum
1272 862 1306 919 et
1335 872 1400 941 per
1423 845 1615 940 Apostolos
1637 856 1920 929 constituendam
1943 886 2018 933 esse
2043 862 2135 938 banc

104 956 538 1051 Alterquigrammatices
555 957 688 1048 peritus
702 960 806 1028 etiam
825 970 977 1048 exponet
992 966 1095 1025 auto·
1144 951 1315 1041 optimam
1340 951 1501 1042 politiam
1524 967 1598 1024 toto
1619 956 1705 1028 orbe
1728 973 1912 1033 terrarum.
1963 963 2055 1035 Cum
2079 966 2134 1039 his

105 1081 203 1143 rem,
222 1059 281 1127 sed
300 1056 340 1126 io
357 1059 571 1128 declinando
587 1058 621 1131 et
639 1061 861 1150 coniugando
880 1069 1094 1139 exerceatur,
1144 1047 1311 1121 humanis
1333 1074 1374 1150 ac
1396 1053 1549 1143 politicis
1566 1056 1796 1148 opinionibus
1810 1076 1944 1134 mentes
1961 1067 2134 1155 plurimo-

105 1183 153 1227 ne
176 1159 420 1243 obliviscatur,
449 1160 521 1229 nisi
543 1162 634 1233 forte
656 1173 752 1232 tanta
777 1161 937 1231 doctrina
961 1172 1030 1242 est,
1054 1168 1094 1224 nt
1144 1177 1223 1224 rnrn
1247 1147 1437 1260 fascinatas
1454 1169 1587 1236 essent,
1612 1155 1764 1244 Paulus,
1790 1178 1830 1233 ut
1845 1159 1908 1233 bas
1922 1170 2083 1239 tenebras
2100 1188 2134 1243 et

103 1282 249 1351 prorsus
278 1260 347 1330 ista
375 1262 506 1353 puerili
533 1262 782 1332 exercitatione
802 1257 896 1330 nibil
917 1283 1007 1350 opus
1030 1253 1093 1326 ha·
1143 1248 1236 1325 hanc
1264 1242 1653 1360 callgine'rn.;depellat,
1685 1266 1859 1350 ostendit,
1897 1267 2002 1358 longe
2035 1272 2133 1342 aliud

101 1362 196 1433 beat.
258 1358 499 1433 Grammatico
519 1376 758 1456 proponatur,
788 1387 895 1457 quam
919 1363 1018 1453 prius
1042 1351 1092 1455 [i]
1143 1379 1217 1426 esse
1243 1379 1376 1427 munus
1405 1353 1819 1468 p'rofrpiosbliberatoris,
1851 1391 1957 1460 quam
1989 1374 2131 1462 politiae

102 1461 294 1532 audierunt
317 1487 546 1558 quaecunque
572 1481 636 1539 est.
695 1461 851 1536 Antores
872 1474 1093 1546 enarrantur,
1142 1452 1659 1545 humanaeconstitutiiniemt'2
1675 1462 1756 1558 Non
1772 1467 1918 1536 missum
1936 1495 2010 1542 osse
2023 1470 2131 1545 Chri-

102 1562 382 1657 quamprimum
395 1559 608 1648 Terentius,
634 1590 739 1660 quem
755 1567 929 1658 ediscant;
956 1565 1016 1634 sed
1033 1586 1093 1631 ca·
1141 1574 1258 1645 stum,
1281 1575 1322 1632 ut
1336 1561 1393 1630 lex
1407 1561 1500 1630 inter
1513 1557 1714 1669 gentisptro'
1734 1572 1870 1674 agetur,
1895 1583 1936 1641 ut
1950 1596 2042 1644 nova
2060 1573 2132 1645 lm-

100 1666 258 1734 vendum
273 1679 337 1751 est,
363 1691 409 1736 ne
423 1683 618 1739 onerentur
631 1668 795 1751 nimium.
829 1660 987 1738 satiem
1002 1688 1092 1758 quo·
1141 1658 1233 1752 perii
1254 1663 1370 1730 forma
1389 1664 1643 1749 constituatur3
1676 1690 1694 1733 r
1731 1664 1946 1768 'nque'ndam
1972 1699 2048 1744 eam
2067 1700 2131 1747 cu-

101 1765 189 1836 tidie
213 1768 334 1836 decem
351 1765 512 1839 Terentii
534 1794 655 1840 versus
676 1771 842 1842 ediscere.
894 1765 935 1837 Si
958 1779 1093 1835 norunt
1141 1784 1217 1832 ram
1234 1786 1308 1832 esse
1318 1759 1497 1851 Regibus,
1521 1765 1585 1858 qui
1600 1779 1722 1838 tenent
1737 1767 2131 1873 imperiiglseddatum

102 1865 315 1939 Terentium
341 1884 456 1961 potest
481 1871 635 1963 proponi
662 1871 834 1941 aulularia
860 1849 1003 1938 Plauti.
1058 1862 1090 1934 Α
1141 1885 1215 1932 esse
1231 1860 1366 1933 Filium
1379 1861 1466 1951 Dei,
1490 1878 1531 1936 ut
1551 1890 1591 1936 re
1610 1868 1684 1959 ipse
1708 1871 1809 1940 tollat
1826 1868 2132 1976 peciittnin'fpla-

101 1968 255 2061 prandio
297 1985 510 2049 enarrentur
546 1973 660 2067 aliqui
700 1994 822 2042 versus
856 1969 1016 2060 Virgilii,
1058 1979 1092 2035 et
1140 1978 1216 2034 cata
1233 1964 1286 2034 ira
1302 1962 1420 2037 Deiet
1436 1983 1605 2052 mortem,
1639 1993 1679 2039 ac
1694 1974 1955 2064 reddatgcneri
1974 1967 2160 2067 bannitis..

101 2070 264 2139 tradatur
295 2071 345 2140 eis
370 2070 536 2165 Syntaxis
565 2096 671 2165 quam
703 2064 778 2141 uon
812 2070 987 2152 ediscant,
1021 2067 1091 2134 nisi
1140 2077 1346 2155 perpetuam
1379 2067 1555 2137 iusticiam
1589 2082 1625 2139 et
1655 2072 1781 2156 vitam,
1816 2100 1922 2166 quam
1953 2075 2011 2149 bic
2046 2070 2135 2153 voce'

101 2171 203 2265 prius
221 2173 471 2266 etymologiam
486 2174 690 2242 memoriter
701 2171 906 2243 didicerint.
947 2168 989 2238 ln
1005 2188 1112 2261 con-X
1142 2161 1328 2255 Evangelii
1343 2180 1378 2235 et
1391 2169 1474 2237 dato
1491 2166 1628 2260 Spiritu
1645 2185 1765 2242 sancto
1782 2169 1943 2245 inchoari
1959 2195 2131 2270 oporteat.

101 2274 275 2344 struendo
298 2287 514 2366 quaerantur
533 2274 694 2363 regulae,
717 2296 826 2367 quare
843 2271 906 2341 illa
919 2270 1032 2341 oratio
1047 2267 1092 2338 sit
1141 2263 1239 2335 llaec
1263 2279 1314 2335 est
1336 2269 1509 2337 sententia
1532 2271 1825 2359 promissionum,
1859 2300 1949 2368 quae
1971 2283 2131 2369 patribus

103 2396 272 2467 congrua,
300 2386 365 2447 etc.
393 2373 497 2458 item,
526 2375 608 2467 quis
627 2375 673 2446 sit
694 2377 783 2445 ordo
799 2372 971 2443 orationis
984 2387 1017 2441 et
1035 2371 1091 2439 di·
1142 2368 1244 2438 datae
1263 2382 1366 2449 sont,
1390 2381 1425 2439 et
1446 2370 1682 2454 concionum,
1707 2374 1855 2465 quaein
1874 2375 2132 2471 prophetissa.

101 2476 273 2548 ctionum.
325 2471 526 2565 Apra'ndio
543 2476 690 2566 singulis
706 2473 928 2546 hebdomatis
946 2475 1004 2543 die
1022 2471 1092 2539 Ve-
1141 2481 1235 2539 stant
1259 2468 1303 2537 de
1326 2463 1481 2541 Christo.
1533 2468 1634 2541 Sicut
1651 2467 1775 2545 Esaias
1798 2477 1890 2547 clare
1910 2498 2010 2553 vocat
2023 2481 2131 2555 Chri-

102 2576 205 2645 neris
223 2588 264 2667 ‘et
287 2572 433 2648 Saturni
457 2577 687 2668 interpretare
713 2576 877 2669 epistolas
896 2573 1091 2657 Ciceronis,
1142 2583 1235 2639 stum
1254 2583 1389 2659 patrem
1405 2584 1571 2642 aeternae
1584 2573 1690 2657 vitae,
1714 2589 1748 2645 et
1764 2575 1928 2649 leremias
1944 2584 2012 2671 ait,
2037 2587 2130 2663 Sau-

103 2677 168 2747 sed
184 2674 360 2766 eligendae
374 2692 458 2751 sunt
471 2679 646 2749 faciliores
659 2692 694 2749 et
708 2677 950 2750 iucundiores.
975 2674 1090 2745 Puero
1141 2684 1238 2742 ctum
1253 2672 1403 2741 Domini
1426 2696 1500 2742 non
1522 2674 1696 2747 evellatur
1715 2677 1753 2744 in
1776 2691 1969 2751 aeternum.
2023 2684 2068 2760 Et
2090 2692 2130 2758 in

102 2762 315 2868 imperitiori
330 2781 511 2871 prodesset
527 2804 726 2872 proponere
739 2778 922 2851 Catonem.
966 2775 1091 2845 Postea
1142 2767 1233 2844 Ossa
1257 2774 1406 2845 dicituro
1436 2769 1510 2843 Ero
1528 2799 1625 2844 mors
1638 2791 1698 2847 tua
1716 2802 1738 2847 o
1755 2777 1876 2867 Mors,
1909 2808 1968 2855 cco
1992 2811 2131 2862 morsus
2185 2822 2189 2829 ·

103 2879 240 2972 aliquid
257 2903 298 2949 ex
314 2881 502 2975 colloquiis
517 2878 667 2953 Erasmi.
693 2877 856 2952 Omnino
873 2879 991 2949 omnis
1008 2900 1092 2948 cura
1141 2889 1225 2945 tuus
1245 2871 1397 2949 lnferne.
1450 2873 1548 2945 llaec
1569 2900 1644 2946 non
1663 2881 1708 2948 de
1727 2879 1938 2953 liberatione
1956 2888 2052 2958 civili
2069 2909 2132 2964 aut

103 2982 306 3050 conferatur
328 2982 367 3050 in
390 2978 476 3068 boc,
501 2998 541 3053 ut
561 2985 713 3075 perfecte
736 2983 873 3053 discant
888 2979 1092 3075 grammati-
1142 2977 1186 3046 de
1211 2974 1374 3068 Imperiis
1397 2976 1583 3064 dicuntur,
1614 2982 1675 3049 sed
1697 2982 1741 3052 de
1762 2983 1869 3053 rebus
1891 2992 2059 3078 aeternis,
2086 2997 2130 3064 de

103 3104 200 3162 carn,
228 3083 324 3175 quod
342 3084 415 3152 fere
429 3084 615 3175 negligunt
630 3094 882 3178 praeceptores.
933 3081 1092 3170 Singulis
1142 3092 1282 3169 peccato
1300 3092 1335 3149 et
1350 3079 1403 3148 ira
1418 3075 1504 3163 Dei,
1531 3080 1575 3149 de
1589 3103 1681 3150 nova
1700 3097 1733 3152 et
1747 3086 1891 3177 propria
1910 3089 2005 3176 luce,
2027 3094 2131 3164 iusti-

101 3178 325 3253 hebdomatis
356 3209 444 3276 puer
474 3187 649 3257 eruditior
674 3188 729 3257 bis
753 3188 884 3258 scribat
908 3181 1090 3276 epistolas3
1141 3180 1195 3250 cia
1209 3194 1244 3250 et
1256 3180 1328 3250 vita
1341 3179 1381 3248 in
1397 3179 1454 3264 iis,
1477 3180 1539 3274 qui
1553 3176 1688 3252 Christi
1702 3187 1923 3276 evangelium
1939 3194 2131 3286 accipiunt.
2155 3202 2161 3217 '

102 3284 254 3355 alterum
271 3287 378 3356 semel
391 3289 544 3359 scribere
559 3290 715 3359 fortassis
729 3289 813 3360 satis
831 3289 908 3360 erit.
960 3284 1092 3358 Assue-
1141 3280 1211 3353 Sed
1229 3304 1271 3352 eo
1288 3295 1425 3352 mentes
1438 3275 1614 3352 humanae
1630 3309 1705 3354 non
1719 3301 1813 3358 recte
1827 3290 2033 3384 intelligunt
2046 3323 2133 3388 pro-

102 3386 257 3456 faciendi
271 3400 355 3469 sunt
369 3390 569 3461 etiamtum
585 3391 767 3463 videbitur
783 3403 1020 3483 oportunum,
1046 3389 1089 3457 ad
1141 3382 1327 3474 missiones
1347 3397 1382 3453 et
1406 3406 1537 3453 novam
1561 3382 1756 3473 Iustitiam,
1788 3391 1871 3483 quia
1897 3418 1972 3464 non
1996 3418 2132 3471 norunt

102 3509 225 3559 versus
240 3487 432 3567 faciendos,
1140 3497 1339 3575 peccatum,
1365 3506 1436 3554 nec
1457 3486 1581 3554 vident
1606 3488 1696 3555 iram
1710 3485 1796 3573 Dei,
1828 3496 1889 3560 sed
1909 3498 2131 3572 arbitrantur

1141 3605 1216 3652 esse
1242 3583 1333 3653 levia
1356 3583 1449 3651 mala
1471 3595 1505 3652 et
1526 3584 1606 3652 tolli
1629 3608 1729 3674 posse
1750 3582 1907 3660 humana
1931 3596 2132 3690 disciplina,

110 3730 1088 3775 W
1141 3678 1211 3753 hoc
1234 3671 1285 3754 est
1305 3683 1444 3753 iusticia
1464 3683 1562 3772 legis.
1611 3682 1770 3778 Deinde,
1796 3714 1876 3760 curn
1893 3695 2044 3769 intanta
2060 3704 2131 3772 im-

1140 3782 1334 3856 becillitate
1361 3779 1549 3854 hominum
1578 3787 1681 3876 pauci
1715 3788 1891 3861 iusticiam
1921 3797 2007 3887 legis
2028 3826 2133 3894 prae.

102 3882 168 3969 No.
185 3863 299 3969 7096.
449 3940 454 3949 -
940 3934 992 3947 -
1016 3934 1068 3947 -
1141 3898 1253 3968 stent,
1295 3886 1345 3958 sic
1376 3886 1600 3957 admirantur
1618 3889 1730 3979 legem
1754 3904 1790 3960 et
1815 3894 2059 3990 disciplinam,
2091 3923 2133 3981 ue

111 3986 283 4022 Μ
932 3992 1080 4017 ““””·’
1140 3988 1331 4059 amentiam
1347 4001 1381 4058 et
1396 3988 1488 4058 vitae
1502 3990 1694 4080 perniciem
1710 4012 1784 4064 ease
1799 3991 1975 4082 iudicent,
2003 4007 2048 4076 de
2062 4008 2133 4080 alia

234 4104 331 4216 (De
361 4104 536 4190 Messio
561 4106 744 4216 eiusque
772 4103 954 4214 regam)
1139 4090 1279 4161 iusticia
1293 4090 1508 4191 concionari,
1533 4103 1596 4162 aut
1611 4092 1811 4165 latefactare
1827 4120 1956 4171 nervos
1972 4107 2132 4201 discipli.

1139 4214 1218 4266 nae.
1262 4189 1336 4262 Nec
1348 4213 1433 4261 vero
1446 4190 1676 4264 inficiandum
1691 4211 1760 4281 est,
1783 4221 1858 4269 rem
1874 4203 2024 4294 bonam,
2048 4213 2131 4305 pul.

171 4283 194 4354 †
211 4281 352 4361 1119061·
365 4280 395 4334 111
408 4280 470 4337 eod.
485 4280 602 4396 szml·
621 4301 650 4354 t·
665 4280 735 4352 11οη
753 4281 916 4354 amanum
931 4272 947 4337 5¹
961 4281 1005 4338 ⁰¹·
1020 4280 1091 4336 3111·
1139 4287 1260 4363 chtam
1269 4306 1309 4369 ,et
1320 4292 1580 4383 suspiciendam
1594 4316 1669 4364 csse
1683 4298 1917 4390 disciplinam,
1936 4311 1996 4378 sed
2010 4323 2131 4383 tamen

203 4353 284 4406 111111·
1137 4394 1201 4464 ills
1223 4416 1306 4464 non·
1319 4407 1403 4466 sunt
1424 4394 1653 4487 adfingenda,
1675 4399 1805 4488 placari
1829 4404 1918 4473 iram
1938 4405 2025 4493 Dei,
2050 4416 2131 4486 tolli

105 4525 231 4624 Quare
249 4518 420 4595 Masius
438 4522 643 4622 promus
664 4520 820 4596 lum-s
842 4533 874 4595 α
898 4520 1090 4612 681,ίῶηῆ
1137 4508 1338 4615 peccatum,
1382 4497 1582 4588 recuperari
1620 4498 1731 4569 vitam
1768 4516 1948 4576 aeternam
1987 4513 2128 4589 iusticia

106 4640 139 4700 ct
164 4651 258 4728 qnae
281 4625 333 4699 sit
358 4626 537 4697 sementia
563 4621 701 4697 harum
722 4624 1008 4724 promissionum
1028 4625 1089 4699 De
1137 4597 1282 4768 ¹⁸9⁸·1d
1341 4693 1376 4768 Ε
1487 4698 1513 4768 l.
1590 4701 1614 4770 d
1673 4701 1698 4769 ι,
1761 4702 1773 4770 l
1852 4705 1862 4723 .
1908 4726 1912 4733 .
2095 4720 2106 4735 ,

1284 4720 1326 4767 eo
1375 4719 1487 4788 vange
1501 4722 1575 4770 rum
1617 4723 1636 4769 e
1652 4723 1671 4769 a
1688 4725 1720 4771 ra
1735 4717 1934 4806 pacatione
1950 4724 1986 4783 et
1999 4715 2046 4783 de
2059 4718 2129 4789 alra

241 4752 335 4802 nm
349 4752 464 4917 nexo·
480 4738 541 4799 m·
562 4724 759 4918 secunda?
774 4723 951 4803 paam
1138 4799 1277 4871 iusticia
1306 4800 1539 4871 concionatur
1569 4814 1605 4871 et
1630 4802 1740 4872 vitam
1764 4818 1943 4880 aeternam
1970 4812 2128 4892 inchoat,

372 4842 411 4918 P
448 4845 496 4924 ἰ’
522 4843 710 4919 Mam
754 4872 821 4920 Μ’
1137 4901 1191 4975 De
1213 4895 1269 4971 his
1291 4902 1428 4971 arcanis
1449 4903 1572 4985 rebus,
1597 4914 1638 4971 ut
1649 4903 1775 4977 doceat
1786 4903 1920 4982 Paulus
1932 4909 2129 4990 Ecclesiam

103 4994 230 5079 ludaei
266 5000 543 5095 pertinacissime
582 5003 843 5075 contendebant
883 5027 957 5073 non
990 5026 1090 5095 posse
1138 5016 1174 5074 et
1195 5002 1326 5073 refutet
1350 5024 1487 5072 errores
1510 4999 1688 5090 Iudaicos,
1726 5009 1835 5082 tradit
1859 5012 2057 5086 doctrinam
2082 5022 2127 5092 de

104 5105 239 5178 aboleri
260 5106 393 5194 legem,
410 5103 523 5199 ¹tarnis
544 5100 725 5173 miraculis
745 5127 764 5173 a
780 5100 856 5176 Deo
874 5104 1039 5176 traditam
1056 5119 1091 5178 et
1138 5117 1301 5197 peccato,
1325 5103 1370 5172 de
1384 5104 1470 5193 lege,
1492 5104 1540 5173 de
1552 5101 1690 5179 iusticia
1704 5106 1798 5196 fidei,
1822 5113 1937 5184 aliena
1954 5119 2129 5210 asapien-

50 5216 54 5221 '
107 5209 308 5293 defensam,
339 5228 405 5275 nec
430 5217 592 5296 poterant
613 5202 829 5292 intelligere,
861 5205 934 5275 ulla
957 5204 995 5276 re
1021 5207 1090 5278 alia
1140 5207 1189 5278 tia
1206 5198 1383 5290 humana3
1414 5217 1520 5296 negat
1533 5222 1731 5297 peccatum,
1758 5211 1847 5282 iram
1864 5212 1952 5300 Dei,
1977 5234 2128 5294 mortam

107 5312 218 5383 iustos
231 5331 305 5379 esse
318 5300 493 5392 homines,
511 5306 580 5375 nisi
594 5301 660 5375 hac
676 5300 911 5396 pulcherrima
922 5310 1091 5379 obedien·
1139 5307 1219 5378 tolli
1242 5301 1398 5376 humana
1422 5306 1621 5400 disciplina.
1672 5309 1782 5403 Negat
1799 5307 1961 5386 homines
1975 5319 2043 5412 legi
2059 5322 2129 5395 Dei
2201 5340 2203 5345 ·

107 5413 176 5496 tia,
202 5408 573 5503 1111111111101101111·
624 5404 779 5502 Ideoque
794 5411 1008 5501 promissum
1021 5412 1091 5483 sal·
1140 5409 1355 5494 satisfacere,
1379 5430 1461 5480 cum
1484 5412 1643 5503 oppressi
1665 5427 1806 5505 peccato
1829 5409 1996 5492 haerente
2009 5425 2049 5494 in
2064 5451 2129 5497 na-

107 5529 266 5584 vatoram
289 5509 476 5602 praecipue
498 5509 763 5625 arbitrabantur
778 5506 847 5585 boe
863 5515 970 5585 modo
986 5536 1092 5585 revo-
1139 5526 1219 5585 tura
1240 5524 1426 5603 perpetuas
1448 5513 1609 5682 tencbpa:
1629 5527 1663 5584 et
1685 5517 1945 5591 contumaciam
1961 5526 2131 5600 adversus
