4748 6022
214 342 265 441 es
389 292 865 417 rte-rsroutnuu,
889 312 1257 397 ruorcronuu
1288 322 1364 400 rr
1396 326 1790 404 susurronum
1840 297 1950 409 mu.
1975 250 2073 412 xrr.
2189 335 2242 409 44

215 509 365 583 colenda
380 519 449 585 est,
473 494 633 596 ἡδονήν,
661 492 833 571 παιδείαν
849 508 884 566 et
898 487 1101 588 κάθαρσιν.
1128 493 1204 564 Nec
1247 500 1345 569 bono
1373 500 1493 569 animo
1520 523 1612 585 esse,
1643 517 1678 572 et
1710 502 1863 593 cogitare
1888 518 2022 596 quanto
2045 506 2126 596 plus
2150 507 2237 577 boni

209 628 270 684 -est
288 610 499 688 absurdum,
524 606 619 697 qoud
636 604 850 690 voluptatem
867 598 960 667 inter
974 597 1061 665 lines
1080 618 1205 664 recen·
1226 572 1353 694 iquam
1371 602 1455 671 moli
1473 596 1599 672 habeat
1616 601 1681 673 ista
1692 616 1753 674 tua
1772 583 1906 694 privata
1924 606 2007 691 vita,
2031 606 2152 699 inqua
2170 609 2236 679 tibi

217 726 282 786 set.
342 708 465 776 Voluit
489 708 581 776 enim
605 701 702 772 Deus
723 702 860 792 aliquas
883 721 956 767 esse
979 692 1143 765 honestas
1170 707 1205 764 et
1247 702 1357 771 latere
1383 726 1586 773 concessum
1609 717 1680 788 est,
1715 729 1779 774 nec
1803 701 2016 777 abstraheris
2032 708 2075 774 ad
2097 709 2236 796 publiea
2319 728 2322 735 ’

215 834 341 885 suaves
363 808 635 888 oblectationes,
665 806 704 871 in
726 803 855 895 quibus
877 814 1002 870 natura
1016 796 1203 884 defatigata
1249 803 1416 888 consilia,
1442 828 1532 897 quae
1553 805 1628 892 ,egi
1651 829 1835 897 nunquam
1861 821 1959 876 tama
1982 830 2065 877 cura
2087 822 2148 877 am
2168 809 2238 878 fide

216 913 423 1008 acquiescat.
448 910 586 980 Deinde
601 900 773 977 παιδείαν
787 914 897 984 vocat,
922 900 1016 985 quod
1034 897 1204 982 studium,
1250 916 1418 995 possunt,
1450 906 1537 998 quin
1554 906 1692 998 aliquid
1707 906 1875 992 afferant,
1900 911 1999 999 quod
2014 921 2138 978 noceat
2152 932 2239 978 con-

216 1032 258 1087 ut
282 1013 429 1093 dicitur,
454 1011 527 1078 abit
549 1009 586 1076 {¹¹
613 1031 737 1077 mores·
788 1001 899 1074 Fiunt
915 1001 1102 1071 dulcedine
1117 996 1204 1067 Mu·
1251 1006 1429 1078 scientiae.
1469 1004 1541 1074 *Nil
1564 1006 1660 1075 enim
1681 1008 1889 1095 flagitiosius
1911 1023 1963 1078 est
1983 1008 2160 1102 plerisque
2175 1010 2237 1102 qui

216 1119 306 1186 sices
338 1113 496 1182 mitiores
528 1122 564 1179 et
595 1109 696 1200 quasi
721 1105 896 1174 dulciores
922 1102 990 1194 ipsi
1016 1095 1203 1170 homiuum
1251 1120 1486 1195 corrumpunt
1514 1107 1666 1176 aliorum
1688 1131 1773 1178 sana
1795 1109 1954 1183 consilia.
2013 1107 2133 1198 Quare
2155 1133 2238 1179 cum

217 1216 341 1302 animi,
360 1227 401 1283 ut
413 1204 583 1307 Orpheus
599 1210 729 1277 dicitur
746 1207 836 1274 seras
849 1204 1035 1298 sylvasque
1049 1201 1203 1274 traxisse.
1251 1209 1476 1277 incommoda
1492 1222 1671 1299 ,uppupas’
1691 1206 1759 1279 boc
1777 1212 2000 1280 commodum
2016 1234 2238 1303 opponamus

217 1316 455 1389 Detestandus
475 1326 526 1383 est
549 1311 657 1400 igitur
680 1309 852 1378 barbarus
873 1305 934 1373 ille
950 1305 1011 1397 qui
1031 1302 1202 1386 dixit,'se
1252 1310 1419 1378 omnibu,
1439 1302 1726 1395 difficultatibus,
1760 1312 1855 1402 qnod
1881 1326 2053 1405 quantum
2077 1313 2140 1395 sit,
2174 1335 2238 1402 ego

217 1415 440 1490 hinnientem
458 1418 587 1507 equum
602 1411 725 1481 audire
739 1409 862 1488 malle,
889 1428 994 1497 quam
1009 1403 1201 1473 cantilenas
1253 1409 1323 1478 iam
1343 1431 1410 1480 um
1432 1410 1565 1500 peritus
1588 1413 1719 1502 mim
1740 1412 1876 1496 diem,
1907 1414 1936 1482 ,ἱ
1960 1386 2047 1505 qu‘pd
2073 1413 2237 1484 dubitare

217 1542 353 1592 summa
370 1532 444 1585 arte
457 1527 492 1584 et
507 1515 679 1584 suavitate
695 1512 812 1581 lactas.
847 1499 1201 1596 Koidopuwvocavit
1251 1525 1287 1580 te
1319 1511 1564 1584 existimarem,
1629 1511 1768 1582 Amabo
1803 1526 1855 1597 te,
1893 1514 1943 1583 mi
1967 1507 2228 1584 Banopomw

216 1619 425 1694 Aristoteles
454 1617 570 1703 magni
597 1613 731 1682 doloris
752 1625 812 1678 aut
836 1609 988 1678 aliorum
1012 1605 1200 1673 affectuum
1252 1635 1331 1681 οη,
1346 1636 1409 1703 pm
1424 1612 1567 1704 publico
1581 1625 1692 1697 mm,
1718 1636 1843 1706 meque
1857 1637 1962 1688 ames.
2013 1612 2110 1684 Bene
2124 1569 2239 1691 vates

215 1722 323 1793 nimis
339 1714 599 1788 vehementium
617 1712 883 1799 mitigationem.
932 1705 1083 1777 Erudite
1106 1699 1201 1785 haec,

217 1837 259 1895 ut
279 1846 299 1893 a
323 1821 399 1889 viro
421 1819 642 1897 doctissimo,
668 1813 855 1883 distributa
876 1823 976 1893 sunt3
1010 1807 1071 1876 scd
1091 1806 1201 1874 adda-

217 1947 296 1994 mus
319 1943 384 1991 uos
404 1914 500 1989 hunc
515 1919 640 1996 finem,
675 1927 714 1984 ut
730 1926 835 1984 cantu
851 1903 1103 2001 comprehensa
1118 1928 1201 1974 vera

216 2029 262 2096 de
279 2021 355 2093 Deo
371 2021 531 2092 doctrina
547 2031 776 2110 propagetur,
800 2025 1044 2093 conservetur,
1069 2021 1104 2076 et
1126 2029 1203 2074 ma-

216 2127 293 2196 iore
307 2136 406 2192 motu
422 2123 461 2189 in
476 2121 613 2189 animos
626 2116 847 2186 audientium
861 2113 1039 2183 illabatur.
1063 2105 1202 2179 Deinde

218 2251 259 2297 ex
280 2225 366 2314 ipsis
388 2222 544 2290 numeris
565 2234 600 2290 et
622 2213 817 2286 harmoniis
839 2215 1047 2302 cogitemus,
1085 2198 1211 2278 Deum

99 2339 101 2343 ’
216 2349 334 2398 amare
354 2325 515 2392 ordinem
537 2334 571 2391 et
592 2318 858 2410 congruentiam
882 2316 919 2383 iu
946 2312 1046 2384 omni
1075 2310 1202 2380 officio.

90 2454 97 2469 ·
209 2425 438 2500 ’Βείοοῑεηιιιτ
458 2423 561 2493 etiam
586 2422 659 2511 ipsa
683 2419 870 2498 suavitate,
901 2439 981 2493 cum
996 2411 1094 2483 Deus
1117 2409 1203 2476 velit

218 2528 318 2623 quasi
339 2522 406 2595 bac
426 2523 601 2592 ambrosia
619 2518 764 2588 deliniri
784 2517 931 2584 animos.
984 2511 1103 2580 Tuum
1119 2531 1202 2575 vero

218 2630 394 2709 studium,
430 2630 545 2705 Iuste,
568 2620 795 2707 'magnopere
826 2614 959 2708 probo,
990 2608 1202 2703 praesertim

159 2814 163 2819 ,
218 2731 313 2825 quod
345 2725 513 2794 musicam
542 2724 587 2791 acl
613 2720 795 2791 doctrinae
819 2717 957 2786 colestis
980 2710 1203 2805 propagatio·
1273 2728 1280 2738 ·

217 2855 300 2901 nem
316 2826 574 2907 accommodas3
601 2824 695 2915 quod
714 2819 935 2912 quifaciunt,
960 2815 1051 2884 bene
1065 2834 1203 2879 meren-

218 2946 278 3002 tur
294 2931 337 2998 de
351 2924 506 2996 Ecclesia
522 2922 609 3012 Dei,
637 2924 732 3016 quod
749 2923 856 2990 decus
870 2916 1021 2986 maxime
1037 2926 1203 3003 appeten-

219 3034 304 3103 dum
322 3027 608 3099 cstbouisviris.
661 3022 862 3092 Benevale.
910 3015 985 3090 Cal.
1001 3015 1102 3087 Maii.

232 3272 354 3287 m

217 3382 287 3513 Db.
305 3433 416 3506 7032.

227 3529 397 3559 m

496 3633 658 3719 Barth.
689 3629 934 3717 Schultess.

287 3816 371 3887 spru,
391 3811 439 3867 us.
452 3809 484 3866 u.
503 3828 530 3881 p.
542 3807 602 3862 us.
621 3792 673 3875 (ea
692 3804 778 3860 sona.
797 3804 844 3859 us.
858 3802 891 3858 u.
909 3817 953 3872 ep.
966 3802 1046 3872 soc).

374 3980 430 4057 D.
452 3974 785 4064 Burlolomaeo
810 3968 1060 4044 Schollsro
1100 4000 1104 4007 ¹
1163 4019 1169 4031 .

225 4123 274 4215 S.
299 4135 344 4208 D.
402 4133 592 4224 Nunquam
621 4127 781 4198 dubitavi
808 4127 851 4194 de
879 4138 937 4196 lua
964 4126 1147 4196 voluntate
1172 4149 1213 4195 ac
1283 4183 1290 4198 .

226 4236 442 4330 gratitudine
476 4256 555 4321 erga
590 4254 662 4312 me,
701 4222 962 4297 Barlolomaee
995 4228 1211 4299 suavissime.

225 4339 309 4412 Fuit
326 4354 442 4408 tamen
456 4330 547 4402 mibi
561 4330 755 4422 gratissima
771 4328 830 4397 illa
850 4341 908 4400 tua
925 4329 1212 4399 commemoratio

227 4440 416 4533 perscripta
439 4436 478 4504 in
504 4434 625 4505 literis.
683 4425 782 4500 Nihil
807 4432 901 4498 euim
924 4426 980 4498 bis
1007 4429 1213 4498 miserrimis

227 4541 446 4631 temporibus
471 4551 575 4627 atque
606 4532 923 4602 aerumnosissimis
946 4526 1058 4600 babeo
1083 4533 1213 4612 solatii,

227 4658 365 4736 praeter
382 4641 433 4712 tui
451 4639 640 4720 similium,
667 4630 734 4703 boc
752 4647 823 4716 est,
854 4632 1032 4701 bonorum
1053 4656 1215 4725 quorun·

227 4749 310 4817 dam
335 4743 492 4812 virorum
517 4738 651 4822 officia,
676 4759 766 4828 quae
786 4758 905 4804 meum
930 4733 1213 4822 inexplicabilem

163 4880 172 4920 ·,
229 4847 389 4917 dolorem
412 4842 529 4932 aliqua
555 4864 595 4909 ex
620 4852 718 4929 parte
739 4837 859 4905 levant
881 4858 920 4904 ac
936 4834 1085 4904 leniunt.
1136 4830 1214 4903 Etsi

229 4963 269 5020 tu
285 4947 427 5041 quidem
443 4942 609 5010 beneficia
628 4964 705 5009 mea
721 4938 900 5030 praedicas
916 4936 1081 5006 laudibus
1097 4935 1215 5006 omni-

229 5074 278 5121 no
292 5045 498 5123 maioribus,
525 5065 630 5135 quam
643 5043 886 5124 merebantur;
913 5033 1006 5107 nihil
1018 5036 1113 5106 enim
1128 5060 1215 5105 con-

230 5151 296 5223 tuli
311 5151 375 5219 tibi
389 5161 525 5238 praeter
540 5142 696 5230 vulgaria
709 5140 839 5210 officio:
866 5141 1013 5210 delectat
1028 5162 1083 5206 me
1098 5153 1215 5207 tamen

229 5253 371 5323 animus
386 5264 467 5320 tuus
482 5260 552 5315 tam
568 5242 740 5313 candidus
757 5254 790 5309 et
804 5241 972 5314 liberalis.
1021 5237 1076 5310 Dc
1090 5262 1216 5329 genere

219 5352 323 5422 sitae
338 5353 375 5420 in
390 5375 462 5444 quo
477 5345 644 5426 versaris,
671 5342 808 5412 etiamsi
823 5365 909 5434 quas
924 5336 1031 5410 babes
1046 5340 1216 5410 domesti-

230 5478 289 5531 cas
313 5454 410 5569 inre
435 5448 600 5520 familiari
624 5444 863 5516 difficultates:
906 5454 1022 5511 tamen
1050 5442 1156 5511 velim
1181 5454 1216 5511 te

1809 1851 1957 1867 ...ΡΨ-Ὠ
1967 1852 2050 1866 ’,ιιι
2056 1853 2238 1867 ,οισι-κισ·-

1264 2002 1332 2077 Νο.
1345 1984 1471 2080 ross*

1263 2102 1473 2140 Μ

2074 2026 2132 2087 ll.
2153 2015 2225 2082 Oct.

1973 2142 1975 2146 ,
2063 2107 2234 2140 Ἢν

1515 2207 1688 2295 Bened.
1711 2208 1977 2296 Schummm.

1321 2363 1359 2416 Er
1373 2361 1531 2436 apographo
1542 2363 1609 2443 cod.
1622 2362 1721 2422 Barsri
1739 2382 1767 2434 p.
1778 2363 1840 2418 679.
1855 2384 1930 2422 nunc
1945 2365 2066 2437 primum
2082 2365 2160 2422 edita.

1253 2509 1574 2585 D.Benediclo
1599 2510 1869 2585 Schamann
1896 2512 2040 2589 docenti
2064 2516 2240 2617 Evange-

1255 2611 1347 2685 lium
1381 2611 1463 2684 Dei
1498 2615 1537 2685 in
1572 2611 1722 2686 Sals'nis
1755 2612 1975 2701 saxonicis,
2018 2622 2137 2693 antico
2173 2648 2240 2694 suo
2269 2598 2271 2603 ,

1681 2740 1810 2793 carsss.

1255 2853 1302 2939 S·
1329 2865 1374 2937 D.
1425 2866 1579 2939 Partitus
1600 2892 1678 2940 sum
1701 2892 1809 2938 onera
1831 2870 2069 2943 iuvandorum
2086 2877 2239 2949 duorum

1256 2969 1418 3055 exulum,
1450 2970 1512 3065 qui
1533 2969 1720 3041 exSaliuis
1741 2972 1786 3039 ad
1810 2989 2072 3048 nosveueranl.
2124 2977 2241 3050 Alteri

1255 3073 1350 3141 euim
1382 3069 1456 3160 ipse
1481 3071 1622 3142 interim
1647 3072 1766 3142 cibum
1786 3074 1887 3153 dedi,
1926 3071 2088 3169 (uxorem
2115 3079 2185 3149 sibi
2211 3085 2241 3152 is

1256 3170 1430 3266 quaesivit
1446 3194 1510 3242 suo
1527 3168 1704 3267 consilio).
1737 3173 1900 3244 Alterum
1916 3177 1960 3244 ad
1977 3189 2011 3246 te
2029 3179 2118 3265 ruisi,
2144 3185 2241 3274 quod

1257 3296 1333 3343 non
1356 3295 1450 3341 eram
1471 3274 1645 3358 facturus,
1679 3273 1708 3343 si
1732 3273 1891 3359 scissem,
1923 3278 1990 3347 tibi
2021 3279 2098 3349 fore
2127 3285 2240 3359 oneri.

1258 3374 1327 3446 Sed
1343 3373 1391 3442 ita
1408 3386 1470 3447 est.
1521 3370 1639 3445 Etiam
1656 3399 1732 3443 non
1747 3376 1889 3446 alebant
1904 3372 2080 3470 principes
2101 3377 2240 3454 lsradli·

1258 3475 1319 3546 tici
1340 3488 1400 3543 aut
1417 3473 1577 3560 Sidonii,
1605 3478 1666 3544 sed
1686 3476 1821 3546 misella
1848 3477 1956 3548 vidua
1980 3480 2018 3547 in
2036 3484 2239 3556 suburbano

1258 3577 1378 3669 aliquo
1393 3574 1635 3647 Sidoniorum.
1686 3576 1792 3646 Tales
1812 3579 1885 3647 fere
1906 3595 1988 3651 sunt
2002 3583 2241 3678 eleemosynae
2352 3612 2358 3621 ·

1259 3674 1446 3749 Ecclesiae.
1496 3674 1569 3745 Nec
1584 3674 1715 3746 Lasaro
1729 3680 1827 3748 dives
1840 3681 1977 3751 vicinus
1991 3683 2242 3775 opitulabatur,

1259 3777 1321 3847 sed
1337 3777 1426 3868 stipe
1440 3801 1460 3846 a
1477 3778 1691 3868 pauperibus
1706 3780 1971 3852 collatamisere
1986 3784 2185 3874 iurabatur,
2210 3806 2244 3862 et

1260 3879 1449 3949 curabatur
1468 3903 1488 3948 a
1510 3881 1667 3951 canibus.
1724 3878 1822 3951 Scias
1844 3897 1980 3965 autem,
2013 3910 2071 3955 me
2094 3893 2243 3978 probare

1260 3980 1442 4069 ingenium
1464 3980 1518 4050 tui
1537 3981 1778 4067 conterranei‚
1803 3996 1838 4051 et
1852 4007 1957 4075 quam
1973 3987 2128 4075 primum
2144 4005 2244 4079 pote.

1259 4081 1371 4149 rimus
1389 4104 1468 4148 eum
1483 4080 1669 4171 praeficere
1690 4081 1796 4150 alicui
1811 4077 2010 4168 Ecclesiae,
2035 4081 2244 4162 habebimus

1261 4204 1336 4251 erus
1351 4181 1536 4254 rationem.
1573 4177 1682 4266 Deus,
1709 4196 1807 4272 pater
1820 4183 2019 4256 liberatoris
2034 4191 2146 4258 nostri
2164 4188 2241 4262 lesu

1259 4278 1344 4355 Chr.
1353 4275 1409 4375 ⁴³),
1444 4296 1482 4352 ut
1499 4279 1672 4353 Ecclesias
1695 4297 1834 4354 nostras
1854 4298 1969 4376 regat,
1995 4301 2030 4359 et
2043 4289 2162 4361 fideles
2177 4315 2241 4383 gu·

1259 4386 1464 4454 bernatores
1485 4409 1524 4453 ac
1538 4382 1708 4454 Doctores
1728 4402 1863 4470 servet,
1896 4412 1966 4481 quo
1990 4393 2030 4458 iu
2046 4415 2194 4464 numero
2209 4410 2243 4465 tc

1261 4507 1402 4578 quoque
1421 4496 1597 4556 recenseo.
1631 4483 1801 4560 Ascendit
1817 4484 1997 4572 Christus,
2018 4507 2058 4562 ut
2075 4494 2134 4562 det
2150 4497 2243 4565 dona

1260 4581 1483 4669 homiuibus,
1512 4585 1675 4656 videlicet
1697 4587 1775 4678 pios
1798 4590 1971 4665 doctores.
2022 4591 2097 4664 Hos
2114 4609 2154 4664 ut
2170 4598 2243 4686 ipse

1260 4700 1400 4759 tueatur
1416 4699 1489 4755 toto
1507 4699 1647 4778 pectore
1661 4701 1756 4779 opto.
1791 4688 1888 4760 Bene
1902 4693 1992 4779 vale,
2021 4697 2079 4765 11.
2096 4691 2244 4767 Octobr.
2368 4680 2372 4687 ¹

1261 4789 1419 4860 Salutem
1436 4800 1520 4878 opto
1533 4785 1578 4863 D.
1591 4783 1769 4863 Emerico.

2063 4890 2197 4972 PbM.

1271 5015 1480 5043 ..Α-...κιαι

1294 5116 1324 5185 ¹l)
1344 5113 1485 5170 Omissum
1498 5120 1540 5165 est
1552 5110 1596 5167 bic
1608 5108 1721 5184 aliquid.
