4748 6022
241 235 319 318 019

242 409 346 484 Sicut
362 423 514 477 annoso
530 388 654 471 sitiens
671 390 710 464 io
724 381 853 462 littore'
863 379 1013 473 concha,
1170 486 1174 493 1

296 508 456 600 Quando
471 525 575 594 snum
592 499 748 591 primum
768 491 839 560 Ver
855 490 964 561 modo
977 504 1116 582 ternpus
1131 486 1219 580 agite

239 610 420 686 ,sicciora
437 605 527 678 coeli
545 601 740 675 stillantem
755 591 902 665 cauline
919 614 1049 676 rorem,

300 711 474 802 Pinguior
489 718 530 777 ut
546 706 606 775 liat
619 698 823 779 fertilitate,
848 692 952 785 petit:

248 814 332 909 Quo
349 819 440 884 bene
455 831 553 881 nnnc
565 799 694 874 hausto
709 797 822 892 (quod
840 810 875 865 et
887 808 940 864 est
953 790 1118 863 mirabile
1129 789 1245 889 dictu)

301 918 456 991 Gemma
468 906 633 982 salutaris
651 901 821 972 cordibus
836 897 921 966 inde
933 894 1052 965 veuit:
1129 936 1131 940 >

130 992 141 1001 .
248 1018 348 1094 llaec
363 1031 483 1089 tamen
500 1012 540 1080 in
555 1004 692 1096 magnis
706 999 911 1093 generosior
928 1012 1003 1070 acta
1019 993 1196 1090 procellis,

303 1119 344 1192 si
359 1118 467 1187 modo
482 1113 564 1207 post
576 1130 693 1179 rorem
708 1104 811 1174 turba
832 1114 1020 1193 sequatur,
1045 1097 1129 1170 erit:

251 1223 368 1294 Parva
383 1211 618 1307 redemptoris
632 1209 682 1278 sic
697 1221 749 1277 est
761 1195 920 1281 Ecclesia
934 1195 1083 1285 Christi,

304 1323 428 1394 Donec
443 1319 482 1388 in
498 1312 565 1385 hac
580 1309 708 1381 mundi
724 1305 929 1377 colluvione
943 1303 1040 1375 latet.

253 1425 402 1518 Appetit
418 1445 437 1490 e
453 1417 553 1490 coelo
570 1410 755 1484 coelestiac
769 1409 953 1496 dogmata,
976 1427 1107 1483 rorem,

307 1523 478 1614 Dogmata
493 1516 647 1587 viventis
664 1511 792 1583 tradita
811 1532 895 1579 voce
910 1502 987 1579 Dei.

254 1629 334 1701 lloc
348 1627 399 1696 sic
413 1633 561 1695 attracto
577 1613 720 1688 sitiendi
737 1611 775 1681 in
790 1624 932 1703 pectore
947 1631 1041 1693 rore,
1141 1705 1165 1726 ..

305 1727 472 1799 Nascitur
488 1723 599 1814 inque
611 1716 739 1786 animis
751 1719 833 1783 mori
852 1734 945 1780 nova
961 1731 1098 1799 gemma
1116 1728 1196 1802 pus.

255 1831 400 1905 Scilicet
415 1823 549 1917 agnitio
568 1842 650 1889 vero
666 1820 710 1886 de
725 1814 872 1885 nomine
889 1835 1006 1896 verae,

308 1930 470 2022 Cumque
484 1924 550 1997 Dei
565 1920 676 2010 surgit
690 1919 790 1988 firma
805 1916 934 1987 timore
950 1913 1048 1984 fiaes

256 2031 405 2106 Aeterni
423 2027 563 2098 bonitas
577 2039 663 2094 tunc
680 2022 719 2091 ur
730 2029 917 2108 conspecta
929 2015 1097 2106 parentis,

309 2134 465 2223 Quando
483 2129 552 2197 lide
565 2137 687 2218 pertus
704 2119 811 2190 sentit
824 2120 949 2190 adesse
962 2109 1089 2215 λόγον.

256 2236 354 2309 llaec
370 2237 429 2305 lux
445 2248 550 2324 atque
567 2228 654 2297 fides
671 2225 766 2296 inter
784 2219 977 2293 certamina
991 2216 1129 2301 crescit,

297 2336 401 2408 *Cum
419 2333 506 2428 petit
520 2326 693 2401 auxilium
710 2324 862 2394 maxime
874 2315 1017 2392 Christe
1034 2333 1148 2417 terrim.

257 2438 355 2510 llaec
372 2459 514 2532 quoque
530 2430 674 2502 contriti
689 2424 806 2498 cordis
822 2427 902 2496 data
917 2445 1054 2513 gemma
1071 2416 1201 2498 dolori,

312 2538 426 2612 Unica
441 2537 599 2608 solamen
615 2533 712 2623 quod
730 2527 945 2610 medicatur,
973 2517 1091 2596 habet.

259 2641 419 2712 Praestat
437 2653 470 2707 et
485 2648 647 2707 aeternae
665 2627 847 2699 verissima
863 2624 991 2715 gaudia
1007 2623 1114 2722 vitae,

314 2742 456 2814 Gaudia
473 2759 563 2831 quae
579 2735 679 2803 nullo
694 2743 779 2801 sunt
799 2727 972 2797 moritura
986 2725 1057 2798 die.

261 2840 340 2916 Has
354 2854 498 2935 propter
511 2858 631 2905 carrsas
647 2834 691 2902 ad
707 2852 882 2923 gemmam
901 2828 1065 2916 dogmata
1081 2823 1188 2917 pacis,

315 2945 430 3016 Filius
446 2937 579 3009 aeterni
596 2946 776 3024 comparat
794 2931 866 3024 ipse
884 2928 959 3001 Dei.
1113 3023 1123 3043 ⁶

262 3046 360 3138 Ergo
375 3044 478 3116 bonis
494 3035 623 3110 studiis
640 3039 766 3112 decus,
793 3026 1017 3103 ornatissime
1032 3025 1161 3109 David,

316 3150 391 3238 Qui
409 3145 539 3212 Vatum
560 3140 686 3208 merito
704 3137 833 3224 dignus
850 3157 885 3202 es
901 3155 962 3201 ore
978 3129 1074 3199 cani:

263 3248 356 3324 Cum
374 3264 432 3317 tua
450 3241 671 3332 Margaridos
684 3237 840 3306 coniunx
854 3231 1067 3327 pulcerrima
1081 3253 1225 3310 nomen,

316 3347 451 3422 Omine
469 3359 539 3414 tam
555 3344 660 3412 rebus
678 3337 911 3409 conveniente
927 3345 1040 3424 gerat:

267 3452 322 3528 Te
339 3456 436 3521 decet
456 3443 523 3515 hoc
540 3445 616 3536 ipso
632 3439 756 3511 laetari
772 3439 919 3508 nomine
934 3456 1096 3526 sponsae,

318 3554 425 3645 Quod
442 3561 565 3618 monet
578 3560 620 3616 ut
632 3538 768 3615 Christi
784 3543 948 3631 dogmata
964 3560 1106 3630 semper
1123 3556 1228 3604 ames.

267 3723 1260 3764 Μ

373 4059 454 4130 Apud
475 4054 604 4111 Vicerat.
623 4069 651 4124 p.
667 4049 714 4104 l0l
731 4065 772 4120 sq.

324 4223 370 4290 ln
394 4220 599 4311 imaginem
623 4203 814 4282 Muurs'cr‘s'
837 4206 960 4278 nocta
979 4207 1075 4279 Suu.
1096 4207 1211 4281 aare.

551 4321 660 4402 (ttort.
681 4320 711 4381 d.
729 4318 781 4379 ll.
796 4312 857 4383 lut.
873 4314 983 4393 1553.)

273 4453 409 4530 Omnia
425 4468 508 4524 sunt
522 4450 709 4521 hominum
725 4447 823 4518 tenui
840 4447 1030 4538 pendentia
1046 4447 1118 4529 filo,

327 4557 371 4630 Et
388 4558 508 4627 subito
525 4578 607 4626 casu
623 4574 713 4646 quae
725 4549 867 4618 valuere
880 4563 1000 4622 ruunt.

273 4659 319 4734 Ut
340 4662 429 4753 perit
448 4660 486 4729 in
503 4659 618 4749 primo
635 4653 772 4724 Pelides
790 4651 877 4719 llore
892 4649 1068 4732 iuventae,
1092 4744 1095 4753 ,

325 4759 483 4840 Pvrrhus
499 4775 533 4833 et
548 4757 616 4830 hoc
629 4761 707 4848 ipso
722 4757 766 4824 de
782 4751 941 4844 genitore
953 4766 1061 4826 satus.

276 4852 328 4935 lle
345 4842 450 4935 hsiae
465 4865 621 4933 domitor
642 4858 829 4928 Maredum
844 4855 889 4927 de
905 4854 1014 4947 stirpe
1031 4868 1179 4939 creatus,

326 4964 375 5036 Et
390 4967 449 5059 qni
467 4951 680 5054 Burgunalas
696 4957 847 5030 Carolus
860 4957 958 5028 auxit
972 4979 1071 5048 opes:

275 5067 334 5139 Sic
351 5070 425 5167 iarn
438 5067 650 5137 Mauricium
676 5061 828 5131 nimium
852 5060 1078 5153 properantia
1094 5059 1165 5135 iata

230 5188 241 5199 '
326 5170 501 5242 Saxoniae
519 5169 623 5240 terris
638 5165 800 5258 eripuere
816 5158 964 5234 Ducem.

276 5272 348 5362 Qui
367 5271 493 5341 Gallos
508 5271 541 5341 T
543 5290 716 5359 sacrosque
731 5265 827 5335 ieros
843 5265 973 5335 virtute
986 5263 1165 5356 repressit,

329 5373 481 5444 Militiae
499 5385 680 5465 praestans
693 5366 830 5437 artibus
843 5381 948 5460 atque
961 5379 1074 5458 togae.

948 206 1285 307 [CARlleUM
1331 210 1441 291 uu
1464 207 1549 292 nt.

1294 383 1366 479 liic
1379 389 1488 475 modo
1502 410 1584 461 enm
1602 384 1752 482 patriam
1768 386 1870 462 iouis
1881 387 2089 466 delmderu
2099 390 2233 480 armis,

1347 487 1583 586 Fudissetque
1601 487 1719 562 hostes
1733 490 1927 565 auxiliante
1940 485 2032 567 Deo

1296 587 1439 664 Fraude
1452 594 1581 684 globus
1595 593 1725 667 missus
1741 595 1910 666 victorem
1926 596 2110 680 sulnrru,
2134 594 2222 669 inde

1347 692 1434 768 Post
1449 719 1603 788 pugnam
1616 697 1709 766 vitae
1726 718 1801 767 non
1820 721 1918 767 mora
1935 697 2041 790 longa
2056 697 2138 771 luit.
2289 758 2302 768 .

1296 790 1561 868 Commendans
1574 797 1731 869 animam
1747 801 1807 870 sed
1817 793 1985 887 Christo,
2009 800 2156 873 exordis
2173 799 2269 876 vitae

1347 895 1476 970 Haurit
1489 898 1649 973 coelestis
1666 924 1740 969 non
1754 896 1941 973 dubitante
1953 902 2037 994 liele.

1298 993 1363 1070 Est
1378 999 1512 1091 fragilis
1528 1012 1655 1070 natura
1676 995 1885 1088 honrinum,
1910 1005 1972 1074 sed
1988 1005 2137 1076 reddere
2155 1006 2251 1080 vitae

1349 1099 1491 1172 Gaudia
1508 1102 1586 1174 vult
1599 1098 1764 1176 Christus
1781 1127 1855 1175 non
1869 1106 2042 1178 moritura
2060 1107 2142 1201 piis.

2123 1543 2173 1589 sa.
2198 1522 2298 1590 1653.

2118 1612 2294 1644 Q&

1368 1704 1450 1776 Apud
1464 1704 1593 1760 vincent.
1608 1701 1708 1776 pile.
1743 1703 1830 1765 Cori.
1848 1704 1913 1762 Vol.
1927 1701 2004 1765 Vlll.
2018 1728 2044 1784 p.
2057 1711 2121 1772 2⁸5.

1303 1853 1550 1952 Epitaphium
1578 1863 1765 1954 seriptum
1798 1865 1990 1963 Georgia
2023 1871 2194 1969 Principe·
2217 1877 2301 1949 Au·

1301 1959 1467 2061 butino,
1493 1962 1710 2054 Praeposito
1718 1963 2030 2066 magdeburgensi
2043 1981 2082 2044 et
2095 1976 2299 2069 Misuesaes',

1299 2064 1362 2157 ple
1379 2060 1604 2156 placideque
1626 2067 1708 2135 uita
1731 2062 1916 2161 defuncto
1935 2067 1991 2147 l&
2005 2074 2083 2148 (lul.
2097 2077 2210 2151 Deci.
2229 2102 2300 2157 ess.

1306 2163 1427 2255 ¹5⁵8,
1462 2185 1547 2236 Μ
1566 2167 1905 2356 νωθκιὴῖξοιῗ»
1936 2194 2056 2249 me
2073 2175 2121 2271 ἱ,
2149 2179 2232 2255 diu
2252 2181 2300 2273 a,

1305 2415 1484 2511 Principis
1499 2413 1650 2491 Ascania
1665 2420 1742 2494 nati
1755 2421 1801 2494 de
1814 2422 1923 2518 stirpe
1936 2424 2107 2519 Georgii,

1357 2519 1474 2608 Quem
1488 2519 1605 2611 cernis
1617 2524 1777 2594 tumulus
1793 2530 1975 2617 proximus
1988 2553 2068 2602 ossa
2088 2536 2185 2625 tegit.

1305 2619 1399 2690 llnic
1416 2621 1483 2690 luit
1498 2615 1670 2708 lienestus
1686 2624 1845 2715 genitor,
1874 2628 1939 2721 qui
1953 2631 2051 2722 pacis
2064 2658 2187 2708 amore

1330 2801 1336 2810 ‚
1356 2719 1560 2794 Promeruit
1575 2747 1618 2816 pa
1726 2729 1835 2799 totins
1847 2753 1921 2802 esse
1936 2745 2049 2822 pater.

1307 2820 1436 2896 Matris
1452 2836 1526 2894 erat
1540 2840 1633 2897 easta
1713 2830 2013 2922 onsterbergensis
2027 2834 2146 2926 origo,

1359 2924 1505 2997 Sincera
1520 2928 1634 2998 eolrrit
1647 2953 1739 3024 qnae
1753 2932 1880 3022 pietate
1895 2931 2024 3011 Deum.

1310 3022 1481 3098 decaniae
1497 3030 1611 3118 gentis
1627 3031 1739 3101 virtus
1754 3049 1807 3106 est
1821 3035 1914 3106 clara
1932 3034 2140 3131 triumphis,

1360 3123 1502 3199 Ordine
1516 3150 1606 3222 quos
1620 3149 1808 3204 numerant
1824 3137 1938 3208 secula
1955 3139 2058 3229 longa
2076 3136 2228 3234 patrum.

1310 3228 1378 3300 Sed
1397 3229 1463 3302 luit
1481 3224 1565 3301 huic
1580 3233 1695 3304 fontes
1709 3237 1892 3308 doctrinae
1908 3239 2044 3313 dissere
2057 3266 2163 3331 eura,

1362 3331 1479 3419 Quam
1497 3335 1600 3403 nobis
1617 3349 1743 3426 gnatus
1760 3340 1908 3410 tradidit
1921 3341 1996 3434 ipse
2010 3341 2091 3418 Dei.

1310 3431 1389 3502 Hoc
1406 3435 1449 3502 ad
1467 3432 1642 3505 maiorum
1660 3439 1766 3510 decus
1779 3441 1918 3512 addidit
1932 3444 2063 3541 inclyta
2081 3448 2192 3536 lacta,

1361 3531 1531 3606 Praebuit
1546 3552 1580 3609 et
1596 3540 1729 3632 patriae
1744 3547 1927 3613 commoda
1942 3568 2067 3636 magna
2083 3571 2178 3625 suae·

1311 3631 1444 3706 Esdraa
1460 3660 1521 3706 seu
1535 3644 1715 3732 quondam
1733 3646 1865 3734 populo
1883 3647 1937 3715 ius
1952 3648 2062 3736 dixit,
2095 3665 2129 3724 et
2145 3653 2244 3725 idem

1366 3737 1542 3830 interpres
1557 3740 1702 3838 Solyma
1718 3744 1806 3835 legis
1821 3747 1860 3815 in
1875 3749 1965 3818 urhe
1977 3750 2057 3825 luit.

1312 3839 1492 3932 Principis
1506 3837 1565 3911 hic
1579 3868 1712 3913 murreus
1725 3847 1831 3917 simul
1847 3864 1881 3921 et
1899 3847 2053 3924 Pastoris
2067 3855 2200 3945 obivit,

1367 3940 1480 4032 lpsius
1495 3963 1648 4016 mentem
1667 3947 1805 4019 renitet
1822 3976 1882 4020 ora
1899 3949 2006 4024 Dauus.

1315 4042 1537 4138 lustilicaque
1553 4048 1622 4118 lide
1635 4047 1777 4140 capiens
1791 4065 1850 4121 tua
1868 4078 2014 4127 uramara
2028 4053 2189 4148 Christe,

1365 4144 1486 4216 Solius
1502 4162 1554 4220 est
1569 4149 1671 4222 euius
1687 4165 1785 4241 parta
1804 4177 1929 4225 miore
1944 4157 2050 4232 salus.

1317 4246 1409 4318 Vera
1426 4248 1503 4317 luce
1519 4250 1633 4324 Deum
1648 4255 1794 4342 agnovit
1810 4258 2044 4354 precibusque
2059 4264 2217 4352 vocavit,
2237 4298 2239 4303 >

1367 4349 1583 4424 Numinibus
1600 4353 1691 4423 lictis
1707 4379 1806 4441 mens
1822 4357 1964 4430 inimica
1982 4362 2061 4438 luit.

1314 4451 1388 4523 Nec
1404 4453 1574 4523 virtutum
1589 4458 1734 4527 umbras
1747 4454 1889 4545 babuit,
1915 4463 1976 4534 sed
1991 4480 2131 4556 pectora
2147 4473 2240 4546 rexit
2329 4532 2335 4547 ,

1370 4550 1447 4641 lpse
1462 4551 1528 4633 Dei
1546 4557 1670 4652 vivens
1684 4560 1872 4632 assimilata
1890 4556 2015 4664 λόγος,

1317 4653 1477 4727 Urbibus
1490 4658 1528 4726 in
1544 4659 1667 4728 multis
1683 4661 1796 4731 llavrrs
1810 4688 1897 4756 quas
1913 4666 2016 4736 alluit
2032 4665 2153 4756 Albis,

1367 4751 1412 4826 Et
1429 4781 1516 4850 quas
1532 4761 1683 4830 coerulei
1699 4766 1865 4853 praeterit
1880 4769 1977 4837 rrnda
1993 4767 2107 4842 Salas.

1319 4857 1470 4948 Agmina
1486 4861 1628 4949 collegit
1642 4859 1825 4935 Christum
1841 4869 2078 4959 celebrantia,
2109 4897 2282 4972 spargens

1372 4959 1463 5031 Pura
1479 4961 1664 5052 Evangelii
1680 4966 1813 5037 semina
1829 4993 1914 5042 voce
1926 4993 2002 5046 sua.

1320 5062 1431 5133 Fidus
1445 5079 1478 5134 et
1495 5067 1600 5137 aetati
1616 5067 1770 5138 venienti
1789 5071 1885 5141 testis
1902 5086 1941 5142 ut
1958 5088 2065 5159 esset,

1371 5163 1424 5235 De
1439 5164 1581 5238 Christo
1599 5171 1732 5259 patriae
1747 5172 1888 5264 publica
1904 5173 2034 5268 scripta
2048 5179 2159 5258 dedit.

1320 5263 1390 5336 Hic
1405 5268 1512 5342 trater
1526 5271 1725 5367 lacrymans
1740 5267 1939 5346 loachimus
1954 5278 2115 5354 condidit
2129 5306 2227 5375 ossa,

1375 5369 1472 5442 Vivit
1488 5387 1677 5467 conspectu
1692 5396 1792 5445 mens
1807 5372 2008 5473 fruiturque
2024 5379 2105 5459 Dei.
