4748 6022
240 158 317 281 m
957 174 1289 274 canntnuu
1332 203 1442 327 am
1464 202 1556 289 ἰιι.
2203 213 2282 294 sas

231 378 311 453 Hoc
325 370 481 444 Doctore
496 364 627 436 iterum
642 359 827 432 Bremensi
847 363 1011 438 inclaruit
1024 371 1108 442 urbi
1274 375 1343 450 No.
1364 381 1449 456 187.
1911 414 2014 456 mm„
2040 393 2124 457 Md,
2153 394 2252 467 ,541⁴

284 477 401 551 Unius
416 467 551 542 Christi
566 489 714 537 munere
731 481 828 558 parta
845 469 950 541 salus.
1211 546 1215 551 .
1290 477 1461 508 «νυ
1841 525 1851 531 ¹

235 577 284 655 Αι
300 579 383 674 qnia
397 574 540 644 divinos
556 569 680 642 statuis
695 565 724 658 f)
739 569 891 639 detraxit
907 565 1073 653 bonores,
1345 597 1476 653 nerano.
1493 597 1600 654 const.
1617 599 1660 654 ne
1680 601 1703 655 1.
1720 600 1827 726 83⁴⁵*
1867 606 1936 664 ιιιιι
1956 608 2065 685 serape.
2084 612 2162 686 pest.
2184 614 2219 672 r.
2232 615 2281 674 ιιι.

285 679 446 754 Exitium
462 665 633 743 Monacbi
649 670 807 762 qualibet
819 685 894 743 arte
910 685 1066 747 struunt.
1378 683 1405 738 l·
1419 668 1517 724 Μαί
1534 668 1660 726 vineant
1677 689 1706 742 e·

184 763 189 783 ⁸
234 782 303 858 His
314 780 418 852 furiis
433 777 537 846 mitra
555 785 702 843 ornatus
717 772 815 842 dedit
835 796 933 843 arma
947 773 1152 869 Tyrannus,

288 882 363 974 Qui
387 880 530 950 tandem
547 896 753 965 oppressum
775 897 849 942 non
870 878 995 965 procul
1013 878 1102 947 urbe
1117 891 1229 950 necat.

237 986 319 1063 Heu
332 1006 397 1053 cur
411 996 483 1051 tam
498 979 616 1048 subito
633 976 755 1046 orbata
775 990 826 1044 est
839 970 995 1047 Ecclesia
1012 979 1076 1050 tali

288 1086 466 1166 Lumine,
491 1103 563 1173 quo
581 1070 724 1168 posthae
741 1076 865 1145 debuit
879 1078 942 1149 illa
956 1081 1039 1154 frui.
1280 1072 1343 1145 Me
1359 1075 1489 1147 iussere
1506 1074 1622 1148 Duces
1639 1080 1799 1151 fallacem
1813 1086 1961 1178 pingere
1983 1085 2157 1185 hyaenam

239 1188 277 1264 Ο
293 1189 420 1260 dilecte
436 1178 525 1253 mihi
540 1194 621 1249 ante
635 1178 723 1246 alios
739 1178 916 1262 Henrice,
943 1181 1075 1252 laboris
1331 1173 1378 1246 Et
1396 1180 1543 1250 monstri
1560 1181 1712 1271 speciem
1727 1208 1945 1277 proposuere
1960 1189 2061 1263 mihi.

289 1289 394 1360 Nunc
411 1297 544 1376 partem
562 1279 675 1350 nostri
691 1293 724 1348 te
741 1281 892 1351 tolerare
908 1286 1028 1358 velim.
1281 1277 1389 1349 Tetra
1403 1294 1478 1351 erat
1492 1304 1532 1351 ex
1549 1282 1657 1352 variis
1673 1285 1785 1354 moles
1798 1292 1945 1362 confusa
1961 1294 2096 1383 liguris,

240 1393 347 1464 'l'alia
364 1407 578 1482 praeconum
594 1382 757 1475 quamvis
771 1396 854 1453 suut
868 1384 939 1455 fata
957 1386 1110 1477 piorum,
1333 1381 1511 1476 'l'ectaque
1527 1383 1652 1454 liventi
1667 1389 1937 1476 sauguinolenta
1954 1411 2045 1470 cute.

293 1492 456 1565 Membra
472 1488 589 1556 iacent
603 1483 717 1553 saevis
731 1498 765 1553 et
782 1485 930 1556 lacerata
947 1490 1080 1559 modis:
1113 1522 1117 1529 ·
1283 1480 1446 1572 Virginei
1464 1485 1602 1570 Vultu&
1627 1488 1688 1555 ‘ed
1706 1500 1807 1560 l⁰M
1826 1495 1991 1566 micantia
2008 1499 2161 1571 flammis

239 1595 322 1668 Non
338 1593 474 1684 periere
488 1603 626 1668 tamen,
651 1586 713 1653 sed
733 1578 868 1658 babent
879 1591 1085 1660 commertia
1101 1590 1184 1661 laeti
1333 1584 1488 1654 Lumina
1505 1587 1670 1657 saevitiae
1686 1591 1803 1661 tristia
1818 1595 1919 1684 signa
1935 1601 2081 1672 dabant.

292 1695 384 1767 Cum
401 1689 566 1772 Christo,
598 1685 687 1754 vivis
702 1687 974 1783 agminibusque
993 1706 1145 1784 patrum.
1285 1682 1319 1756 A
1336 1688 1429 1755 collo
1446 1687 1578 1776 gemini
1596 1692 1796 1779 pendebant
1814 1700 1970 1770 membra
1986 1703 2163 1791 draconis,

241 1797 381 1878 Huius,
410 1817 491 1863 cum
505 1788 613 1865 stanti
629 1787 696 1855 tibi
708 1788 808 1859 frons
822 1803 985 1880 tangetur
997 1797 1046 1864 ad
1060 1818 1171 1879 aram,
1335 1787 1477 1859 Scillaei
1493 1791 1635 1859 tandem
1651 1817 1732 1883 pars
1748 1811 1822 1866 erat
1838 1798 1908 1868 ima
1926 1806 2041 1894 pedes.

293 1899 347 1967 Te
363 1896 439 1964 fieri
457 1893 593 1964 socium
609 1891 752 1961 noveris
766 1891 840 1982 ipse
855 1887 968 1968 chori.
1284 1887 1484 1959 Horrebam
1498 1890 1691 1982 aspiciens,
1715 1908 1749 1965 et
1765 1910 1837 1968 toto
1854 1925 2000 1994 corpore
2016 1906 2171 1996 sanguis,
2273 1931 2276 1936 ·

243 1999 525 2089 Pontificemque
572 1992 661 2085 scias
712 1992 777 2062 tibi
819 1988 1003 2066 Christum
1051 1997 1237 2090 imponere
1336 1987 1390 2061 Ac
1406 2016 1495 2083 pene
1513 1993 1668 2064 extincto
1682 2000 1854 2088 sangnine
1872 2003 1942 2074 vita
1958 2005 2060 2096 fugit.

757 2095 918 2165 dextram
933 2091 986 2191 ⁸),
1288 2090 1336 2165 Ut
1349 2095 1491 2185 pingam
1508 2109 1626 2165 tamen
1642 2097 1697 2166 illi
1713 2118 1858 2190 urgent,
1883 2128 1958 2174 non
1972 2110 2163 2202 obsequor,
2189 2110 2248 2178 aio

295 2198 460 2271 Poscenti
477 2197 569 2265 vires
585 2208 620 2266 et
634 2196 719 2264 dare
732 2195 825 2265 velle
838 2220 960 2273 novas.
1338 2192 1468 2281 iratus,
1494 2195 1593 2287 pingi
1608 2220 1683 2268 non
1699 2201 1788 2272 bene
1804 2229 1904 2297 posse
1916 2209 2033 2299 pedes.

244 2298 342 2376 Proh
356 2313 489 2395 quanto
505 2323 523 2367 a
539 2297 635 2368 falsis
653 2309 786 2391 mystae
802 2298 1008 2370 discrimine
1021 2303 1095 2372 veri
1288 2295 1370 2386 Quo
1388 2299 1492 2369 ruitis
1513 2302 1698 2389 proceres?
1749 2302 1822 2392 Qui
1839 2323 1976 2379 mentes
1990 2325 2138 2402 occupat
2154 2311 2278 2384 error?

295 2402 456 2482 Distant,
483 2394 550 2470 boc
566 2399 671 2468 etiam
688 2420 755 2466 nos
769 2401 972 2473 meminisse
988 2406 1098 2475 decet.
1337 2395 1412 2470 Cur
1426 2401 1559 2490 templo
1576 2401 1712 2473 infertis
1728 2406 1811 2476 talia
1827 2424 1985 2481 monstra
2000 2409 2094 2481 Dei?

243 2507 356 2579 Nemo
374 2517 487 2595 potest
502 2524 661 2594 unquam
678 2503 813 2569 censeri
827 2503 905 2572 iure
920 2506 1093 2591 sacerdos,
1287 2497 1457 2573 Excutior
1469 2524 1615 2587 somno,
1641 2505 1778 2592 gelidus
1792 2532 1872 2580 curn
1890 2526 2030 2603 pectore
2046 2529 2176 2586 manat.

295 2605 428 2677 Contra
445 2599 679 2691 Evangeliurn
695 2602 758 2692 qui
773 2603 846 2672 fera
861 2604 955 2673 bella
969 2608 1069 2694 gerit.
1339 2600 1475 2686 Sudor,
1501 2616 1534 2673 et
1550 2628 1569 2672 e
1585 2606 1703 2675 subito
1719 2613 1877 2681 membra
1891 2637 2022 2705 pavore
2038 2630 2191 2707 stupent.

246 2706 392 2800 Quique
406 2706 528 2774 furens
542 2703 648 2773 audet
661 2724 753 2770 nova
769 2702 901 2792 fingere
915 2703 1083 2792 Numina,
1104 2705 1238 2800 quique
1261 2708 1263 2768 ὲ
1287 2699 1462 2774 Nonnihil
1479 2697 1544 2777 bac
1560 2729 1708 2778 moneor
1730 2710 1888 2784 fortassis
1905 2715 2075 2807 imagine:
2102 2721 2164 2789 sed
2179 2734 2224 2806 te,

306 2808 414 2879 Sacra
426 2805 511 2875 facit
525 2803 624 2873 nulla
639 2802 768 2873 tradita
784 2828 869 2874 voce
885 2802 965 2878 Dei.
1137 2870 1145 2880 .,
1338 2803 1499 2890 Christe,
1533 2829 1639 2897 rogo,
1673 2823 1713 2880 ut
1739 2811 1962 2914 praesens')
1987 2835 2128 2911 pectora
2153 2836 2277 2893 nostre

249 2908 356 2981 Tales
373 2905 520 2977 sacrifici
537 2904 762 2975 celebrabant
776 2899 890 2996 Orgia
905 2905 1056 2994 Baccho,
1806 2941 1913 3008 regas.
2325 2910 2329 2915 ’

219 3076 220 3080 ,
298 3007 434 3080 Errans
449 3032 528 3077 curn
546 3001 678 3100 thyrsis
697 3007 913 3080 ebriaturba
932 3011 1015 3085 suis.

247 3107 295 3184 Et
312 3112 402 3184 Salii
419 3109 545 3180 Martis
560 3109 646 3178 tales
659 3108 780 3198 ignota
796 3112 976 3183 sonabunt
1287 3119 1462 3133 ''m‘'
1942 3130 2279 3146 ·”·“’·“·“·”““··”·

299 3211 466 3284 Carmina
483 3233 562 3280 cum
577 3224 738 3299 gererent
751 3224 850 3282 scuta
866 3226 1002 3284 vetusta
1016 3236 1136 3283 manu.
1289 3243 1355 3314 No·
1376 3245 1459 3318 133·
2081 3282 2117 3326 m.
2158 3266 2235 3329 154,

248 3312 435 3386 Sacrificos
449 3311 583 3381 similes
598 3324 692 3381 creat
709 3325 743 3382 et
757 3337 853 3382 nunc
868 3311 989 3403 Roma¹
1003 3311 1197 3407 prophana,
1295 3340 1466 3369 w»
2058 3312 2271 3397 κὼς,

300 3415 375 3505 Qui
391 3427 534 3505 propter
549 3426 708 3482 ventrem
726 3415 874 3485 numina
892 3417 978 3487 falsa
994 3418 1127 3491 colunt.

251 3515 327 3588 Hos
342 3519 441 3608 fuge,
467 3530 534 3586 eta
551 3515 644 3584 veris
659 3513 794 3586 Christi
810 3518 972 3589 discerne
988 3520 1171 3606 ministris,

300 3616 394 3689 Pure
409 3616 596 3707 Evangelii
615 3616 676 3709 qui
692 3617 747 3707 pia
763 3618 856 3689 iussa
870 3622 1010 3696 docent.
1492 3627 1537 3693 ln
1552 3620 1741 3718 hyaenam
1754 3627 2074 3704 notensem.

248 3717 414 3815 Denique
431 3732 510 3788 vota
527 3718 577 3810 pii
596 3719 742 3802 faciant,
768 3743 1016 3815 summumque
1032 3736 1214 3815 parentem

300 3819 465 3893 Assiduis
479 3819 659 3912 precibus,
685 3822 782 3912 quod
796 3821 893 3911 iubet
909 3823 1001 3913 ipse,
1026 3839 1162 3913 rogent,

247 3919 298 3996 Ut
314 3924 486 4017 populum
503 3944 687 4013 perquem
705 3946 789 3991 vero
804 3924 1002 3994 celebretur
1015 3920 1163 4012 honore,

303 4027 460 4116 Augeat,
482 4036 516 4094 et
528 4046 668 4112 semper
685 4037 863 4114 protegat,
888 4039 993 4119 atque
1010 4042 1115 4116 regat.

251 4128 483 4220 Foelicesque
500 4128 606 4195 duces
624 4127 749 4207 addat,
776 4129 967 4221 doctosque
984 4130 1178 4212 ministros,

302 4227 417 4317 Larga
433 4225 619 4315 Evangelii
634 4228 758 4297 messis
772 4243 812 4299 nt
828 4253 901 4299 esse
917 4244 1033 4323 queat.
1292 4231 1359 4307 No.
1381 4235 1466 4308 189.
2128 4275 2177 4321 aa.
2186 4253 2281 4318 1541.

250 4328 380 4403 Arceat
393 4341 429 4397 et
443 4323 577 4398 Christi
595 4342 810 4416 grassantem
827 4333 947 4401 dextra
964 4325 1177 4421 Draconem,
1297 4332 1468 4360 *Ν
2140 4345 2280 4372 '¹⁶‘

229 4455 232 4461 ’
301 4432 355 4503 Ne
367 4432 467 4513 ferus
483 4428 677 4499 humanum
696 4433 840 4504 devoret
854 4457 961 4503 omne
975 4457 1097 4524 genus.
1360 4448 1442 4517 Apud
1456 4447 1585 4504 Vineam.
1597 4469 1623 4522 p.
1638 4445 1717 4519 sleq.
1738 4457 1765 4504 et
1784 4449 1811 4503 tn
1825 4449 1941 4523 Scriptis
1961 4453 2038 4525 publ.
2050 4455 2084 4512 Τ.
2095 4457 2145 4513 111.
2162 4458 2281 4530 asses,

249 4533 376 4608 Servat
390 4554 480 4623 opus
494 4528 600 4599 Pater
612 4545 773 4601 aeternus
792 4537 887 4627 quod
904 4538 1085 4623 condidit,
1104 4553 1209 4634 atque
1398 4515 1557 4574 v⁵¹²‘⁰⁰¹³'¹⁸
1576 4519 1692 4589 w⁸⁵²¹⁵
1706 4519 1864 4590 “³¹⁶‘⁵¹'⁸³‘²
1892 4523 2096 4594 ”mmm
2106 4546 2156 4587 ω’·
2171 4530 2265 4585 ¹⁵⁴¹·''

300 4635 473 4707 Notitiam
487 4631 644 4723 extingui
659 4655 734 4702 non
750 4635 843 4707 sinat
859 4637 933 4728 ipse
948 4642 1013 4712 sui.

1275 827 1472 900 Somnium
1490 825 1658 922 Philipps·
1672 827 1720 903 de
1737 827 1890 926 hyaene
1905 841 1946 911 s'n
1965 845 2131 917 consitiis
2146 846 2279 922 sasn-

1572 928 1805 1007 senensibus.
1832 935 1977 1036 (lbll)

1358 3462 1437 3533 Apud
1455 3461 1580 3517 vineant.
1600 3484 1628 3538 p.
1648 3466 1705 3520 168.

1290 3772 1489 3845 Emendare
1503 3770 1666 3867 strophas
1681 3772 1808 3863 liuius,
1825 3780 2036 3876 fraudesque
2052 3783 2177 3870 libelli,
2203 3761 2207 3769 ⁵

1340 3875 1422 3945 Non
1438 3879 1570 3947 multae
1586 3894 1751 3970 possunt,
1778 3905 1849 3951 una
1865 3881 1973 3953 litura
1993 3898 2117 3977 potest.

1287 4086 2287 4113 mmm*—

1354 4681 1401 4747 ln
1421 4677 1714 4749 We‘ntone'ensem
1734 4674 1977 4773 defensorem
2002 4684 2216 4762 coelibatus.

1292 4822 1368 4913 Qui
1383 4823 1577 4894 castitatem
1593 4825 1731 4915 magnis
1745 4825 1912 4900 laudibus
1930 4825 2042 4914 vehis,

281 4912 312 4978 4)
333 4911 414 4967 vine.
429 4923 540 4984 aeacus,
560 4934 591 4969 0¹
605 4913 717 4969 Μὰ·
1292 4924 1497 5019 Contraque
1513 4941 1673 4998 sanctum
1686 4929 1845 5021 disputas
1863 4934 2098 5021 connubium,

279 5015 309 5073 ⁵>
333 5014 415 5069 vine.
427 5018 552 5076 acerra,
562 5035 599 5071 Δ*
611 5012 722 5070 mendo.
1293 5026 1352 5098 Tu
1370 5029 1532 5122 quisquis
1546 5029 1608 5098 ille
1621 5031 1798 5102 coelibum
1813 5034 2071 5120 admiratores,

1272 5125 1432 5217 ,Omitte
1448 5131 1520 5201 iam
1535 5146 1595 5203 tua
1611 5133 1761 5224 cogitata
1775 5135 1903 5207 callida

1328 5375 1356 5442 *l
1372 5386 1529 5448 praesens]
1552 5378 1618 5439 Pes.
1630 5389 1657 5439 et
1669 5380 1775 5452 Scripta
1789 5380 1928 5446 placalus.
