4748 6022
77 287 152 368 sao
437 270 443 280 ’
562 276 868 374 aucooum
900 277 977 391 nr
1008 276 1242 356 anavus
1269 273 1619 352 coucrotvns.
2026 279 2101 350 990

71 462 211 532 labores
234 456 554 529 administrationis
577 450 646 524 hoc
673 455 834 526 semestri
857 454 1062 547 praecipuos
1090 449 1362 533 ,Consiliarium
1379 447 1611 521 lllustrissimi
1627 447 1736 521 Ducis
1751 449 1932 538 saxoniae,
1954 446 2096 522 Electo-

70 560 252 634 sustinuit.
303 557 408 628 Nunc
424 582 524 628 more
544 557 702 647 legitimo
717 557 856 645 depono
879 557 1062 646 magistra·
1110 554 1160 623 ris
1176 568 1240 626 etc.
1266 551 1446 640 Singulari
1462 567 1578 622 autem
1593 551 1659 622 Dei
1677 553 1846 622 beneficio
1861 557 1899 621 in
1915 550 1979 622 hac
1992 548 2095 622 scho-

71 678 161 746 tum,
188 676 221 732 et
235 683 297 728 vos
311 656 495 744 adhortor,
519 673 562 728 ut
576 660 621 727 ad
638 661 721 727 novi
736 657 900 728 Rectoris
916 657 1060 727 electio·
1109 656 1142 724 la
1168 654 1347 745 perspicue
1370 653 1545 723 illustrata
1568 668 1621 723 est
1643 655 1802 723 doctrina
1823 657 1867 723 dc
1891 655 2096 724 discrimine

71 788 176 848 nem,
200 785 306 856 quam
327 762 421 831 filius
434 759 500 830 Dei
513 763 711 849 gubernet,
735 759 796 853 qui
813 759 936 845 faciat,
961 772 1001 830 ut
1013 758 1060 830 sit
1109 755 1295 825 ministerii
1320 751 1542 844 Evangelici,
1575 767 1611 824 et
1632 754 1767 846 politici
1797 757 1954 839 ordinis,
1988 770 2022 825 et
2050 757 2094 824 de

70 866 184 936 fausta
199 876 233 934 et
246 862 370 948 foelix,
395 862 602 954 procedatis.
652 858 746 930 Dixi.
1074 910 1077 916 .
1108 856 1309 927 obedientia
1332 857 1450 926 debita
1472 855 1636 946 legitimis
1665 858 1934 946 tnagistratibus.
1992 855 2095 926 Hauc

19 1034 22 1041 ¹
1108 959 1297 1048 cogitantes
1325 952 1409 1026 huic
1439 955 1583 1028 Rectori
1612 971 1727 1026 vestro
1756 959 1904 1027 Ductori
1934 950 2095 1050 Georgio

73 1059 287 1139 oratiuncula
295 1107 305 1142 ,
333 1079 396 1144 utta
417 1054 588 1122 renunciat
596 1102 614 1155 ,υ
634 1075 705 1120 eum
728 1078 819 1143 qttem
842 1054 1059 1123 communibus
1108 1051 1288 1129 Cracovt'o
1315 1072 1516 1127 reverenter
1546 1058 1686 1126 obedite
1716 1072 1858 1150 propter
1888 1061 2093 1128 mandatum

91 1142 277 1234 ‘'fiff‘lfffiv
299 1143 441 1210 senaim
454 1141 653 1207 ‘mimia‘
673 1140 844 1207 3⁶⁶in
864 1137 1035 1225 detifidi·
1107 1160 1189 1230 Dei:
1221 1159 1367 1229 Necesse
1384 1173 1434 1228 est
1448 1160 1592 1228 obedire
1606 1182 1679 1227 nou
1695 1160 1810 1229 solum
1829 1173 1971 1252 propter
1993 1160 2094 1244 iram,

174 1265 281 1354 Quod
314 1264 466 1332 faustum
499 1273 535 1331 et
567 1260 651 1330 felix
684 1261 747 1346 sit,
785 1284 923 1352 expono
956 1259 1059 1329 vobis
1106 1263 1166 1331 sed
1183 1262 1288 1330 etiam
1306 1274 1449 1351 propter
1463 1260 1727 1329 conscientiam.
1762 1257 1860 1330 Haec
1874 1261 2094 1330 severissima

71 1367 233 1441 omnium
265 1363 567 1434 consentientibus
594 1362 771 1451 suffragiis
802 1363 952 1433 electum
985 1384 1058 1430 esse
1106 1363 1279 1432 sententia
1297 1361 1639 1450 divinitus-tradita,
1663 1361 1954 1431 commonefaciat
1970 1385 2032 1431 vos
2048 1362 2094 1429 de

70 1467 259 1541 Rectorem
285 1461 391 1533 huius
414 1460 644 1543 Academiae,
677 1464 794 1532 virum
823 1462 1057 1532 clarissimum
1107 1467 1288 1534 voluntate
1318 1476 1350 1532 et
1376 1462 1508 1532 iudicio
1529 1461 1616 1543 Dei,
1660 1476 1694 1531 et
1725 1462 1907 1532 confirmet
1937 1476 2095 1551 pectora,

72 1562 272 1660 Georgium
287 1558 525 1649 Cracovium,
550 1561 739 1633 Ductorem
756 1562 783 1634 l.
800 1561 857 1645 U.,
880 1562 1060 1635 Consilia·
1107 1589 1151 1635 ue
1166 1567 1326 1635 furenter
1337 1577 1459 1633 contra
1476 1561 1607 1645 Deum,
1633 1576 1665 1633 et
1681 1563 1856 1652 legitimos
1873 1562 2094 1650 magistratus

71 1672 164 1741 rium
189 1666 421 1739 illustrissimi
446 1662 554 1735 Ducis
574 1663 765 1749 Saxoniae,
797 1664 973 1755 Electoris
995 1679 1058 1734 etc.
1107 1680 1230 1750 ruant,
1262 1689 1327 1734 nec
1354 1665 1423 1734 sibi
1454 1665 1543 1734 iram
1572 1663 1639 1734 Dei
1672 1678 1706 1734 et
1744 1688 1872 1755 poenas
1904 1658 2093 1734 attrahant.

70 1768 124 1845 Ac
138 1771 249 1840 hlium
264 1767 330 1837 Dei
344 1766 540 1836 Dominum
554 1780 713 1836 nostrum
732 1765 847 1835 lesum
863 1761 1057 1845 Christum,
1106 1767 1245 1836 Deinde
1277 1765 1472 1835 reverentia
1507 1789 1587 1856 erga
1613 1767 1855 1835 doctrinarum
1889 1765 2003 1836 studia
2030 1787 2093 1832 vos

72 1875 252 1943 sedentem
276 1873 318 1938 ad
341 1871 498 1939 dextram
526 1868 660 1937 aeterni
690 1869 818 1957 patris,
850 1891 889 1937 ac
914 1868 1057 1938 dantem
1108 1880 1264 1951 moveat,
1293 1882 1333 1938 ut
1366 1869 1564 1936 conservari
1600 1862 1762 1936 honestas
1794 1861 1941 1937 Scholas
1965 1865 2092 1935 velitis.
2134 1900 2139 1905 ·

72 1976 166 2044 dona
199 1967 421 2049 homiuibus,
454 1966 618 2037 Pastores
636 1980 671 2036 et
693 1963 883 2051 Doctores,
909 1992 992 2052 oro,
1017 1980 1059 2038 ut
1106 1969 1233 2058 Qualis
1249 1968 1286 2036 iu
1303 1969 1372 2038 vita
1392 1968 1595 2037 harbaries?
1621 1967 1753 2057 Quales
1773 1969 1955 2052 tenebrae,
1980 1965 2094 2060 qualis

72 2090 107 2146 et
141 2076 236 2144 inter
269 2094 336 2140 nos
370 2083 484 2137 servet
516 2081 551 2138 et
583 2071 754 2157 gubernet
784 2069 987 2139 docentium
1023 2082 1058 2138 et
1107 2070 1515 2150 inmoribusconlusio',
1542 2093 1647 2162 quam
1665 2081 1753 2139 tetra
1768 2071 1854 2152 Dei,
1880 2069 2094 2161 religionum

23 2218 27 2224 ·
71 2175 281 2247 discentium
316 2183 452 2247 coetus,
485 2183 519 2239 ct
544 2168 590 2238 sit
615 2170 689 2260 ipse
715 2163 822 2239 huius
848 2167 1057 2239 Academiae
1106 2187 1139 2242 ct
1162 2172 1276 2260 legum
1290 2170 1424 2239 oblivio
1450 2184 1610 2240 secutura
1633 2171 1745 2240 esset?
1769 2170 1799 2238 si
1817 2169 1941 2240 deletis
1957 2166 2095 2239 Arados

70 2279 205 2349 Rector
220 2287 254 2342 et
273 2270 474 2354 Protector,
502 2282 534 2338 et
552 2264 647 2339 huuc
662 2267 851 2347 Rectorem
866 2267 1057 2343 Doctorem
1107 2274 1206 2356 miis,
1228 2272 1454 2341 indoctorum
1476 2272 1747 2361 cupiditatibus,
1774 2284 1808 2340 et
1829 2272 2037 2341 monstrosis
2053 2295 2093 2338 ac

69 2372 271 2468 Georgium
282 2371 437 2447 adiuvet.
485 2368 579 2443 Dixi.
739 2424 744 2431 .
1105 2373 1281 2443 seditiosis
1297 2373 1531 2461 fanaticorum
1545 2368 1733 2445 homiuum
1747 2373 1962 2444 clamoribus
1972 2371 2093 2440 omnia

1105 2488 1293 2564 regantur,
1317 2486 1358 2542 ut
1382 2475 1420 2542 lit
1438 2474 1530 2543 inter
1546 2471 1793 2564 Anabaptistas
1819 2486 1854 2544 et
1881 2475 2026 2543 illorum
2045 2471 2093 2540 si-

73 2587 288 2659 Bmtmeistio
319 2585 451 2672 publica
479 2605 589 2653 corum
616 2585 833 2668 auditoribus,
869 2606 935 2672 quo
960 2582 1058 2650 rimati
1107 2577 1219 2645 miles.
1267 2573 1364 2644 llaec
1391 2576 1485 2644 mala
1507 2600 1553 2644 ne
1581 2576 1758 2655 accidant,
1792 2575 1973 2645 doctrinae
2000 2574 2093 2642 iusto

71 2696 129 2772 eos
157 2674 202 2742 ud
232 2671 445 2740 obedieutium
479 2690 535 2737 esso
562 2669 784 2756 Magistratui
812 2669 1057 2756 praestandum,
1106 2678 1232 2746 ordine
1246 2675 1521 2746 considerandae
1536 2689 1636 2761 sunt,
1661 2677 1758 2769 quod
1781 2676 1858 2746 lieri
1878 2700 1952 2746 nou
1970 2686 2096 2766 potest,

480 2754 644 2823 imam·
736 2812 739 2816 “
1106 2778 1175 2847 uisi
1193 2777 1265 2847 sint
1289 2772 1448 2864 honesti,
1473 2778 1658 2871 tranquilli
1682 2789 1719 2847 et
1742 2792 1834 2847 recte
1855 2777 2010 2848 ordinati
2027 2778 2094 2844 do-

75 2968 83 2975 ·
172 2880 256 2952 Nou
281 2901 362 2948 casu
383 2888 501 2945 ortum
525 2888 575 2944 est
591 2897 700 2964 genus
716 2870 913 2969 humanum
930 2872 1057 2944 exDe-
1107 2879 1262 2949 centium
1289 2892 1322 2948 et
1346 2878 1558 2948 discentium
1589 2892 1720 2954 coetus.
1776 2877 1883 2948 Tales
1911 2891 2030 2947 coetus
2053 2875 2119 2944 ut'

70 2984 212 3058 mocriti
227 2978 372 3063 atomis,
396 3001 462 3047 nec
477 2999 560 3047 casu
575 2999 767 3047 servamur.
820 2974 890 3046 Sed
908 2999 989 3044 vere
1006 2990 1057 3043 est
1106 2993 1376 3064 conserventur,
1413 2979 1545 3067 singuli
1573 3002 1637 3048 suo
1667 2980 1745 3048 loco
1775 2992 1952 3070 praestent
1980 2977 2094 3047 officia

69 3086 167 3160 Deus
181 3097 343 3153 aeternus
358 3079 522 3149 conditor
543 3076 680 3167 generis
694 3070 863 3160 humani,
888 3098 967 3144 cum
983 3075 1056 3143 filio
1107 3081 1286 3150 communi
1304 3080 1552 3174 tranquillitati
1567 3081 1697 3165 debita,
1717 3094 1752 3150 et
1765 3078 2096 3152 veliutAcadcmias

69 3213 134 3259 suo
155 3199 318 3267 aeterno,
346 3179 502 3249 Domino
523 3193 645 3249 nostro
668 3176 747 3247 Iesu
760 3173 903 3247 Christo
927 3189 962 3246 et
976 3174 1059 3266 Spi-
1107 3204 1180 3249 esse
1194 3203 1275 3248 vera
1290 3178 1357 3249 Dei
1373 3183 1513 3273 templa,
1539 3195 1573 3250 et
1588 3195 1793 3252 ornamenta
1806 3178 1992 3264 Ecclesiae,
2014 3178 2095 3273 qui-

71 3290 144 3362 ritu
167 3300 305 3369 sancto,
332 3282 393 3375 qui
415 3281 483 3350 sibi
503 3277 696 3350 Ecclesiam
721 3291 896 3348 aeternam
922 3276 1058 3366 colligit
1109 3284 1175 3351 bus
1197 3278 1329 3351 Rector
1357 3280 1519 3350 stantius
1538 3282 1624 3369 Dei,
1654 3280 1834 3352 Dominus
1854 3295 1975 3353 noster
1998 3280 2094 3351 lesus

70 3413 156 3462 voce
170 3384 355 3475 Evangelii
372 3407 433 3473 per
447 3395 481 3451 et
496 3395 639 3474 propter
652 3379 763 3449 filium
780 3377 975 3449 Dominum
991 3403 1058 3447 no·
1108 3378 1288 3466 Christus,
1320 3382 1505 3451 crucifixus
1528 3406 1594 3473 pro
1616 3382 1739 3473 nobis,
1764 3384 2005 3463 resuscitatus,
2039 3405 2095 3451 se·
2197 3396 2199 3400 ’

70 3506 185 3564 strum
210 3489 325 3557 lesum
342 3480 544 3567 Christum,
577 3482 782 3552 crucifixum
807 3506 871 3571 Pro
895 3480 999 3549 nobis
1025 3493 1058 3548 el
1108 3487 1196 3554 deus
1211 3483 1257 3551 ad
1272 3484 1429 3551 dextram
1452 3482 1586 3550 aeterni
1604 3483 1731 3573 patris,
1756 3484 1845 3551 daus
1859 3485 1953 3552 dona
1974 3478 2095 3553 homi-

70 3589 333 3668 resuscitatum,
359 3601 393 3656 et
414 3585 626 3654 mirabiliter
645 3584 682 3650 iu
706 3581 813 3652 tantis
837 3581 1057 3650 confusioni·
1109 3586 1233 3668 nibus,
1267 3583 1429 3652 Pastores
1458 3595 1493 3652 et
1519 3579 1712 3669 Doctores,
1745 3583 1834 3652 sicut
1858 3583 1977 3676 inquit
2002 3583 2097 3674 ipse:

69 3694 138 3766 bus
152 3690 291 3782 geneth
310 3683 458 3757 humani
482 3685 651 3775 protegit,
678 3696 713 3753 et
728 3697 844 3755 serviti
859 3696 977 3751 0⁰01!ss
991 3683 1058 3750 do·
1109 3685 1320 3778 Ubicunque
1336 3695 1418 3754 sunt
1434 3686 1505 3753 duo
1519 3698 1581 3753 aut
1595 3697 1665 3753 tres
1681 3685 1881 3775 congregati
1895 3685 1934 3751 iu
1949 3683 2095 3751 nomine

71 3793 226 3868 centlum
247 3805 282 3861 tt
305 3787 516 3858 di⁸oe¹¹lltlm
539 3783 783 3874 Evangellutss·
1110 3812 1207 3865 meo,
1233 3788 1271 3855 iu
1286 3787 1403 3854 medio
1422 3809 1544 3855 eorum
1562 3809 1651 3859 sum.
1701 3784 1809 3855 Hunc
1827 3809 1948 3855 verum
1965 3783 2096 3856 Recto-

169 3891 264 3962 Huic
288 3897 371 3959 vcro
395 3887 470 3957 Deo
496 3902 636 3955 aeterno
665 3886 755 3975 patri
773 3883 921 3953 Domini
943 3883 1055 3952 nostri
1108 3912 1182 3958 rem
1198 3885 1394 3960 Dominum
1416 3899 1576 3957 nostrum
1597 3876 1709 3957 lesum
1726 3882 1928 3973 Christum,
1953 3887 2013 3980 qui
2039 3886 2096 3954 in-

71 3996 150 4071 lesu
166 3990 299 4066 Christi
314 3989 444 4080 gratias
458 4010 542 4077 ago,
567 3990 661 4080 quod
680 3982 848 4056 hacteuus
867 3987 1057 4055 clementer
1090 3990 1202 4084 quit:
1228 3986 1304 4079 Ego
1321 4012 1399 4057 sum
1414 3989 1515 4071 vitis,
1540 4012 1603 4057 vos
1620 3988 1800 4078 palmites,
1827 4013 1910 4073 oro,
1935 4004 1974 4058 ut
1991 3987 2095 4056 faciat

71 4103 110 4172 iu
132 4093 190 4168 his
211 4092 418 4186 regionibus
444 4089 579 4178 colligit
606 4103 782 4159 aeternam
808 4083 1000 4156 Ecclesiam
1023 4100 1058 4157 et
1109 4114 1175 4160 uos
1194 4091 1260 4159 sibi
1277 4090 1457 4182 palmites,
1483 4113 1550 4182 rios
1566 4092 1706 4176 doceat,
1732 4092 1904 4180 gubernet
1926 4100 2096 4181 etprote-

69 4220 174 4275 verae
191 4195 372 4266 doctrinae
393 4192 527 4273 studia,
552 4205 724 4260 eteorum
745 4184 896 4276 hospitia
915 4211 1058 4256 coraser-
1109 4206 1176 4284 gat,
1230 4191 1355 4261 Amen.
1871 4212 1877 4231 ·

70 4315 140 4386 rat,
157 4314 192 4371 et
204 4295 297 4369 hanc
312 4292 538 4366 Academiam
552 4304 674 4361 contra
688 4290 879 4360 multorum
901 4284 1056 4358 hostium

71 4402 206 4476 rabiem
222 4399 390 4491 protegit,
417 4408 451 4464 et
471 4408 510 4464 ut
532 4417 669 4482 semper
684 4405 859 4483 protegat,
882 4384 974 4459 hanc
993 4389 1055 4457 Ec·
1111 4421 1202 4432 -—

71 4502 211 4576 clesiam
244 4513 278 4569 et
306 4495 554 4577 Academiam,
591 4517 735 4584 precor,
769 4492 851 4586 quia
878 4491 1057 4560 verissime
2055 4512 2057 4516 ·

71 4606 206 4693 dictum
228 4611 295 4669 est:
335 4583 411 4665 Nisi
435 4596 610 4667 Dominus
632 4595 837 4666 custodierit
860 4593 1056 4677 civitatem,
1117 4576 1288 4704 Μ
1838 4585 1869 4645 7.
1891 4581 1966 4645 Dee.
1991 4582 2086 4649 tsst.

71 4710 200 4778 frustra
215 4698 337 4790 vigilat
351 4696 412 4789 qui
426 4700 580 4768 custodit
594 4720 681 4770 eam.
720 4695 811 4766 Cum
828 4708 944 4766 autem
962 4696 1056 4764 bono
1817 4676 2097 4709 *Ν

71 4805 220 4879 consilio
239 4799 468 4871 comlllttlttm
484 4797 540 4879 tlt,
564 4810 606 4870 ut
619 4799 780 4891 quolibet
793 4797 950 4867 gementi
965 4818 1057 4865 om„
1176 4787 1211 4840 lu
1226 4782 1356 4839 oration.
1367 4781 1402 4836 Τ.
1417 4785 1451 4840 V.
1463 4802 1490 4856 p.
1505 4781 1555 4836 tus
1567 4800 1627 4853 sqq.
1638 4789 1665 4834 et
1677 4781 1705 4889 ip
1721 4776 1849 4834 Oniten.
1863 4787 1950 4850 postr.
1961 4795 1989 4848 p.
2005 4779 2063 4835 17⁴„

70 4906 233 4984 Rectoris
260 4903 298 4971 iu
319 4897 429 4969 alium
453 4900 701 4980 transferatur,
735 4909 769 4965 et
796 4899 907 4987 prosit
934 4918 1057 4965 omnes
1159 4947 1299 5015 mmo
1328 4939 1380 5012 aa
1406 4939 1770 5014 mecamuarfum
1798 4934 2044 5027 Aoumque,

71 5010 171 5091 ‘else’
196 5030 301 5102 ‘luem
316 4998 557 5088 magistratum
574 4991 746 5115 babilam&
762 4996 798 5065 id
819 4995 960 5086 publice
973 5019 1058 5086 pro·
1109 5041 1195 5135 (eum
1215 5049 1312 5113 Paulo
1332 5047 1430 5110 Elero
1454 5049 1486 5111 d.
1509 5046 1541 5107 7.
1566 5041 1640 5108 Deo.
1667 5045 1761 5107 1559.
1788 5047 1967 5113 tribueretur
1990 5046 2097 5126 gradus

71 5110 229 5206 ponitur.
281 5104 404 5195 ltaque
424 5122 562 5190 expono
587 5098 705 5184 vobis,
731 5097 826 5193 quod
847 5097 999 5166 faustum
1022 5107 1058 5166 et
1282 5115 1284 5118 ’
1398 5145 1566 5210 Doewmm
1588 5151 1620 5208 in
1642 5134 1813 5234 maog.)
1882 5206 1885 5211 ι

70 5213 177 5284 foelix
191 5211 249 5293 sit,
273 5207 422 5276 electum
441 5225 513 5271 esse
525 5199 713 5274 Rectorem
728 5196 834 5270 huius
848 5195 1058 5266 Academiae

68 5315 188 5385 virum
215 5306 469 5389 clarissimum,
503 5300 702 5372 eruditione
730 5314 766 5371 et
794 5299 923 5370 virtute
953 5321 1055 5389 prae-
1109 5285 1323 5369 Revareude
1345 5293 1420 5378 vir,
1450 5289 1606 5362 Domine
1628 5287 1921 5361 Vicetaucellarie
1945 5289 2099 5382 integer·

66 5430 220 5489 stantem
244 5403 446 5501 Georgium
467 5393 705 5496 Crocovium,
736 5398 929 5472 Ductorem
950 5396 1055 5483 luris,
1107 5397 1209 5473 rime.
1259 5394 1400 5471 &imus
1422 5392 1593 5487 scriptum
1617 5415 1690 5462 esse
1711 5393 1756 5462 de
1771 5389 1865 5462 Filio
1880 5388 2097 5498 DeisSedet
