4748 6022
183 208 255 281 aar
528 294 540 307 α
770 179 1187 323 quaesamus
1220 176 1620 280 acanaurcan.
2115 215 2215 320 aar

168 381 227 453 die
253 359 321 448 tria
353 358 464 469 millia
478 355 746 453 coronatorum,
771 358 861 461 quae
884 392 1018 441 sunrma
1038 370 1077 440 in
1091 369 1166 440 sin-
1216 372 1647 464 quatuordenarioscudi.
1688 372 2006 464 Atlibracontin'et
2021 381 2214 460 drachmas

164 482 268 575 gulos
305 497 420 547 anuos
446 472 636 555 efficiebat,
675 485 716 539 ut
747 486 870 542 nostro
904 496 1002 541 auore
1028 472 1166 567 loquar,
1218 486 1370 546 centurn.
1437 474 1534 547 Haec
1559 500 1634 549 non
1655 497 1867 571 congruunt.
1926 486 1999 558 Sed
2030 487 2060 557 si
2083 514 2216 560 verum

166 579 355 655 duodecies
385 588 526 645 centum
554 572 652 640 milia
682 587 948 642 coronatorum.
1005 572 1165 671 Multum
1218 586 1287 656 est,
1311 599 1353 645 ex
1369 576 1695 651 tthratttdenartos
1711 586 1814 671 cudi,
1835 604 2055 671 necesseest,
2079 586 2217 661 drach·

166 682 226 756 hic
243 680 377 753 reditus
395 687 536 768 superat
551 686 725 744 nostrates
741 672 875 759 venas,
891 696 1043 767 quarum
1059 674 1166 744 uber·
1217 700 1296 746 mae
1315 678 1474 768 precium
1498 680 1618 751 minus
1646 706 1739 770 esse,
1776 710 1883 779 quam
1913 688 2069 762 Romani
2090 689 2217 764 Dana.

167 803 220 858 tas
241 806 340 853 nunc
360 775 634 848 celebratissima
657 787 720 844 est.
777 773 891 845 Porro
905 775 1023 844 nullas
1039 798 1167 864 argen-
1217 777 1274 851 rii.
1326 775 1375 850 Et
1393 781 1523 872 opinor
1536 807 1616 854 cum
1634 788 1764 856 nostris
1779 784 2218 884 Sebreclsenbergensibm

168 903 241 960 teas
263 902 395 954 massas
419 880 460 948 in
481 879 554 948 illis
574 877 856 948 ioecuudrssrmrs
879 877 966 946 locrs
979 889 1080 948 natas
1094 896 1167 946 esse
1217 879 1425 966 convenire,
1444 881 1473 950 si
1490 907 1618 954 aureus
1626 888 1777 959 usitatus
1791 892 1924 962 valebit
1936 908 2069 985 septem
2080 891 2217 967 Sebre-

163 1012 254 1067 ‚sane
270 985 401 1055 mirum
416 994 515 1051 esset.
1218 981 1550 1072 ekenbargensibus.
1611 984 1709 1059 Haec
1733 984 2013 1065 audivi'erudite
2038 998 2220 1088 disputari

270 1083 448 1179 Equidem
469 1104 549 1151 cum
568 1101 675 1149 venas
691 1073 799 1149 huius
818 1080 943 1149 aetatis
963 1078 1105 1149 consero
1121 1078 1165 1147 ad
1218 1082 1377 1172 aperitis
1399 1108 1519 1153 rerum
1532 1089 1803 1160 metallicarum.
1862 1093 2079 1192 Quanquam
2095 1115 2219 1172 autem

171 1207 328 1270 veteres,
354 1207 456 1274 saepe
477 1182 636 1252 animum
660 1181 757 1251 subit
777 1179 987 1265 adruinum,
1019 1178 1167 1273 quibat,
1217 1176 1282 1251 has
1297 1185 1522 1277 quaestiones
1537 1189 1682 1279 agitavit
1697 1193 1754 1262 vir
1774 1195 2008 1281 clarissimus,
2034 1198 2220 1291 Georgius

173 1293 275 1364 utin
298 1278 397 1357 nulla
420 1298 517 1377 parte
537 1285 635 1353 orbis
658 1297 833 1352 terrarum
856 1280 1067 1372 respondeat
1082 1276 1168 1351 baec
1218 1279 1403 1372 Agricola,
1437 1289 1620 1360 excellenti
1641 1294 1843 1366 eruditione
1863 1312 1897 1368 et
1916 1299 2048 1371 virtute
2071 1305 2219 1394 praedi·

173 1409 267 1465 aetas
282 1402 439 1458 veterum
455 1385 700 1454 foecunditati.
751 1379 851 1452 Olim
867 1379 1022 1478 Phrygia
1045 1395 1080 1452 et
1095 1380 1168 1477 Ly·
1218 1397 1292 1466 tus,
1317 1399 1436 1455 tamen
1456 1401 1498 1457 ut
1518 1413 1596 1460 roos
1616 1408 1759 1483 geratur
1780 1401 2032 1471 consuetudini
2047 1400 2218 1489 scholae,

173 1499 231 1567 dia
259 1494 465 1560 immensam
487 1487 560 1556 vim
583 1485 661 1555 auri
685 1480 906 1569 habueruut,
937 1507 1012 1554 non
1029 1497 1167 1554 tantum
1219 1482 1522 1559 deferonunchas
1537 1493 2063 1586 utilesquaestiouesad·virum
2079 1508 2219 1577 doctiss

175 1581 414 1669 ex'ramentis
442 1589 481 1655 in
514 1585 658 1657 Pactolo
690 1586 862 1664 inventis,
899 1589 968 1656 sed.
983 1608 1023 1655 ex
1040 1583 1168 1654 vicinis
1217 1587 1347 1657 simum
1370 1589 1424 1660 M.
1444 1583 1609 1662 Paulum
1626 1590 1808 1683 Edemm,
1841 1624 1983 1693 arrogo
2005 1619 2045 1677 ut
2065 1629 2123 1676 eas
2145 1631 2217 1679 ex·-

173 1695 375 1768 montibus.
421 1688 512 1759 Nam
528 1690 623 1783 quod
640 1686 786 1756 flumina
804 1710 929 1756 aurum
947 1680 1100 1771 vehunt,
1125 1708 1167 1754 eo
1218 1689 1336 1780 plicet.
1386 1690 1485 1762 Dixi.
1541 1724 1545 1733 .
1680 1692 1683 1701 '
1869 1722 1872 1727 ·

175 1803 234 1882 fit,
261 1796 344 1888 quia
365 1792 502 1863 vicinae
524 1803 608 1860 sunt
631 1812 763 1874 venae,
784 1811 803 1858 e
826 1789 955 1882 quibus
981 1789 1041 1858 illa
1061 1808 1166 1857 arena
1219 1843 1226 1855 ,
1582 1873 1590 1891 ι
1717 1836 1722 1849 -
1936 1852 1940 1863 .
2021 1886 2024 1890 A
2072 1856 2075 1863 .

178 1897 350 1978 elabitur,
375 1906 436 1962 aut
450 1905 563 1962 certae
582 1913 690 1960 venae
705 1890 743 1959 in
760 1889 908 1960 flumina
927 1892 1168 1980 porrigunturi
1354 1892 1358 1899 ’
1429 1868 1607 1958 ΜΡΝ
1627 1871 1681 1943 Μ·
1708 1875 1837 1957 Pauli
1864 1880 1998 1961 Ebtrt'·

116 2074 120 2080 ‚
178 2001 323 2088 Quanta
344 1994 583 2065 autemiuerit
606 1991 763 2076 ubertas,
794 2014 868 2059 non
884 2006 1023 2062 tantum
1039 1988 1169 2062 utte-
1266 1990 1271 1999 '
1321 1987 1505 2060 Assentior
1521 1993 1605 2079 tibi,
1623 1993 2216 2102 miMatbesi,-partrmeysicer

178 2124 261 2193 gum
277 2097 402 2188 opibus
417 2095 638 2176 aestimatur,
663 2107 704 2162 ut
718 2091 850 2186 Mydae
866 2107 927 2165 aut
943 2091 1083 2175 Croesi,
1108 2091 1167 2159 sed
1219 2092 1376 2161 “senon
1392 2096 1668 2184 aspernandam,
1686 2100 1927 2187 cognitionem
1935 2107 2127 2196 originiset
2144 2137 2215 2181 na·

178 2228 221 2273 ea
235 2197 381 2291 privatis
400 2199 551 2289 quoque.
582 2234 584 2239 ·
604 2193 737 2265 Scribit
750 2194 845 2262 enim
855 2193 1076 2280 Herodotus,
1089 2188 1170 2289 ‘ho-
1219 2194 1319 2263 'turae
1341 2191 1593 2282 Metellorum,
1620 2222 1768 2292 eamque
1781 2202 1981 2276 doctrinam
1997 2230 2069 2278 non
2088 2210 2210 2280 'solum

177 2303 312 2374 minem
328 2289 503 2389 privatum
511 2291 681 2392 Pythium
696 2298 845 2366 donasse
856 2293 947 2387 Regi
960 2293 1070 2366 Dario
1085 2292 1169 2363 Pla·
1220 2292 1460 2375 adformicas
1475 2297 1555 2366 illas
1569 2300 1765 2389 pertinere,
1791 2328 1883 2396 quae
1896 2332 2028 2377 annm
2038 2311 2215 2393 effodiunt

178 2422 301 2476 tartum
316 2423 476 2483 auream,
503 2423 543 2469 ac
557 2399 664 2470 vitem
679 2420 842 2480 auream,
867 2421 907 2467 ac
923 2412 1063 2490 postea,
1088 2406 1169 2466 cum'
1220 2420 1261 2465 ex
1285 2395 1499 2477 monibus.
1516 2400 1578 2468 sed
1601 2401 1707 2469 etiam
1734 2406 1777 2471 ad
1802 2428 1883 2489 nos,
1909 2409 1979 2501 ¹qui
2005 2409 2216 2485 lncScholir

109 2576 112 2580 ,
179 2506 322 2577 Xerxen
347 2496 505 2592 hospitio
526 2493 1012 2593 excepisset‚·interrogaturn
1030 2498 1171 2581 dixisse,
1221 2512 1366 2565 naturas
1400 2521 1520 2568 rerum
1557 2503 1782 2594 inquirimus.
1845 2506 2062 2602 Quanquam
2097 2529 2216 2584 autem

181 2631 218 2678 se
240 2618 376 2696 praeter
399 2604 528 2671 fundos
551 2597 681 2669 habere
702 2613 840 2670 tantum
864 2602 1000 2689 argenti
1024 2616 1059 2671 et
1082 2599 1171 2682 auri,
1221 2599 1391 2690 temporis
1411 2602 1572 2687 angustia
1596 2599 1761 2673 hocloco
1783 2632 1855 2676 nou
1874 2611 2027 2699 patitur,
2055 2629 2093 2682 ut
2109 2617 2216 2684 insti-

182 2709 279 2803 quod
302 2704 431 2782 valuit,
464 2714 504 2774 ut
525 2715 647 2799 nostro
668 2724 766 2771 more
787 2702 993 2794 loquamur,
1019 2700 1172 2792 amplius
1221 2714 1362 2770 tuamus
1391 2700 1533 2791 longam
1557 2705 1845 2794 explicationem,
1877 2726 2054 2783 tamenet
2080 2715 2215 2786 aliare

183 2805 450 2904 quadringentis
467 2804 588 2874 tonnis
605 2801 878 2876 Coronatorttm.
1220 2802 1420 2903 impediunt
1467 2800 1564 2872 llaec
1585 2805 1736 2895 intelligi
1759 2833 1833 2878 non
1856 2828 2022 2902 possunt,
2048 2815 2119 2886 nisi
2137 2840 2214 2905 me-

283 2905 366 2978 Etsi·
377 2918 493 2976 autern
510 2907 639 2974 mirum
654 2919 723 2989 est,
747 2918 863 2975 tantas
876 2902 1083 3001 fuisse-opes
1096 2903 1172 2997 pri·
1222 2894 1388 2973 tallorum
1405 2904 1564 2974 officinas
1576 2907 1682 2977 etiam
1698 2909 1898 2997 videamus,
1925 2928 1960 2984 et
1974 2918 2124 2987 varietas
2139 2944 2217 2988 ma-

181 3004 448 3087 ¹u'atibominis,
473 3021 591 3078 tamen
607 3007 696 3076 illud
713 3007 825 3077 multo
839 3006 1094 3096 magismirum
1109 3019 1172 3088 est,
1223 3005 1331 3073 teriae
1355 3018 1580 3079 monstretur.
1640 3002 1751 3077 Neutro
1779 3013 1872 3080 errim
1890 3010 2033 3108 Pyritae
2051 3031 2085 3087 et
2101 3019 2216 3089 Gale-

179 3100 302 3205 irasci
331 3132 405 3178 non
428 3111 608 3198 ademptas
629 3131 740 3178 essee
763 3099 922 3198 Regibus
945 3121 980 3175 et
1003 3106 1171 3198 Satrapis.
1220 3106 1556 3201 nane-differentiam
1576 3108 1791 3204 ,imaginati
1816 3117 1965 3209 pqterit,
2005 3120 2077 3188 uisi
2109 3124 2218 3191 rebus

183 3210 398 3286 Nuncenim
416 3211 712 3302 privatustantas
731 3211 913 3280 facultates
930 3209 1096 3278 adversus
1114 3231 1171 3278 ra·
1222 3208 1401 3299 inspectis.
1472 3246 1478 3255 ·
1518 3262 1538 3303 ⁴.
1654 3291 1659 3305 Ι
1703 3249 1753 3303 z„
1787 3254 1824 3303 .'··
1911 3260 1914 3264 a

178 3298 367 3411 paritatem
386 3310 533 3403 Regum
554 3326 589 3384 et
612 3299 818 3403 Principum
841 3310 933 3381 tueri
953 3333 1028 3378 non
1045 3322 1171 3400 posset.
1322 3302 1375 3377 De
1385 3308 1577 3409 posteriore
1587 3313 1791 3404 quaestione
1801 3308 2087 3391 breviterdicam.
2128 3320 2217 3394 Fuit

177 3410 281 3507 ⁴Ergo
314 3414 468 3483 vicissim
497 3427 588 3483 terra
621 3435 683 3482 sua
703 3436 849 3481 munera
880 3411 983 3481 nobis
1013 3412 1172 3500 denegat,
1222 3405 1777 3502 aliquod-Atticaedrachmae-et
1801 3419 2112 3513 denarii-Romani
2136 3425 2213 3494 dis-¹

183 3520 267 3613 quia
282 3517 444 3610 Tyranni
458 3528 492 3585 et
507 3515 569 3584 alii
586 3514 742 3611 improbi
760 3516 870 3584 iustos
885 3535 1096 3610 possessores
1113 3536 1172 3612 ea-
1221 3511 1376 3595 crimen,
1408 3513 1469 3580 sed
1491 3534 1658 3608 perquam
1679 3517 1865 3605 exiguum,
1902 3519 1985 3593 ideo
2007 3522 2130 3595 Latini
2147 3549 2215 3618 pro

185 3621 336 3692 cutiuut.
393 3616 516 3688 Postea
541 3629 700 3685 monetae
723 3616 931 3711 corruptelis
960 3615 1171 3684 defraudant
1223 3608 1392 3682 drachma
1409 3614 1593 3683 denarium
1611 3616 1910 3694 usitatcdicunt.'
1948 3666 1951 3673 -

180 3710 369 3817 populum.
1326 3712 1544 3784 Testimonia
1565 3717 1731 3807 colligere
1754 3714 1863 3791 multa
1887 3720 2034 3812 possem.
2065 3723 2219 3814 'Quan-

180 3827 202 3865 ·.
286 3816 492 3892 Ostendunt
516 3831 648 3888 veteres
669 3817 755 3887 libri
778 3818 956 3887 rationum
971 3814 1173 3888 Metallica-
1219 3830 1299 3886 tum
1331 3828 1448 3884 autem
1477 3812 1567 3887 lucis
1584 3817 1912 3895 ‘accedat'bistoriis
1936 3840 1971 3894 et
2000 3825 2075 3895 luri
2102 3828 2219 3915 civili,

179 3928 284 4006 rum,
312 3924 416 3993 etiam
426 3918 850 4014 Mysnicasvenasmulto
865 3918 1173 4003 uberioresluisse,
1223 3917 1362 4006 cognita
1388 3940 1427 3986 re
1446 3921 1647 3990 nummaria
1673 3925 1799 4002 veteri,
1835 3950 1940 3994 nemo
1965 3927 2119 4017 ignorat.
2170 3929 2216 4000 lu
2277 3916 2279 3921 ¹

186 4051 265 4096 cum
284 4025 447 4094 videlicet
462 4023 575 4092 tribus
590 4017 800 4091 haeredibus
815 4015 1088 4094 Marchionibus
1101 4036 1173 4093 tre·
1223 4017 1324 4121 Lege·
1339 4017 1460 4103 Lecta,
1491 4023 1536 4091 de
1564 4023 1670 4092 rebus
1699 4026 1861 4109 creditis,
1898 4031 2019 4120 quales
2044 4032 2216 4101 tenebrae

185 4142 288 4198 centa
320 4126 433 4194 millia
463 4146 652 4193 aureorum
691 4123 881 4218 quotannis
915 4125 1172 4214 pendebantur.
1224 4134 1324 4197 sunt,
1347 4116 1381 4188 'si
1403 4122 1481 4212 quis
1505 4122 1644 4212 ignorat
1659 4129 1788 4195 veteris
1811 4129 1862 4196 rei
1878 4132 2100 4202 nummariae
2115 4156 2215 4201 com-

185 4227 290 4298 Nunc
315 4227 410 4297 velut
433 4227 550 4295 effoeti
574 4239 711 4297 montes
735 4247 957 4319 nequaquam
988 4228 1075 4295 adeo
1097 4226 1172 4294 ioe—
1223 4222 1469 4311 putationem?
1519 4223 1587 4294 Sed
1614 4220 1705 4296 hauc
1726 4239 1834 4297 totam
1847 4231 2127 4321 disputationem
2141 4235 2215 4304 dii-

179 4330 404 4421 ¹cundisuut.
455 4324 645 4414 Disputent
660 4327 740 4406 alii,
768 4351 865 4395 suam
882 4328 980 4419 quasi
997 4341 1172 4397 senectam
1223 4324 1377 4393 feremus
1393 4325 1430 4392 in
1447 4325 1543 4394 aliud
1562 4341 1710 4418 tempus.
1762 4328 1855 4400 Dixi.
1978 4382 1982 4389 .

187 4456 261 4502 esse
286 4445 417 4509 terrae,
448 4443 482 4497 et
498 4428 688 4517 significari
710 4423 816 4498 huius
836 4429 959 4498 mundi
979 4429 1173 4500 interitum.

185 4532 262 4623 Ego
291 4531 400 4619 tnagis
432 4530 604 4612 arbitror,
635 4530 848 4599 sterilescere
872 4544 999 4598 terram
1028 4540 1174 4619 propter
1229 4523 1355 4553 “⁴
1366 4546 1747 4559 “”·““’““““““··“

185 4634 396 4707 iniustitiam
427 4628 624 4704 hominurn.
684 4631 754 4701 Sed
781 4627 845 4700 hac
874 4630 1017 4722 querela
1044 4630 1172 4698 omissa
1237 4676 1292 4749 No
1330 4672 1374 4749 2¹
2017 4696 2039 4761 s

174 4741 289 4810 'redeo
305 4738 348 4806 ad
364 4733 540 4820 Plinium,
558 4733 595 4800 iu
613 4759 682 4826 quo
699 4735 742 4802 de
758 4735 864 4802 rebus
872 4729 1063 4801 Metallicis
1077 4731 1172 4800 rnul-
1233 4729 1401 4802 ..1Λᾷ
1957 4699 2212 4832 ww

184 4855 219 4911 ta
235 4843 383 4911 obscure
399 4838 526 4928 scripta
543 4851 636 4910 sunt.
678 4835 767 4904 Nam
786 4848 821 4904 et
834 4834 903 4902 alia
919 4834 1076 4925 quaestio
1092 4833 1174 4925 plu·
1213 4864 1220 4875 “
1294 4860 1326 4914 1„
1341 4861 1506 4931 Qorosion.
1521 4881 1548 4934 p.
1564 4865 1608 4922 42,
1642 4865 1709 4922 Item
1725 4869 1756 4923 ,·„
1773 4868 1877 4928 emp·
1891 4871 1958 4930 Met.
1970 4873 2002 4928 p,
2015 4873 2035 4930 Ι.
2052 4893 2080 4946 P,
2093 4880 2156 4939 501.

184 4943 314 5013 rimum
338 4941 473 5030 negocii
494 4939 578 5008 facit
601 4938 767 5017 eruditis,
795 4936 895 5005 cuius
916 4935 1101 5027 explicatio
1119 4947 1172 5006 ta·-
1372 5015 1380 5029 ο
1514 5015 1521 5030 ⁸
1930 5019 1938 5035 ·

181 5069 266 5115 men
282 5040 472 5112 necessaria
490 5054 540 5109 est
554 5042 597 5106 ad
614 5041 855 5127 cognoscenda
871 5052 987 5108 vetera
1005 5036 1171 5129 pondera,
1224 5011 1422 5098 9²⁴⁰⁰³¹²⁰t
1441 5018 1610 5081 ''mai“
1623 5015 1760 5109 “Mad
1776 5017 1964 5111 ⁶²⁰r9⁸⁰
1978 5021 2213 5100 Burman·

172 5151 226 5217 ad
249 5144 417 5216 Monetae
441 5141 567 5234 precia.
629 5136 728 5210 Alibi
746 5140 841 5213 :dicit
862 5138 1019 5221 Plinius,
1052 5138 1173 5210 Detra-
1337 5136 1394 5185 Μ
1419 5111 1699 5209 Gddwdmit
1732 5116 1790 5189 15·
1807 5114 1964 5209 dsept.
1986 5121 2099 5202 1541·

174 5252 275 5318 'rium
308 5244 438 5316 babere
469 5244 607 5331 pondus
634 5238 831 5312 Draclrmae
854 5242 1001 5312 Atticae.
1060 5242 1171 5312 Libro
1217 5229 1442 5336 Quanquam
1460 5261 1556 5335 grata
1573 5262 1623 5317 est
1641 5243 1730 5316 milri
1745 5238 1990 5326 benevolentia
2006 5277 2214 5357 praecepto-

140 5399 143 5405 -
181 5350 359 5421 tricesimo
395 5345 499 5417 tertio
531 5344 597 5428 ait,
630 5366 669 5411 ex
689 5342 803 5413 'Libra
831 5359 970 5416 tantum
993 5345 1172 5434 octoginta
1222 5368 1320 5432 runa,
1365 5348 1428 5438 qui
1456 5345 1546 5419 milri
1569 5346 1664 5420 hunc
1692 5349 1809 5421 locum
1832 5355 2034 5433 tribuerunt
2055 5358 2213 5458 quadam
