4748 6022
149 286 152 292 '
198 275 276 353 bil
769 275 1229 370 'QUAESTIONES'
1255 271 1653 369 Antunnacum
2163 277 2238 355 872

172 500 175 505 ,
194 442 361 529 culmine,
385 465 459 538 qno
473 453 508 513 et
522 440 692 515 biliosum
707 443 747 513 in
762 469 910 541 corpore
924 460 1184 519 excrementum
1231 468 1281 520 ,eo
1296 444 1387 515 lario
1408 443 1597 527 libentius,
1622 456 1662 514 ut
1684 440 1842 512 iuniores
1859 465 1983 513 senum
2000 446 2157 538 exernpla
2173 448 2237 518 in-

196 546 372 640 copiosius
386 557 471 616 ante
486 545 673 617 collectum
688 547 806 632 luerit,
833 562 867 619 et
882 549 1019 640 hepatis
1033 551 1186 639 languor
1238 548 1395 631 tuentes,
1422 546 1531 636 magis
1548 559 1667 615 ament
1684 544 1790 634 leges.
2059 550 2084 565 “
2132 614 2136 621 ,
2157 605 2163 613 ,
2187 548 2193 559 ’

195 650 278 742 plus
303 647 473 732 creverit,
496 661 531 718 et
555 647 721 718 intestina
750 666 873 720 tenero
902 674 1008 720 sensu
1037 654 1187 721 delicata
1341 649 1442 719 Sicut
1460 649 1568 738 igitur
1588 647 1756 717 usitatum
1779 658 1849 730 est,
1875 644 2134 736 Quaestionem
2151 672 2234 743 pro-

196 752 396 821 erosionem
416 748 560 838 gravius
582 750 741 820 tulerint.
799 749 938 824 Caeteri
962 754 1097 823 fructus
1119 754 1189 823 im·
1240 775 1388 842 ponam,
1413 750 1457 818 de
1474 772 1543 842 qua
1560 752 1624 818 etsi
1643 748 1840 838 amplitudo
1854 771 1980 820 causae
1994 749 2139 842 longam
2154 778 2233 826 ora-

195 851 347 938 maturi,
370 852 410 935 in
425 850 557 945 quibus
569 876 695 921 succus
713 876 846 947 aqueus
866 879 946 924 cum
963 856 1055 926 sicco
1073 871 1187 926 terreo
1241 853 1372 921 tionem
1391 852 1562 941 postulat,
1588 865 1704 921 tamen
1722 873 1785 939 ego
1807 851 1950 923 brevior
1964 877 2041 924 ero:
2065 851 2232 957 quiahoc

197 956 360 1026 nondum
383 955 493 1045 probe
517 953 702 1033 subactus,
737 967 773 1025 et
799 979 865 1025 nec
888 957 1005 1026 calore
1026 958 1112 1025 solis
1134 969 1189 1026 est
1240 968 1397 1044 tempore
1415 956 1550 1042 integra
1566 951 1750 1044 explicatio
1766 950 1904 1023 institui
1927 978 2001 1024 non
2028 971 2161 1047 potest:
2197 960 2232 1039 ‘et

181 1068 414 1136 ''maturatus‚
461 1055 584 1124 eodem
624 1057 730 1124 modo
770 1060 963 1129 crudorum
1002 1083 1187 1128 succorum
1240 1069 1357 1125 tamen
1375 1053 1665 1123 commonefactio
1683 1053 1781 1124 utilis
1798 1067 1861 1123 est.
1901 1050 1944 1124 ln
1960 1072 2083 1128 nostra
2098 1060 2231 1132 vicinia

198 1157 465 1229 coacervatione
494 1155 677 1226 materiam
706 1160 893 1248 praebent,
927 1185 968 1230 ac
987 1161 1186 1231 lomentum
1240 1155 1540 1229 Stenckeleldiani
1557 1149 1808 1227 Eutbusiastae
1827 1157 2091 1247 vociferantur,
2113 1162 2231 1236 electis

200 1272 235 1329 et
258 1257 441 1350 putredini
468 1269 502 1326 et
532 1257 644 1329 fluxui
669 1260 902 1353 dysenterico.
962 1261 1188 1354 Quandoque
1240 1259 1473 1350 expectandos
1488 1281 1560 1327 esse
1574 1257 1714 1327 divinos
1728 1257 1879 1339 alllatus,
1898 1253 1988 1328 nihil
2006 1260 2101 1354 ipsos
2115 1288 2232 1356 agere,

199 1361 228 1432 si
252 1361 297 1429 ad
320 1359 483 1430 collectos
500 1371 606 1456 antea
623 1362 753 1431 crudos
767 1356 935 1433 humores
957 1359 996 1433 hi
1009 1367 1187 1445 accedant,
1239 1362 1298 1428 sed
1326 1373 1411 1429 tunc
1433 1384 1512 1429 cum
1535 1360 1671 1450 serapi
1696 1360 1854 1430 sentiunt
1878 1362 2030 1449 invitos,
2056 1365 2230 1459 incipiant

197 1462 314 1532 febres
329 1461 536 1532 incendunt.
581 1459 808 1557 Quandoque
823 1468 868 1534 ad
883 1480 997 1536 cutem
1014 1489 1187 1556 spargon-
1239 1461 1404 1530 invocare
1425 1458 1551 1531 Deum.
1591 1457 1645 1529 Ex
1676 1456 1742 1529 hac
1767 1459 1955 1536 Manichea
1977 1464 2229 1556 imaginatione

198 1580 259 1636 tur
272 1563 402 1632 exclusi
418 1586 481 1655 per
496 1586 603 1633 venas
617 1578 762 1636 naturae
778 1567 911 1658 impetu
925 1581 960 1637 et
975 1568 1011 1636 iu
1027 1559 1187 1660 ἐξανθή-
1239 1564 1404 1635 incidunt
1432 1564 1535 1632 multi
1560 1563 1597 1631 in
1621 1575 1807 1653 perpetuas
1832 1564 2088 1653 dubitationes,
2120 1573 2230 1643 multi

188 1689 299 1759 ματα
319 1677 531 1757 erumpunt,
554 1656 611 1735 vel
627 1667 673 1735 ad
699 1690 806 1736 unam
830 1668 985 1762 aliquam
1000 1671 1187 1761 depellun-
1239 1664 1330 1734 fiam
1347 1660 1534 1755 prophani,
1559 1665 1745 1752 indulgent
1768 1665 1836 1733 sihi
1854 1668 1979 1763 securi,
2005 1673 2229 1744 etdirunrr'a

185 1782 258 1838 ,tur
277 1779 433 1858 partem,
457 1788 563 1860 quam
582 1766 621 1835 in
637 1779 814 1839 tumorem
836 1771 1014 1842 attollunt.
1066 1769 1186 1858 Quare
1239 1768 1665 1856 raptusillosexpcrtare3
1694 1762 1749 1833 his
1763 1790 1907 1858 oppono
1921 1770 2055 1840 dictum
2073 1770 2228 1845 Nazian-

198 1891 324 1957 magna
351 1890 436 1937 cura
456 1867 641 1939 vitandum
671 1893 770 1939 esum
793 1873 979 1942 crudorem
1005 1873 1184 1942 fructuum
1237 1868 1333 1936 zeni:
1368 1866 1499 1936 Omnis
1515 1868 1626 1935 virtus
1642 1892 1661 1937 a
1676 1867 1751 1939 Deo
1768 1882 1837 1949 est,
1863 1870 1966 1940 datur
1983 1886 2105 1943 autem
2122 1876 2228 1948 invd-

198 1969 379 2054 esistimo‚
403 1982 437 2039 et
457 1969 563 2039 nobis
582 1970 700 2062 pueris
713 1996 754 2042 eo
771 1975 905 2066 magia,
925 1976 1023 2068 quod
1038 1997 1184 2063 corpora
1238 1970 1400 2040 cantibus
1415 1984 1449 2039 ct
1462 1970 1714 2042 annuentibus.
1759 1969 1827 2040 Sed
1850 1992 1967 2060 graeca
1984 1976 2091 2044 verba
2115 1980 2227 2070 magis

198 2087 318 2142 nostru
341 2084 452 2140 aetate
467 2065 585 2140 adhuc
601 2073 723 2145 mollia
740 2088 776 2143 et
796 2089 935 2158 tenera,
959 2091 995 2147 et
1011 2102 1053 2146 ex
1068 2071 1185 2170 oiddi]-
1237 2074 1419 2161 persspittta
1454 2083 1552 2141 sunl:
1595 2075 1673 2142 πᾶν
1704 2065 1749 2142 το
1780 2067 2087 2168 κατορθούμενον
2118 2077 2226 2176 nop'd

198 2167 320 2269 φαγίᾳ
336 2173 453 2242 crudis
469 2172 612 2264 impleta
628 2169 838 2247 humoribus
852 2202 892 2246 ac
904 2179 1051 2259 defessa,
1070 2179 1185 2249 olien-
1237 2171 1331 2243 θεοῦ
1346 2169 1439 2257 ἐστὶ,
1466 2167 1616 2244 δέδοται
1630 2166 1671 2244 δὲ
1687 2176 1764 2253 τοῖς
1783 2173 2022 2267 καλουμένοις
2042 2176 2105 2252 καὶ
2121 2179 2228 2256 οὕτω

197 2276 332 2344 duntur
354 2274 511 2354 lucilius,
544 2299 585 2344 ae
607 2277 839 2365 periculosius
861 2279 1059 2350 laeduntur.
1111 2278 1181 2351 Sed
1235 2267 1397 2348 νεύουσι.
1442 2271 1622 2343 ⁴Moechus
1637 2296 1710 2344 nou
1726 2274 1867 2347 differat
1891 2280 2146 2368 poenitentiam
2161 2288 2230 2354 dci·

197 2377 316 2469 quavi
333 2376 472 2469 inquies
487 2377 582 2446 succi
597 2377 719 2467 frigidi
737 2392 772 2450 et
793 2375 931 2451 humidi
949 2382 1181 2452 exulcerando
1236 2398 1301 2444 nec
1329 2377 1475 2445 senserit
1507 2377 1589 2445 illos
1609 2371 1900 2462 Enthosiasmos,
1933 2381 2067 2474 quibus
2092 2385 2227 2458 iuvitn's

196 2492 267 2548 tam
289 2478 488 2566 periculose·
503 2479 663 2550 sauciant
689 2480 877 2566 intestina,
906 2497 947 2554 ut
972 2500 1006 2555 et
1025 2498 1181 2554 ramenta
1234 2478 1504 2546 transformetur
1515 2478 1553 2545 in
1571 2479 1657 2546 semi
1675 2476 1806 2566 Deum;
1831 2483 1890 2549 sed
1906 2483 2074 2553 omittens
2088 2487 2226 2560 adulte·

196 2579 348 2669 insignia
373 2603 414 2648 ac
437 2579 583 2649 lacinias
607 2582 781 2671 pelliculis
802 2587 982 2669 deterant,
1006 2599 1040 2656 et
1056 2585 1183 2655 caloris
1236 2578 1349 2662 rium,
1375 2593 1468 2669 petat
1484 2602 1554 2648 tea
1571 2579 1647 2649 Deo
1662 2581 1794 2667 iuvari,
1818 2595 1851 2652 et
1866 2584 1991 2653 dolens
2008 2608 2084 2656 non
2105 2588 2225 2660 indul.

195 2681 331 2751 febrilis
358 2703 500 2753 sensum
532 2677 720 2765 invehant,
756 2696 790 2753 et
824 2700 1016 2774 provocent
1047 2700 1181 2756 tartum
1233 2694 1312 2768 geat
1325 2680 1562 2772 diffidentiae,
1589 2683 1754 2752 sedvoce
1770 2679 1957 2773 Evangelii
1980 2710 2018 2756 se
2041 2702 2223 2766 sustentet.

196 2782 379 2869 sanguinis
401 2782 650 2871 eruptionem?
687 2782 924 2875 Respondeo:
957 2786 1037 2856 Non
1059 2789 1182 2870 suavi,
1234 2779 1303 2851 Hic
1324 2785 1412 2851 ordo
1435 2782 1599 2872 congruit
1617 2786 1663 2853 ad
1686 2786 1904 2870 doctrinam,
1930 2812 2023 2881 quae
2045 2790 2148 2863 iubet
2166 2816 2224 2863 or·

194 2907 259 2952 nec
274 2883 390 2974 primo
406 2884 525 2952 statim
538 2906 687 2954 occursu
704 2880 772 2954 hoc
788 2887 964 2971 alliciunt,
985 2891 1045 2957 scd
1061 2904 1183 2980 putre·
1234 2883 1305 2951 diri
1327 2881 1605 2954 Conversiouem
1627 2910 1647 2954 a
1671 2887 1782 2956 verbo
1804 2888 1888 2972 Dei,
1921 2905 1955 2958 et
1976 2910 2100 2981 petere
2126 2895 2223 2963 auri-

190 2985 279 3057 dine
301 2982 471 3075 corrupti.
527 2983 621 3056 Nam
648 2988 736 3056 dum
766 2987 928 3077 largioris
951 3002 986 3059 et
1007 2991 1181 3061 erudiorir
1234 2984 1334 3055 lium.
1387 2985 1469 3055 ldeo
1493 2985 1638 3056 dicitur:
1674 2987 1818 3076 Quanto
1847 2992 1958 3080 magis
1979 2993 2090 3063 Pater
2111 3011 2223 3066 vester

192 3087 287 3161 succi
302 3086 403 3178 copia
419 3085 571 3157 calorem
586 3086 745 3158 nativum
761 3091 861 3180 prius
882 3090 1089 3180 languidum
1105 3116 1181 3161 arn-
1233 3086 1391 3157 coelestis
1411 3089 1512 3158 dabit
1527 3088 1702 3178 Spiritum
1723 3105 1883 3162 sanctum
1896 3095 2120 3184 petentibus;
2152 3120 2221 3189 nou

192 3188 287 3281 plius
301 3183 487 3274 hebetant,
510 3190 654 3259 tandem
668 3191 714 3260 ab
729 3214 770 3263 eo
787 3192 949 3273 destituti
971 3206 1005 3265 et
1022 3194 1179 3266 conclusi
1233 3187 1366 3281 inquil:
1396 3192 1692 3280 repugnantiis&
1709 3206 1753 3263 οἱ
1776 3194 1813 3262 in
1832 3190 2010 3284 Epicurea
2034 3200 2219 3270 securitate

192 3290 353 3385 undique
374 3289 489 3361 calore
511 3293 743 3363 exardescunt
763 3292 881 3363 alieno
903 3307 937 3364 et
960 3309 1178 3386 putrescunt.
1232 3291 1495 3380 expectantibus
1508 3287 1790 3367 Entbosiasmos.
1825 3293 1962 3385 Regula
1976 3296 2090 3387 igitur
2104 3313 2220 3371 tenes-

175 3389 262 3463 ..sed
277 3405 372 3461 aeus
392 3404 513 3462 nostra
528 3415 593 3463 nee
618 3394 710 3485 capit
728 3419 794 3464 nee
811 3397 1011 3490 assequitur
1024 3398 1179 3488 explica·
1231 3403 1306 3461 rur:
1331 3388 1526 3473 audientes
1539 3419 1661 3463 vocem
1676 3395 1779 3484 Legis
1794 3409 1828 3465 er
1843 3392 2044 3488 Evangelii,
2070 3402 2220 3473 velimus

190 3493 324 3565 tionem
340 3493 607 3565 accuratiorem.
647 3494 767 3586 Quare
778 3493 1024 3568 Clarissimum
1038 3498 1082 3570 D.
1099 3501 1179 3571 Do.
1230 3494 1481 3576 obedientiam,
1507 3508 1542 3567 et
1556 3509 1715 3587 petamus
1729 3497 1913 3574 auxilium.
1945 3499 2006 3571 Sic
2020 3515 2057 3573 et
2071 3500 2220 3594 inApo-

189 3607 325 3666 ctorem
335 3608 537 3666 reverenter
551 3621 636 3681 oro,
659 3612 701 3669 ut
713 3597 886 3670 eruditius
908 3625 985 3671 eam
1008 3614 1042 3673 et
1056 3603 1179 3696 copio-
1230 3580 1362 3689 calypsi
1380 3597 1530 3667 dicitur:
1564 3597 1688 3668 Sto-ad
1708 3596 1865 3670 hostium
1886 3614 1920 3672 et
1937 3601 2060 3692 pulso‚·
2085 3605 2116 3674 si
2141 3605 2218 3698 quis

188 3697 261 3767 sius
277 3697 500 3770 auditoribus
515 3700 673 3794 explicet.
724 3698 819 3770 Dixi.
1230 3699 1330 3766 audit
1355 3722 1475 3769 vocem
1497 3723 1633 3784 meam,
1655 3715 1690 3772 et
1713 3703 1826 3793 aperit
1849 3702 2014 3791 ianuam,
2039 3706 2218 3797 ingrediar

368 3835 372 3841 =
1229 3800 1385 3871 adeum.

1166 3891 1173 3906 ⁶
1231 3960 1234 3964 ,
1321 3899 1391 3972 Sed
1409 3913 1530 3971 contra
1547 3901 1726 3993 dispumat
1741 3900 2004 3995 Enthusiastae,
2031 3908 2216 3982 Mortuum

1228 3997 1322 4072 nihil
1349 4005 1438 4094 agit,
1471 4004 1633 4074 voluntas
1662 4005 1816 4078 humana
1846 4024 1896 4079 est
1925 4025 2086 4097 mortua,
2123 4009 2213 4083 nihil

199 4108 264 4180 No.
280 4108 341 4178 70.
768 4058 773 4069 Ι
952 4109 1018 4193 (au.
1038 4114 1177 4199 laam)
1228 4103 1337 4192 igitur
1360 4107 1449 4196 agit3
1482 4118 1517 4176 et
1540 4107 1699 4180 adfertur
1718 4109 1915 4181 similitudo
1940 4115 1986 4182 de
2007 4114 2098 4198 luto,
2123 4137 2213 4208 qnae

194 4203 364 4230 Μ
958 4209 1171 4247 Μ
1227 4206 1266 4277 in
1292 4208 1405 4297 capite
1424 4206 1461 4280 9.
1485 4208 1530 4276 ad
1555 4207 1739 4281 Romanos
1765 4213 1944 4284 recitatur.
2009 4214 2132 4285 Fateor
2156 4238 2214 4287 me

255 4320 286 4374 to
303 4317 824 4395 seteer.neet·n.r.ttt.p.tstrqq.
865 4319 987 4381 serrat
1003 4320 1053 4382 ur.
1072 4327 1173 4399 past.
1226 4301 1463 4383 banctautam
1481 4313 1720 4403 quaestionem
1736 4337 1809 4383 non
1824 4317 2127 4408 posseexplicare‚
2152 4319 2211 4388 sed

288 4387 463 4444 aiebant.
478 4386 526 4445 ¹¹¹·
543 4407 573 4463 ο·
588 4388 648 4445 ⁵⁰¹·
1226 4422 1344 4480 tamen
1368 4413 1465 4481 illam
1496 4408 1779 4503 prophanitatem
1802 4418 1847 4485 de
1869 4431 1972 4507 raptu
1997 4420 2211 4510 expectando

183 4559 364 4643 Quocum
377 4558 571 4651 proposito
590 4576 615 4626 cs
628 4557 676 4626 D.
695 4554 993 4631 Boltlrosoro
1015 4559 1173 4631 Neon·
1225 4514 1375 4603 9⁹⁰¹*oe
1389 4540 1462 4584 '¹⁰¹¹
1479 4537 1635 4605 9⁰⁸⁵¹¹¹⁰¹
1661 4514 1876 4589 R‘mmllf
1897 4521 1992 4589 ‘⁰5¹¹'
2010 4522 2210 4591 ⁶⁰¹¹V0¹³l⁰·

182 4659 213 4733 d
312 4659 358 4734 ὼ
427 4668 443 4731 t
496 4665 505 4682 .
603 4667 684 4730 ΗΘ
739 4660 892 4730 mera.
985 4665 1021 4731 ‘tt
1060 4658 1146 4734 cm
1226 4636 1306 4681 uem
1322 4628 1353 4684 et
1369 4617 1541 4706 extinguit
1557 4619 1845 4701 consolationem,
1870 4635 1903 4690 et
1919 4623 2064 4692 abducit
2080 4638 2208 4693 mentes

215 4684 284 4753 ²⁹⁰³
361 4683 467 4734 cm
490 4680 823 4837 ’1ιέξὲιέιαῖἒωὶ
858 4682 993 4734 mm
1040 4683 1060 4732 ⁸
1109 4685 1171 4771 ⁰-⁰
1223 4717 1374 4785 averho
1397 4715 1483 4795 Dei,
1505 4719 1550 4787 ad
1573 4724 1810 4810 quaerendam
1832 4738 1988 4792 nostram
2013 4728 2207 4813 puritatem,

1221 4839 1301 4885 cum
1322 4815 1428 4889 Fides
1449 4821 1591 4890 accedat
1616 4825 1659 4889 ad
1684 4819 1800 4892 Deum
1821 4827 1930 4896 verbo
1958 4825 2102 4911 innixa,
2140 4850 2205 4897 non

179 4900 374 5008 Utrunque
398 4939 454 4983 me
479 4927 639 4983 senectus
661 4914 780 4993 docet,
807 4925 839 4980 et
864 4913 1071 4984 modestiam
1094 4937 1169 4987 esse
1220 4932 1360 4990 nostrae
1376 4921 1536 5012 puritati.
1588 4921 1790 4998 Usitataest
1811 4926 1924 5019 igitur
1938 4953 2004 4998 vox
2024 4933 2203 5000 universae

172 5016 273 5086 inter
292 5016 380 5085 alios
401 5017 577 5085 doctiores
602 5029 732 5099 tacere,
763 5013 793 5081 si
816 5014 937 5098 liceat,
966 5031 1000 5085 et
1020 5016 1049 5083 si
1073 5017 1167 5104 leges
1218 5024 1348 5091 veteris
1377 5020 1573 5107 Ecclesiae,
1610 5027 1839 5115 praecedente
1872 5030 1984 5118 gr‘atia
2018 5034 2203 5103 conritauts

175 5118 342 5202 iubeant,
368 5117 500 5185 iustum
516 5116 670 5187 officium
686 5139 759 5184 esse
775 5118 1029 5206 obtemperare.
1081 5116 1164 5189 Non
1218 5123 1412 5200 voluntate.
1463 5123 1517 5195 De
1544 5121 1610 5196 hac
1634 5129 1966 5221 utiliquaestiona,
1998 5158 2065 5204 oro
2090 5133 2200 5208 Reve-

175 5222 284 5310 igitur
305 5219 482 5290 iudicetur
497 5218 716 5307 impudentia
735 5240 825 5303 esse,
848 5221 943 5310 quod
960 5219 998 5287 in
1014 5214 1078 5291 hoc
1093 5221 1166 5290 fre-
1216 5229 1366 5296 rendum
1389 5228 1506 5298 virum
1529 5221 1697 5298 Paulum
1720 5227 1902 5311 Eberrrm,
1934 5250 1973 5305 ut
1988 5260 2046 5306 me
2070 5251 2105 5307 et
2122 5238 2200 5308 alios

174 5322 318 5419 quentia
341 5323 563 5392 eruditorum
584 5323 627 5389 ad
644 5319 835 5389 dicendum
857 5324 1008 5411 prodeo,
1034 5325 1094 5392 sed
1111 5321 1164 5392 le·
1185 5316 1190 5402 Ι
1216 5327 1352 5408 doceat,
1378 5346 1412 5401 et
1430 5333 1499 5400 iam
1514 5329 1744 5401 fundamenta
1761 5336 2005 5424 explicationis
2021 5352 2199 5425 monstret,

172 5450 257 5517 gum
277 5423 461 5498 autoritati
481 5446 604 5517 parere
627 5445 684 5491 me
700 5423 866 5511 cogitate:
901 5426 998 5519 quod
1015 5425 1160 5525 quidem
1182 5407 1189 5497 i
1214 5441 1251 5501 ut
1267 5431 1484 5521 dubitationi
1497 5448 1640 5507 nostrae
1652 5437 1845 5523 medeatur.
1880 5436 1991 5512 Dixi.
2029 5502 2033 5513 .
2122 5461 2132 5481 ‘·
