4748 6022
92 236 131 313 71

63 399 136 446 esse
159 366 420 467 incisionem')
440 375 570 443 factam
596 396 638 443 eo
652 386 829 464 tempore,
854 395 937 443 cum
951 369 1056 441 Luna

61 490 152 550 esset
180 477 219 545 in
246 477 369 566 signo,
407 477 504 570 quod
530 474 785 546 dominabatur
803 473 859 543 illi
881 473 1054 544 membro.

61 581 216 653 Possunt
229 579 299 648 alia
314 578 426 648 multa
441 577 571 669 colligi.
623 575 693 649 Sed
709 571 932 646 delerobanc
946 598 1056 668 quae-

51 685 214 754 stionem
238 682 282 750 ad
306 681 422 749 virum
447 680 710 764 doctissimum,
741 692 919 748 versatum
947 677 1054 746 etiam

59 787 101 855 in
124 782 373 868 Astronomia,
406 779 673 873 Praeceptorem
690 804 828 866 meum,
858 778 1055 850 Dominum

61 889 257 959 Doctorem
272 876 510 969 Milichum,
536 906 577 953 ac
596 904 701 973 rogo,
725 881 973 976 utaliquando
989 904 1054 950 no·

60 990 119 1059 bis
135 988 277 1082 copiose
299 982 393 1057 bane
408 984 687 1056 controversiam
706 985 875 1077 explicet,
901 1006 942 1052 ac
959 982 1055 1052 diiu-

62 1093 168 1162 dicet.
218 1090 314 1166 Dixi.

812 1453 865 1522 16.
873 1453 952 1519 Nor.
964 1452 1057 1519 1536.

838 1545 1050 1582 Μ

61 1454 213 1583 Q.

134 1652 167 1704 In
187 1646 347 1719 Quaestioo.
366 1665 393 1719 p.
410 1645 445 1701 28
458 1665 519 1720 sqq.

63 1817 267 1910 Sententia
283 1816 525 1904 Hippocratis
537 1813 580 1883 in
595 1819 704 1883 sesto
721 1807 911 1903 Epidens:
936 1803 1057 1876 Labor

65 1917 241 1988 articulis
255 1924 294 1987 et
313 1918 421 1986 dorni
429 1913 611 2006 prodest,
637 1911 739 1984 ntus
750 1935 833 1983 uero
850 1919 888 1982 et
903 1929 1057 1981 amanus

63 2017 287 2107 naceretur,
321 2018 517 2109 explicatu
544 2037 569 2086 u
593 2017 702 2086 Doci-
727 2011 895 2086 Iacobo
920 2013 1056 2084 Mili·

65 2121 194 2211 cltio,
216 2141 292 2192 ‘un
315 2117 423 2192 1536.
444 2116 479 2190 d.
500 2115 559 2192 lu.
572 2121 666 2191 Nor.
683 2138 770 2188 omn
784 2125 881 2187 esset
897 2121 1057 2187 ornatus

203 2216 414 2317 insipaibus
428 2223 606 2292 Doctoria
619 2224 718 2292 nnis
730 2218 919 2291 Medione.

62 2368 176 2450 Initio
201 2395 344 2465 precor,
380 2385 419 2442 ut
441 2367 539 2442 Deus
561 2372 718 2463 optimus
742 2371 918 2442 maximus
942 2370 1057 2441 faveat

64 2475 231 2567 auspiciis
244 2468 352 2544 buius
365 2472 437 2544 mei
450 2469 599 2544 honoris
613 2472 908 2566 acprolessionis.
963 2471 1055 2543 Nam

63 2602 143 2650 cum
161 2575 322 2648 omnium
336 2574 534 2666 sapientum
547 2575 759 2648 testimoniis
769 2575 943 2646 divinitus
952 2599 1056 2644 mon-

63 2693 171 2753 strata
194 2669 240 2750 sit
263 2701 320 2751 ars
342 2678 530 2765 medendi,
563 2678 754 2770 petendum
777 2692 831 2775 est
853 2702 873 2748 a
893 2674 990 2760 Deo,
1016 2675 1069 2748 ut'

63 2784 140 2876 ipse
155 2794 291 2852 mentes
305 2804 346 2850 ac
360 2803 485 2850 manus
500 2781 673 2852 artificum
683 2781 867 2871 gubernet.
916 2776 1055 2850 Deinde

63 2885 234 2980 quoniam
258 2882 446 2954 autoritate
468 2882 604 2974 publici
623 2883 733 2963 moris
758 2881 799 2951 in
813 2878 882 2952 hoc
898 2881 976 2953 loco
993 2884 1055 2952 de-

63 3000 198 3057 cretum
213 2984 360 3079 aliquod
376 2996 519 3056 nostrae
535 2985 621 3056 artis
634 2983 883 3079 explicandum
897 2997 969 3070 est,
994 3009 1056 3076 pe-

63 3105 100 3161 to
115 3102 155 3159 ut
169 3089 310 3158 veniam
325 3086 417 3157 detis
429 3087 585 3158 orationi
598 3111 717 3174 meae,
743 3111 832 3181 quae
847 3110 922 3154 non
938 3088 982 3156 ad
998 3087 1054 3155 in-

64 3191 161 3282 genii
183 3189 456 3262 ostentationem
479 3189 641 3262 instituta
655 3203 724 3275 cst,
752 3190 814 3259 sed
830 3202 871 3260 ut
884 3189 1057 3260 laudatis·

63 3295 173 3364 simae
188 3291 438 3363 consuetudini
459 3315 536 3362 mos
556 3306 746 3388 gereretur.
799 3285 923 3386 ltaque
939 3316 1056 3386 neque

62 3394 249 3465 materiam
265 3394 400 3487 sumpsi
415 3392 609 3466 admodum
626 3394 771 3481 exilem,
795 3393 836 3466 in
857 3417 927 3489 qua
941 3394 1057 3468 admi-

64 3498 240 3568 rationem
261 3497 396 3587 ingenii
419 3512 560 3590 captare
575 3520 732 3590 possem,
757 3498 819 3567 sed
835 3497 958 3568 adfero
975 3521 1057 3566 sen·

62 3599 209 3670 tentiam
232 3614 369 3691 aptam,
397 3612 440 3670 ut
462 3594 643 3687 existimo,
672 3594 758 3670 huic
787 3601 984 3682 auditorio,
1017 3598 1057 3670 in

64 3726 135 3796 quo
157 3701 324 3770 iuventus
342 3695 491 3771 honoris
521 3701 636 3771 nostri
666 3724 790 3783 causa,
831 3702 957 3776 usitata
984 3699 1056 3771 fre-

61 3801 207 3897 quentia
224 3802 402 3874 convenit.
452 3798 548 3874 Duxi
562 3801 658 3874 enim
670 3817 894 3895 praeceptum
910 3805 1057 3899 aliquod

64 3929 107 3974 ex
122 3903 268 3995 optimis
282 3904 468 3975 autoribus
481 3917 622 3975 nostrae
635 3904 721 3976 artis
735 3906 956 3979 recitandum
972 3930 1058 3994 esse,

64 4007 161 4102 quod
188 4019 223 4076 et
243 4005 347 4076 facile
369 4005 569 4097 intelligere
592 4008 757 4078 iuventus
775 4023 909 4100 posset,
934 4025 968 4081 et
984 4036 1056 4104 quo

62 4107 265 4193 admonita,
290 4107 532 4179 valetudinem
544 4108 749 4201 diligentius
763 4123 932 4183 tueretur.
974 4110 1056 4202 Qua

62 4213 101 4280 in
126 4235 164 4280 re
186 4210 323 4281 utinam
341 4204 400 4296 hi,
426 4210 541 4304 quiin
565 4211 693 4284 studiis
710 4211 895 4284 literarum
912 4238 1056 4284 versan-

63 4328 138 4398 tur,
170 4312 578 4403 diligentiores'essent,
611 4313 696 4408 quia
725 4314 765 4383 in
797 4316 899 4386 nullo
928 4338 1056 4406 genere

62 4416 155 4485 vitae
168 4415 279 4505 magis
290 4438 381 4505 opus
396 4428 447 4486 est
461 4415 707 4488 incolumitate
719 4415 852 4487 virium
868 4434 903 4491 et
919 4419 1056 4490 valetu-

105 4512 176 4582 te.
208 4542 314 4611 quam
339 4518 379 4586 in
402 4519 540 4590 studiis.
598 4517 689 4588 Nam
712 4543 860 4613 corpora
878 4518 971 4591 male
991 4521 1054 4592 ad-

121 4592 348 4777 ffx‘ngqime
369 4635 517 4711 possunt
539 4620 773 4692 intentionem
796 4623 997 4695 animorum
1021 4638 1055 4695 et

206 4774 215 4790 .
305 4742 371 4788 eur
400 4747 432 4789 m
1045 4779 1054 4800 ,

144 4724 1055 4947 ”usitatissima

157 4903 414 5062 “inconst“an
586 4924 738 5018 Propter
753 4924 817 4998 has
832 4930 1055 5018 gravissimas

169 5026 187 5069 θ
530 5103 555 5140 e.
624 5031 665 5098 ‘la
686 5044 777 5116 erat,
804 5032 847 5100 ad
863 5033 1053 5121 regendam

726 5128 774 5202 lit
789 5133 955 5203 vitandae
971 5149 1056 5206 sunt

663 187 1505 292 Quattsrtouusacanuutuau.

2026 192 2101 269 us
2164 290 2167 294 ⁸

1105 361 1338 446 offensiones,
1368 387 1442 435 non
1457 365 1573 435 solu'm
1588 366 1671 458 quia
1690 366 1942 458 inpraesentia
1959 379 2100 452 nocent,

1107 466 1167 535 scd
1191 467 1304 537 multo
1329 468 1440 556 magis
1461 462 1624 537 habenda
1645 481 1696 539 est
1709 470 1800 540 ratio
1816 483 1986 541 venturae
2000 483 2097 540 aeta·

1106 567 1153 637 tis
1175 580 1210 638 et
1233 582 1410 653 senectae,
1444 591 1534 661 quae
1559 592 1634 639 non
1659 583 1867 661 potestesse
1891 573 2096 666 tranquilla,

1106 684 1268 762 quassato
1292 671 1362 739 iam
1385 695 1551 763 corpore,
1577 685 1611 742 et
1625 685 1750 743 vexato
1767 675 1926 746 adsiduis
1940 675 2096 744 crudita-

1106 772 1218 855 tibus,
1244 773 1405 864 crapula,
1428 773 1875 854 insomniis,.resolutione
1891 801 2096 860 nervorum,

1106 883 1141 941 et
1162 872 1338 944 similibus
1360 875 1528 965 pestibus.
1588 873 1755 965 Quantus
1781 893 1899 949 autem
1923 902 2024 948 error
2050 877 2097 948 sit

1106 974 1320 1056 iuventutis,
1353 976 1497 1062 videtis,
1529 1001 1604 1047 non
1627 979 1741 1049 solum
1763 981 1853 1050 ratio
1876 981 1976 1051 nulla
1992 975 2096 1050 adbi-

1107 1079 1211 1147 betur
1224 1078 1269 1148 ad
1287 1079 1547 1149 confirmandas
1561 1080 1672 1164 vires,
1692 1083 1752 1151 sed
1768 1083 1905 1152 nullius
1918 1081 1969 1152 rei
1985 1082 2097 1151 iactu·

1107 1203 1146 1249 ra
1160 1178 1275 1250 levior
1287 1180 1449 1267 ducitur,
1468 1205 1574 1275 quam
1591 1182 1813 1253 valetudinis.
1862 1183 1938 1253 Alii
1953 1197 2098 1276 propter

1107 1280 1272 1351 inertiam
1289 1296 1324 1354 et
1339 1283 1515 1353 inscitiam
1538 1284 1675 1354 nullam
1698 1287 1942 1370 oeconomiam
1968 1287 2006 1354 in
2023 1285 2097 1354 dis-

1107 1383 1312 1465 tribuendis¹
1338 1385 1577 1478 temporibus,
1622 1386 1715 1471 cibi,
1754 1401 1878 1478 potus,
1920 1387 2097 1471 laborum,

1107 1486 1238 1580 quietis
1261 1486 1463 1561 observant.
1513 1481 1589 1558 Alii
1610 1489 1764 1579 praediti
1785 1489 1913 1560 animis
1925 1489 2099 1576 gladiato-

1109 1588 1191 1672 riis,
1223 1588 1471 1659 fortitudinem
1494 1591 1673 1682 quandam
1697 1613 1770 1661 esse
1791 1593 1946 1674 ducunt,
1973 1591 2099 1659 imma-

1109 1689 1219 1760 nitate
1230 1713 1371 1760 morum
1382 1691 1421 1759 in
1435 1692 1627 1773 conviviis,
1654 1693 1823 1780 inludis,
1848 1692 1999 1783 vigiliis,
2025 1691 2098 1758 vim

1111 1791 1252 1861 adferre
1273 1794 1502 1884 corporibus,
1528 1807 1564 1864 et
1586 1808 1679 1865 certa
1696 1797 1908 1866 detrimenta
1923 1792 2099 1864 valetudi-

1109 1894 1166 1963 nis
1181 1916 1367 1967 accersere.
1419 1893 1517 1966 Haec
1536 1896 1627 1967 vicia
1644 1911 1679 1969 et
1693 1899 1732 1966 in
1748 1897 1945 1989 praesentia
1959 1909 2099 1978 nocent,

1108 2009 1143 2067 ct
1169 2010 1293 2066 serunt
1317 1998 1449 2069 multos
1478 1999 1641 2084 morbos,
1674 2016 1861 2093 erupturos
1887 2000 1925 2067 in
1949 2011 2100 2080 senecta,

1108 2122 1216 2192 quae,
1250 2098 1280 2168 si
1294 2099 1388 2168 vires
1402 2099 1475 2169 sint
1491 2101 1579 2169 adeo
1594 2114 1808 2194 prostratae,
1837 2126 1900 2172 nec
1918 2102 2099 2177 diuturna,

1108 2224 1173 2270 nec
1197 2200 1295 2270 utilis
1310 2198 1543 2293 Reipublicae
1561 2226 1634 2271 esse
1648 2215 1774 2294 potest.
1832 2201 1954 2296 ltaque
1971 2226 2016 2271 ne
2032 2200 2102 2268 mi-

1109 2325 1205 2387 sera,
1238 2324 1403 2393 praeceps
1432 2317 1466 2372 et
1486 2304 1625 2374 inutilis
1655 2306 1701 2374 sit
1722 2319 1904 2389 senectus,
1934 2303 2098 2373 valetudo

1109 2404 1248 2473 ratione
1262 2417 1298 2473 et
1310 2418 1383 2474 arte
1399 2406 1552 2495 regenda
1567 2419 1600 2477 et
1616 2408 1747 2477 tuenda
1765 2422 1827 2480 est.

1209 2498 1267 2578 Ad
1278 2499 1371 2576 hanc
1386 2530 1461 2576 rem
1474 2508 1624 2580 tradidit
1634 2508 1739 2579 nobis
1748 2510 1874 2581 utilem
1888 2504 2098 2579 sententiam

1108 2606 1362 2699 Hippocrates,
1388 2608 1539 2679 inserto
1558 2607 1845 2701 Epidemiorum:
1877 2603 2011 2680 Labor
2034 2631 2098 2676 ar-

1108 2706 1233 2778 ticulis
1261 2716 1292 2777 ct
1316 2707 1425 2779 carni
1441 2704 1609 2805 prodest,
1647 2709 1750 2784 cibus
1778 2734 1858 2782 vero
1886 2720 1917 2782 et
1946 2732 2098 2781 somnus

1109 2806 1316 2884 viscnibns.
1878 2829 1881 2833 ’

1209 2913 1312 2984 Hanc
1326 2913 1537 2985 sententiam
1550 2915 1660 3004 magis
1674 2916 1872 2987 amabimus
1886 2916 2099 2987 illustratam

1108 3031 1144 3087 et
1165 3039 1363 3101 excussam,
1388 3041 1468 3088 cum
1492 3017 1710 3103 videbimus,
1732 3031 1905 3112 quantum
1921 3018 2102 3089 contineat

1108 3118 1426 3189 eruditissimarum
1451 3121 1751 3210 disputationum,
1781 3138 1816 3194 et
1845 3145 1949 3215 quam
1979 3121 2025 3190 sit
2054 3122 2098 3189 ad

1109 3219 1218 3291 vitam
1234 3221 1344 3291 utilis.
1393 3217 1474 3291 Etsi
1488 3235 1606 3292 autem
1621 3223 1660 3291 in
1674 3217 1740 3292 hac
1755 3223 1924 3316 temporis
1938 3223 2100 3312 angustia

1109 3345 1183 3391 non
1199 3335 1349 3415 possunt
1357 3347 1481 3393 omnes
1491 3322 1545 3392 illi
1557 3323 1645 3404 loci,
1672 3349 1761 3418 quos
1775 3321 1835 3397 bie
1844 3326 1964 3396 brevis
1973 3319 2100 3417 Apho-

1109 3424 1238 3494 rismus
1265 3424 1527 3516 complectitur,
1561 3426 1748 3517 explicari,
1782 3441 1901 3497 tamen
1927 3430 2100 3520 quosdam

1109 3527 1386 3617 declarabimus,
1411 3540 1452 3596 ut
1470 3527 1644 3597 sententia
1663 3527 1723 3599 fiat
1736 3529 1906 3599 studiosis
1918 3553 2099 3598 commen-

1109 3628 1236 3701 datior.

1159 3783 1162 3787 »
1207 3726 1369 3799 Primum
1384 3727 1493 3820 igitur
1507 3730 1690 3807 sciendum
1700 3745 1768 3816 est,
1793 3726 1861 3803 hoc
1874 3746 2099 3824 praeceptum

1109 3831 1287 3924 pertinere
1302 3833 1346 3901 ad
1366 3856 1441 3902 eam
1460 3846 1595 3925 partem
1610 3835 1697 3906 artis
1714 3836 1902 3921 medendi,
1924 3859 2015 3928 quae
2030 3836 2099 3904 do-

1109 3948 1164 4006 eet
1179 3936 1223 4004 de
1238 3936 1370 4006 tuenda
1390 3955 1451 4006 sen
1469 3937 1710 4009 conservanda
1725 3937 1887 4011 sanitate.
1936 3933 2099 4028 Cumque

1109 4036 1334 4109 constitueris
1362 4059 1492 4126 genus,
1531 4039 1706 4111 rationem
1741 4040 1895 4111 tuendae
1928 4038 2100 4122 sanitatis,

1109 4152 1214 4209 erunt
1227 4139 1357 4229 species
1372 4140 1629 4228 subiiciendae,
1654 4165 1713 4212 sex
1729 4165 1848 4212 rerum
1862 4165 1938 4213 non
1952 4153 2099 4211 natura·

1108 4240 1217 4326 lium,
1242 4253 1363 4332 aptum
1391 4265 1495 4312 usum
1517 4238 1639 4323 Aciris,
1669 4240 1751 4315 Cibi
1767 4267 1806 4313 ac
1820 4241 1949 4327 Potus,
1973 4239 2099 4313 Motus

1108 4356 1143 4413 et
1158 4341 1317 4431 Quietis,
1341 4342 1469 4414 Somni
1490 4357 1524 4415 et
1543 4342 1714 4434 Vigiliae,
1744 4343 1959 4417 inanitionis
1975 4356 2009 4414 et
2022 4341 2099 4416 Re-

1108 4444 1295 4536 pletionis,
1326 4458 1361 4515 et
1387 4446 1588 4517 adfectuum
1618 4447 1741 4522 animi.
1799 4447 1870 4519 Sed
1897 4441 1956 4517 bic
1977 4463 2098 4519 noster

1108 4542 1367 4638 Apborismus,
1398 4547 1537 4618 omissis
1556 4549 1636 4620 aliis
1650 4550 1852 4642 speciebus,
1878 4551 2038 4642 loquitur
2052 4551 2097 4619 de

1108 4651 1240 4735 tribus,
1266 4650 1504 4735 deexercitio,
1527 4653 1662 4724 decibo
1678 4666 1833 4742 nepote,
1857 4665 1892 4721 et
1906 4654 2096 4724 desomno.

1107 4751 1281 4822 Laborem
1296 4747 1356 4822 hic
1371 4753 1540 4842 intelligit
1555 4755 1850 4825 exercitationem.
1902 4751 1976 4821 Nec
1990 4752 2096 4845 longe

1107 4865 1261 4943 repetam
1274 4855 1594 4939 numerationem,
1609 4878 1714 4946 quam
1729 4852 1921 4922 necessaria
1931 4848 2097 4926 sitExer-

1106 4954 1244 5040 citatio,
1268 4955 1306 5024 id
1321 4957 1417 5025 enim
1434 4970 1556 5026 monet
1568 4950 1653 5025 haec
1667 4955 1742 5044 ipsa
1755 4955 1939 5029 sententia.
2000 4955 2094 5028 lllud

1107 5055 1224 5147 potius
1248 5057 1452 5127 addendum
1478 5071 1548 5136 est,
1581 5059 1624 5125 de
1648 5069 1806 5147 tempore
1823 5059 2095 5143 exercitationis,

1105 5159 1200 5253 quod
1218 5172 1300 5228 ante
1316 5159 1435 5228 cibum
1453 5159 1626 5228 utendum
1645 5171 1697 5232 est
1712 5158 1980 5245 exercitatione,
2003 5160 2094 5229 sicut

1105 5277 1137 5334 et
1162 5260 1253 5331 alius
1277 5255 1516 5351 Aphorismus
1536 5260 1671 5353 inquit:
1701 5257 1825 5335 Labor
1840 5262 1937 5332 cibos
1954 5283 2095 5352 praece-

1105 5369 1177 5436 dat.
1230 5361 1389 5456 Ideoque
1403 5360 1563 5435 Galenus
1577 5385 1705 5454 magno
1720 5363 1870 5434 consilio
1886 5365 1924 5433 in
1938 5365 2094 5435 secundo
