4748 6022
119 319 195 404 stt
271 291 272 294 ‘
700 310 1129 409 QUAasrton-ns
1164 304 1571 396 acauaottcatt
2072 330 2147 405 aaa

116 491 314 565 reverentia
333 483 529 562 'ministerii
553 482 777 578 Evangelici:
811 503 928 562 tamen
953 486 1105 582 optarim
1157 498 1343 556 servarunt
1368 485 1429 556 i112
1452 480 1631 560 Ecclesiae
1658 489 1813 578 lumina,
1845 522 1935 598 qnae
1970 489 2164 593 repressa

115 591 181 667 bas
203 607 319 687 partes
335 594 475 663 dicendi
493 591 572 663 aliis
587 590 625 659 in
648 586 835 662 boccoetu
852 593 1105 662 eruditioribus
1156 584 1504 704 ruutMartionitas‚
1534 588 1821 715 Samosatam,
1857 599 2004 688 Arium,
2038 619 2075 707 et
2094 605 2143 674 si-

115 700 216 769 datas
238 686 336 770 esse·¹
379 693 451 767 Sed
474 709 514 766 ut
538 693 775 783 obtemperem
798 694 961 784 publicae
985 709 1019 763 et
1037 688 1104 763 ho·
1154 686 1268 755 mtles·
1319 685 1516 759 Fatendum
1533 706 1722 784 estiatur,
1747 723 1915 771 maiorem
1936 727 2009 774 esse
2024 703 2141 800 Syno-

115 811 235 869 nestae
250 796 518 876 consuetudini,
552 794 672 864 adsero
688 794 832 863 brevem
850 794 1103 888 quaestionem,

115 916 150 972 et
171 923 235 968 vos
256 921 363 989 rogo,
396 892 549 968 uthans
578 918 692 964 meam
718 896 993 986 disputationem
1016 896 1102 966 boni

114 1000 315 1071 consulatis.
368 996 506 1070 Multae
521 1010 552 1066 et
568 1019 714 1086 magnae
730 998 988 1068 controversiae
1006 1021 1101 1067 nunc

112 1100 152 1171 in
171 1098 328 1172 Ecclesia
351 1115 465 1170 motae
487 1109 587 1181 sunt,
620 1097 805 1190 inquibus
824 1100 1015 1168 doctissimi
1034 1093 1101 1168 ho·

51 1198 55 1204 ’
110 1204 225 1272 mines
243 1227 318 1274 uon
340 1203 461 1271 eodem
483 1202 589 1270 modo
612 1200 739 1291 scripta
759 1196 962 1288 Apostolica
990 1201 1100 1271 iuter-

108 1317 315 1397 pretantur,
343 1328 382 1371 ac
404 1303 442 1370 iu
463 1296 666 1392 praecipuis
682 1301 837 1369 materiis
860 1303 1031 1370 dissensio
1049 1314 1098 1371 est

110 1409 155 1474 de
178 1404 309 1497 scripto
335 1418 368 1475 et
390 1402 580 1484 sententia,
611 1423 672 1470 seu
696 1395 779 1496 aspi
800 1401 913 1494 ῥητοῦ
930 1399 994 1474 καὶ
1014 1398 1098 1475 δια·

109 1503 229 1590 ψοίας,
268 1519 310 1576 ut
340 1501 543 1577 Rhetoricis
572 1503 869 1594 appellationibus
898 1518 988 1578 utar.
1048 1503 1098 1576 Ut

107 1607 219 1697 igitur
239 1608 278 1676 in
300 1608 378 1676 loro
403 1608 518 1696 legum
539 1603 781 1696 interpretatio
805 1628 824 1673 a
849 1603 1015 1697 Principe
1041 1606 1095 1674 vel

106 1735 125 1777 a
144 1707 307 1779 Praetore
320 1708 468 1800 petitur:
502 1707 549 1778 ita
565 1707 602 1774 in
626 1705 905 1775 dissensionibus
920 1705 1095 1777 Ecclesia·

106 1810 202 1880 sticis
223 1812 347 1880 dicunt
371 1833 388 1878 a
410 1807 556 1905 Synodo
581 1806 906 1898 interpretationem
931 1808 1095 1897 flagitan-

107 1915 186 1981 dam
212 1936 294 1983 essc.
353 1909 450 1981 Solet
472 1910 580 1999 igitur
602 1907 722 2000 quaeri
750 1908 793 1976 de
815 1907 954 1976 iudiciis
978 1908 1095 2002 Syno-

106 2015 253 2100 dorum,
280 2012 394 2106 qualis
410 2013 456 2081 sit
473 2021 624 2101 potestas
642 2008 898 2097 interpretandi
917 2009 954 2077 in
972 2005 1094 2080 Eccle-

104 2114 174 2197 sia,
201 2116 279 2209 quis
294 2109 429 2190 habeat,
442 2135 517 2180 eam
535 2121 759 2200 potestatem,
785 2122 820 2178 et
837 2132 882 2177 an
897 2134 1015 2181 errare
1026 2111 1094 2207 Sy-

103 2217 192 2285 nodi
212 2213 372 2303 possint?

205 2313 372 2404 Propono
396 2312 504 2402 igitur
532 2309 792 2402 quaestionem:
834 2306 914 2393 An,
940 2310 1092 2384 sumsit

105 2414 146 2482 in
167 2411 334 2484 Ecclesia
351 2421 512 2511 potestus
528 2407 809 2508 interpretandi,
833 2413 1026 2508 praecipue
1042 2413 1091 2483 sit

100 2509 192 2586 haec
208 2511 403 2585 tribuenda
418 2508 604 2609 Synodis,
629 2520 661 2580 et
674 2536 724 2579 un
741 2508 1017 2604 adfirmandum
1031 2515 1092 2602 sit,

102 2613 275 2712 Synodos
292 2614 451 2712 legitime
467 2622 631 2699 coactas,
656 2637 730 2683 non
745 2612 983 2713 possesalli?

202 2719 363 2790 Primum
381 2733 497 2790 autem
512 2717 677 2800 ostendo,
697 2728 899 2806 potestatem
914 2717 1089 2811 interpre-

100 2824 228 2892 tandae
244 2822 436 2913 scripturae
452 2843 524 2889 esse
539 2819 576 2886 in
595 2813 766 2887 Ecclesia:

150 2921 297 2993 Donum
318 2948 392 2992 non
407 2925 537 2992 frustra
554 2920 659 2988 datur
672 2913 868 2998 Ecclesiae,
901 2921 959 2989 sed
977 2934 1019 2991 ut
1033 2921 1085 2989 di-

202 3027 333 3095 indicet
350 3039 385 3095 et
398 3024 542 3093 dirimat
555 3021 823 3110 controversias.

150 3127 193 3198 ln
212 3126 368 3198 Ecclesia
383 3128 517 3195 donum
535 3135 586 3193 est
602 3120 920 3213 interpretationes

145 3227 242 3318 Ergo
258 3241 291 3298 et
306 3241 467 3318 potestas.

194 3330 333 3400 Deinde
355 3353 435 3400 cum
457 3322 619 3398 Christus
643 3325 797 3395 voluerit
812 3320 1004 3394 Ecclesiam
1023 3350 1083 3397 sua

94 3428 226 3502 habere
240 3431 372 3502 iudicia
387 3433 431 3501 de
445 3429 626 3513 doctrina,
652 3440 745 3497 certe
761 3427 911 3496 armavit
927 3449 1004 3495 eam
1020 3452 1084 3519 po-

93 3548 218 3605 testate
234 3536 362 3627 aliqua.
415 3531 522 3620 Quod
542 3544 659 3599 autem
682 3521 767 3596 haec
782 3539 934 3616 potestas
950 3529 1084 3617 praeci-

93 3659 164 3727 pue
179 3636 366 3706 tribuenda
381 3634 425 3703 sit
440 3630 612 3725 synodis,
633 3629 683 3697 sic
698 3629 863 3700 ostendo:
889 3625 1082 3701 Promissio

93 3739 184 3807 sacta
209 3749 353 3804 estnon
374 3733 440 3803 uni
459 3745 519 3803 aut
542 3729 708 3819 singulis,
733 3730 800 3796 'sed
816 3729 936 3797 mrtltis
953 3754 1081 3800 conve·

91 3836 291 3919 aientibus,
318 3835 407 3905 sicut
422 3833 590 3924 scriptum
609 3843 676 3899 est:
704 3829 916 3923 Ubicunque
932 3833 1003 3900 duo
1020 3846 1081 3903 aut

91 3955 163 4012 tres
184 3950 288 4008 erunt
308 3935 509 4025 congregati
533 3931 571 4001 in
592 3931 737 4002 nomine
760 3956 858 4016 meo,
897 3931 937 4000 in
961 3933 1079 4004 medio

91 4064 213 4112 eorum
230 4044 320 4112 sirm.
361 4036 527 4131 Synodus
541 4047 593 4104 est
607 4033 688 4103 talis
704 4051 907 4121 congressus
923 4033 1078 4126 plurium

89 4145 249 4235 piorum,
276 4153 310 4209 et
331 4139 533 4231 praesertim
558 4136 777 4205 docentium:
813 4129 909 4225 Ergo
926 4148 1079 4226 potestas

88 4246 170 4329 illa,
193 4267 297 4336 qoam
308 4238 495 4333 promissio
512 4238 712 4323 confirmat,
734 4236 887 4307 maxime
901 4238 942 4306 ad
960 4235 1077 4332 Syno-

88 4350 173 4418 dum
190 4347 352 4435 pertinet.

188 4443 328 4517 Deinde
350 4440 513 4515 Christus
535 4437 729 4511 Ecclesiam
754 4439 866 4508 voluit
886 4460 958 4508 esse
978 4440 1074 4511 iudi-

87 4573 181 4628 cem,
208 4572 287 4618 cum
314 4545 378 4616 ait:
409 4540 477 4615 Dic
492 4541 680 4616 Ecclesiae.
731 4538 780 4612 Et
793 4539 926 4612 Paulus
940 4541 1073 4636 inquit:

1155 786 1194 854 di
1219 787 1443 858 autoritatem
1466 789 1504 859 in
1528 791 1817 887 interpretatione
1832 805 2008 895 ambigui,
2034 832 2141 899 quarn

1153 887 1261 957 unius
1290 901 1351 959 aut
1380 890 1619 982 singulorum,
1653 895 1799 991 Alioqui
1827 903 1954 974 frustra
1985 896 2142 980 iussisset

1152 986 1334 1079 Scriptura
1351 991 1479 1061 deferri
1496 1017 1617 1066 causas
1630 1000 1673 1068 ad
1684 1001 1878 1074 multorum
1890 1006 2040 1094 iudicia,
2064 1012 2141 1081 tru-

1152 1103 1223 1160 stra
1239 1090 1429 1182 promissio
1443 1094 1533 1165 facta
1548 1111 1635 1168 emet
1650 1101 1824 1190 pluribus.

1251 1189 1344 1262 cum
1374 1206 1493 1264 autem
1523 1200 1751 1272 nominamus
1781 1201 1995 1293 Ecclesiam,
2041 1234 2139 1281 corn·

1149 1291 1339 1385 plectimur
1367 1318 1441 1365 non
1473 1298 1567 1368 solos
1597 1300 1801 1388 Ministros,
1839 1311 1899 1377 sed
1924 1311 2028 1380 etiam
2050 1313 2139 1382 alios

1149 1393 1226 1484 pios
1248 1409 1282 1464 et
1303 1397 1441 1466 doctos:
1468 1394 1522 1485 lta
1540 1413 1678 1488 tamen,
1703 1420 1744 1478 ut
1768 1404 1948 1494 Ministri,
1973 1412 2138 1504 quisunt

1149 1496 1358 1587 praecipuus
1376 1501 1526 1586 gratim,
1545 1525 1619 1573 non
1638 1506 1879 1584 excludantur.
1898 1593 1901 1600 Ι
1929 1507 2137 1584 absurdum

1148 1609 1199 1666 est
1212 1597 1325 1678 enim,
1352 1600 1503 1690 cogitare
1519 1599 1711 1675 Ecclesiam
1730 1611 1805 1680 sine
1824 1611 2034 1682 ministerio.

1248 1696 1346 1769 Haec
1368 1726 1449 1771 cum
1467 1705 1654 1776 constituta
1672 1723 1775 1796 sunt,
1801 1711 1837 1780 in
1853 1709 2010 1783 Ecclesia
2034 1730 2135 1806 pote-

1146 1810 1270 1868 statem
1285 1795 1358 1870 esse
1381 1803 1635 1896 interpretandi
1652 1810 1831 1901 ambigua,
1864 1838 2009 1908 eamque
2025 1814 2135 1909 perti}

1146 1923 1232 1969 nere
1256 1903 1300 1969 ad
1327 1904 1465 1992 plures,
1491 1899 1559 1978 boe
1581 1922 1650 1993 est,
1678 1914 1721 1980 ad
1747 1912 1928 2008 Synodos:
1964 1915 2134 2010 Sequitur

1146 1998 1374 2094 Synodorum
1411 2009 1601 2079 sententias
1636 2014 1896 2102 amplectendas
1923 2040 2014 2104 esse,
2054 2034 2133 2089 tan-

1146 2125 1251 2192 quam
1269 2119 1398 2191 certas,
1426 2121 1460 2177 et
1477 2132 1551 2178 non
1568 2109 1837 2189 labefactandae.
1876 2117 2021 2189 Frustra
2036 2122 2131 2191 enim

1145 2217 1233 2272 esset
1259 2219 1411 2294 potestas
1431 2210 1511 2276 data
1534 2209 1734 2298 iudicandi,
1767 2217 1795 2284 si
1821 2218 1939 2291 liceret
1962 2238 2131 2312 perpetuo

1143 2305 1330 2379 adversnri.
1383 2306 1490 2378 Nulla
1512 2325 1563 2383 est
1586 2312 1730 2403 politia,
1755 2317 1878 2409 inqua
1905 2344 1980 2389 non
1997 2324 2043 2391 sit
2060 2324 2129 2394 ali·

1143 2429 1212 2498 qua
1229 2430 1296 2474 vox
1314 2408 1431 2495 legum
1447 2411 1621 2502 interpres
1635 2413 1863 2494 inviolabilis.
1903 2418 1944 2492 Si
1963 2446 2002 2491 ea
2020 2426 2129 2495 maie·

1142 2520 1211 2576 stas
1234 2507 1404 2579 tribuitur
1425 2510 1603 2602 imperiis,
1632 2516 1715 2608 quia
1745 2520 1918 2591 divinitus
1939 2526 2128 2598 constituta

1141 2621 1243 2689 suut,
1277 2620 1312 2677 et
1333 2607 1430 2679 Deus
1454 2614 1567 2685 voluit
1589 2613 1835 2705 Magistratum
1868 2617 1933 2691 bac
1958 2639 2128 2715 potestate

1141 2708 1323 2778 iudicandi
1338 2712 1514 2783 munitum
1538 2738 1627 2786 esse:
1661 2716 1737 2789 Cur
1756 2745 1829 2791 non
1844 2719 2001 2796 Ecclesia
2015 2729 2127 2820 magis

1140 2805 1288 2883 haberet
1304 2814 1525 2884 autoritatem
1544 2814 1810 2908 inviolabilem,
1843 2849 1932 2918 quae
1947 2827 2052 2917 longe
2067 2853 2128 2900 sn·

1139 2925 1237 3002 perat
1254 2910 1404 3005 Imperia
1419 2916 1622 2988 maiestate?
1670 2918 1834 3017 Denique
1848 2949 2015 2999 concussa
2032 2929 2127 3025 Syn-

1080 3093 1089 3100 ,
1138 3015 1289 3084 odorum
1328 3019 1534 3097 autoritate,
1578 3034 1613 3101 et
1651 3025 1809 3096 retractis
1844 3022 1900 3099 his
1939 3034 2125 3123 repagulis,

1139 3119 1317 3205 quomodo
1341 3120 1534 3207 petulantia
1552 3122 1776 3211 ingeniorum
1798 3131 1950 3200 coerceri
1974 3136 2127 3224 poterit?

1137 3213 1267 3287 Nullus
1296 3219 1335 3287 in
1365 3215 1519 3290 Ecclesia
1549 3224 1764 3297 seditionum
1794 3229 1875 3300 linis
1904 3234 1986 3320 erit,
2020 3235 2051 3306 si
2073 3262 2124 3322 ea,

1137 3341 1227 3409 quae
1251 3333 1404 3390 vetustas
1419 3346 1556 3394 summa
1578 3327 1747 3415 gravitate
1765 3330 1937 3418 decrevit,
1962 3338 2122 3409 cavillari

1137 3418 1269 3492 licebit.
1310 3421 1447 3493 Multae
1460 3440 1542 3497 sunt
1557 3450 1698 3512 causae,
1719 3455 1808 3522 quae
1823 3434 1947 3505 deletis
1961 3451 2120 3510 veterum

1136 3521 1346 3591 testimoniis
1369 3546 1515 3613 magnos
1535 3543 1677 3618 possent
1691 3532 1866 3602 tumultus
1886 3538 2055 3624 excitare,
2080 3555 2121 3612 ut

1135 3622 1292 3712 quaestio
1309 3625 1351 3691 de
1368 3624 1544 3697 inlautum
1552 3625 1753 3720 Baptismo‚
1768 3633 1816 3731 de
1825 3632 1917 3703 Verb
1948 3686 1959 3716 ,
1976 3635 2073 3713 loan.
2089 3645 2119 3716 l.

1133 3745 1179 3789 an
1202 3723 1373 3823 significet
1395 3750 1599 3816 personam,
1624 3745 1659 3803 et
1684 3733 1871 3826 pleraeque
1894 3661 1995 3812 aiiae.
2046 3740 2120 3814 Va-

1134 3824 1202 3893 leat
1223 3813 1333 3914 igitur
1357 3827 1394 3894 in
1410 3823 1564 3900 Ecclesia
1588 3856 1706 3902 rerum
1724 3833 1959 3908 iudicatarum
1983 3844 2118 3914 autori·

1132 3938 1193 3994 tas.
1254 3925 1496 4017 Agnoscamus
1518 3934 1789 4023 promissiones,
1821 3962 1912 4030 quae
1935 3955 2117 4030 testantur,

1132 4028 1271 4115 piorum
1293 4053 1498 4119 congressus
1519 4049 1552 4105 et
1577 4036 1707 4104 indicia
1724 4037 1913 4126 gubernari
1932 4044 2115 4120 divinitus.

1129 4124 1249 4198 Discat
1279 4133 1450 4221 populus,
1483 4138 1714 4207 reverentiam
1744 4136 1943 4226 Ecclesiae,
1978 4158 2010 4215 et
2043 4147 2115 4218 illis

1129 4229 1268 4319 piorum
1300 4233 1484 4305 doctonrm
1516 4240 1760 4327 congressibus
1788 4243 1927 4327 deberi,
1964 4248 2025 4340 qui
2056 4248 2115 4319 iu-
2212 4297 2214 4301 >

1125 4331 1291 4418 gentibus
1311 4336 1562 4409 certaminibus
1583 4343 1819 4412 defenderunt
1843 4345 2026 4417 coelestem
2047 4348 2114 4419 do-

1125 4433 1287 4505 ctrinam.
1328 4431 1424 4505 Haec
1439 4452 1523 4510 sunt
1540 4441 1641 4512 utilia
1657 4445 1904 4536 tranquillitati
1920 4452 2113 4525 communi.

1119 4530 1213 4603 Nam
1230 4530 1391 4628 ἀναρχία
1414 4541 1506 4628 parit
1517 4555 1678 4616 aeternas
1691 4547 1976 4636 dilacerationes,
2001 4566 2034 4621 et
2051 4577 2107 4623 va·

84 4647 223 4722 Caeteri
246 4646 468 4719 diiudicent.'
511 4643 630 4732 Quare
646 4656 797 4735 potestas
810 4642 997 4734 praecipua
1021 4658 1073 4715 est
1121 4635 1275 4706 stitatem
1290 4634 1541 4718 Ecclesiarum.

84 4749 232 4848 Synodi.
282 4744 331 4817 Et
346 4770 425 4814 cum
443 4745 591 4834 probata
606 4748 822 4815 consuetudo
837 4745 882 4816 sit
897 4768 1021 4813 norma
1037 4759 1071 4816 et

1221 4735 1494 4834 Consideremus
1517 4758 1549 4815 et
1566 4748 1722 4834 exempla
1736 4743 1993 4830 Ecclesiamm,
2020 4777 2110 4844 quae

83 4859 257 4945 interpres
280 4847 386 4931 iuris,
417 4837 600 4914 videmus
623 4847 778 4936 purioris
800 4839 977 4915 Ecclesiae
992 4870 1069 4914 mo.
1120 4857 1217 4918 nunc
1238 4842 1443 4915 emendatae
1463 4859 1577 4914 sunt·
1614 4846 1656 4913 ln
1679 4841 1733 4913 bis
1748 4847 1875 4916 iudicia
1893 4867 2108 4940 exercentur,

83 4975 170 5031 rem.
219 4951 263 5022 ln
287 4944 385 5020 Actis
408 4970 482 5035 cap.
502 4939 559 5015 15.
581 4964 663 5013 cum·
682 4946 853 5015 dissensio
875 4956 951 5017 orta
969 4961 1067 5023 esset,

81 5063 125 5132 de
139 5053 368 5143 abrogatione
384 5047 491 5137 legis,
502 5043 704 5139 'mittuntur
719 5043 841 5135 Leffrti
859 5047 902 5113 ad
912 5038 1066 5134 Aposto-

1120 4939 1341 5026 quaestioues
1380 4945 1425 5012 ad
1463 4957 1583 5017 coetus
1626 4947 1845 5016 eruditorum
1884 4944 2105 5030 deferuntur.

1118 5031 1255 5109 Horum
1280 5043 1464 5114 sententiis
1481 5045 1584 5115 etiam
1602 5044 1640 5115 in
1660 5048 1765 5118 rebus
1789 5050 1948 5122 obscuris
1965 5060 2105 5128 auscul-

77 5165 143 5236 los.
194 5156 246 5227 Hi
265 5161 461 5224 convocant
482 5159 514 5215 et
527 5167 630 5214 suum
645 5146 850 5234 collegium,
881 5146 914 5213 e't
930 5156 1064 5217 exteros
1116 5151 1193 5208 tant
1212 5135 1401 5214 Ecclesiae.

76 5263 253 5338 seniores,
288 5268 327 5323 ut
357 5253 450 5320 inter
477 5272 513 5317 se
536 5249 580 5317 de
611 5271 650 5315 re
671 5259 765 5315 tanta
798 5245 1061 5321 constituerent.

1215 5241 1289 5312 Sed
1311 5243 1458 5336 quidam
1479 5258 1600 5315 contra
1627 5249 1819 5341 disputant.
1872 5251 2032 5324 Primum
2048 5256 2103 5329 sa-

72 5359 147 5440 Nec
163 5365 208 5434 de
221 5358 327 5430 unius
342 5351 534 5434 sententia,
559 5350 621 5418 sed
638 5347 768 5418 iudicio
783 5347 996 5433 multorum,
1022 5373 1060 5419 re
1111 5354 1231 5414 tantur
1250 5339 1651 5470 Ecclesiae-mandatum
1674 5375 1765 5443 aare,
1791 5367 1832 5424 ut
1851 5355 1984 5425 iudici,
2000 5381 2101 5430 em,

70 5470 219 5563 agitata,
242 5463 420 5532 decretum
434 5456 639 5525 factumest
678 5447 783 5521 Hunc
795 5473 927 5522 morem
936 5464 1056 5543 postea
1107 5458 1202 5532 ceat,
1225 5449 1286 5530 sed
1304 5449 1460 5536 addunt,
1478 5454 1646 5527 'tp-,dmm
1664 5478 1737 5526 ,m
1751 5456 1882 5549 laem,
1903 5481 1923 5529 a
1938 5481 2006 5554 qm
2023 5482 2098 5536 non
