4748 6022
108 284 112 291 ’
165 324 240 400 css
730 285 1159 417 ouansrrouus
1213 261 1621 399 acrosancta.
1830 295 1839 302 ’
2124 284 2199 389 ssa

171 537 176 546 ·
242 497 314 570 Sed
338 508 461 568 contra
484 482 697 590 opponitur,
724 493 936 592 Tyrannum
959 518 1033 565 non
1051 515 1160 588 quae-
1315 477 1483 575 Propono
1497 491 1615 553 autem
1628 479 1870 578 quaestionem
1883 485 1928 557 de
1942 482 2075 558 Terrae
2090 503 2200 577 motu,

165 601 289 675 sivisse
311 599 559 692 principaliter
584 598 788 691 pecuniam,
818 597 919 668 cuius
944 611 1061 668 custos
1087 607 1161 665 erat
1213 586 1257 656 de
1279 607 1348 679 qno
1369 598 1411 655 nt
1433 582 1642 674 cogitarem,
1674 583 1727 656 rei
1744 584 1930 658 inusitatae
1950 590 2137 661 admiratio
2161 592 2200 660 in
2308 666 2314 671 .

165 701 400 785 Laurentius,
424 702 484 770 scd
505 701 771 793 oppressionem
788 696 983 784 Ecclesiae,
1010 712 1045 770 et
1060 719 1161 768 ever·
1213 697 1402 761 causaest.
1451 682 1573 790 Λυρἷθ
1595 685 1690 755 ‘ssim'
1711 681 1776 758 hot
1801 702 1929 762 aestate
1953 693 2109 762 terribili·
2130 708 2198 764 tre-

168 807 307 876 sionem
329 803 437 874 totius
453 799 666 888 Ministerii,
692 815 812 895 erepta
835 825 875 873 ea
899 800 1064 893 pecunia,
1090 820 1162 892 qua
1214 812 1311 858 more
1331 809 1536 857 concussam
1560 808 1634 857 esse
1663 801 1770 860 totam
1793 815 1891 861 oram
1916 793 2000 863 iude
2023 819 2133 889 nsque
2155 796 2201 867 ab

168 906 356 979 alebantur
369 907 534 976 docentes
549 917 584 975 et
602 903 733 975 caeteri
750 916 891 993 egentes
905 902 945 973 in
961 902 1023 972 illa
1037 897 1162 972 Eccle-
1212 888 1383 1007 Harcinia
1404 890 1448 957 ad
1464 887 1645 959 Dresdam.
1696 885 1788 961 Cum
1810 906 1928 963 autem
1943 890 2078 966 Medici
2100 921 2202 989 prae-

167 1011 232 1081 sia.
269 1006 355 1080 Fuit
367 1007 477 1097 igitur
495 1005 611 1076 in‘illa
623 1003 809 1076 Laurentii
821 1005 1041 1075 recusatione
1055 1002 1161 1073 etiam
1213 993 1316 1084 cipue
1339 1013 1378 1059 ¹¹¹
1396 990 1680 1061 c⁰¹¹¹5ds¹ofi⁰¹¹t
1702 1006 2070 1078 1111111111111111111,
2097 1013 2130 1069 st
2145 1023 2202 1069 rs·

170 1133 272 1183 casus
292 1107 532 1180 confessionis.
591 1106 683 1177 Nam
705 1108 735 1177 si
755 1107 959 1178 tradidisset
987 1106 1160 1197 praelecto
1213 1116 1297 1163 cens
1310 1091 1356 1162 sit
1368 1087 1436 1161 hoc
1451 1091 1664 1185 prodigium,
1683 1095 1802 1164 censiti
1818 1096 2110 1184 interrogandum
2129 1122 2201 1171 esse

170 1211 372 1285 reconditos
386 1205 569 1282 thesauros
585 1206 780 1290 Ecclesiae,
807 1208 1026 1300 praebuisset
1045 1206 1162 1274 effica-
1214 1190 1311 1265 hone
1333 1217 1467 1263 novum
1489 1192 1695 1264 Ductorem:
1732 1193 1791 1263 Aa
1820 1193 2044 1294 sufficientes
2072 1224 2203 1272 causac

171 1339 248 1388 cem
277 1336 416 1383 causam
448 1310 593 1382 delendi
623 1311 858 1382 ministerium
890 1307 1095 1399 Evangelii,
1128 1319 1163 1376 et
1214 1305 1332 1366 tarrac
1346 1303 1509 1365 motuum
1524 1289 1668 1365 ostendi
1677 1296 1831 1391 possint,
1848 1307 1879 1366 ct
1891 1323 1943 1367 an
1959 1296 2074 1370 uliud
2083 1301 2203 1396 signi-

172 1413 406 1488 confirmandi
423 1412 538 1483 cultus
554 1413 753 1498 idolorum,
780 1411 891 1504 pulsis
911 1426 973 1482 aut
994 1411 1085 1480 fame
1099 1432 1164 1477 nc·
1203 1393 1331 1493 ficent,
1354 1405 1500 1494 practer
1515 1391 1661 1570 ιξιιέυε
1675 1391 1881 1493 Physicos?
1910 1400 1999 1471 Nam
2018 1405 2062 1472 de
2077 1405 2203 1477 effectu
2270 1441 2274 1449 ·

171 1518 259 1590 catis
273 1516 342 1608 piis
355 1507 561 1586 doctoribus
576 1528 610 1585 et
623 1515 794 1585 ministris
809 1510 1000 1585 Ecclesiae.
1031 1510 1081 1583 Ut
1095 1510 1164 1600 igi·
1216 1497 1366 1596 Physico
1388 1498 1507 1594 inquit
1539 1523 1673 1593 'enecat
1706 1498 1839 1591 Terrae
1859 1516 1974 1573 motus
1989 1505 2129 1577 adferre
2147 1509 2204 1577 di.

172 1633 232 1692 tur
244 1618 464 1703 ostenderet,
489 1640 526 1687 se
546 1617 662 1687 cultus
681 1617 861 1686 idolorum
879 1616 971 1686 serio
986 1611 1163 1701 detestari,
1215 1626 1291 1672 ram
1307 1603 1401 1673 luem
1418 1598 1614 1693 pecudibus
1630 1615 1664 1671 et
1680 1596 1897 1673 hominibus.
1950 1602 2039 1676 Eius
2060 1607 2204 1680 effectus

174 1736 209 1792 et
224 1719 460 1790 ministerium
477 1742 580 1789 verae
589 1715 765 1790 Ecclesiae
782 1719 895 1812 pluris
910 1718 1036 1800 facere,
1057 1738 1162 1808 quam
1216 1704 1319 1772 etiam
1337 1702 1480 1773 difficile
1497 1717 1548 1773 est
1561 1726 1702 1773 causum
1717 1707 1911 1775 ostendere.
1951 1704 2039 1776 Nam
2055 1733 2205 1800 corpora

175 1821 339 1918 Tyranni
358 1822 495 1907 minas,
523 1845 604 1892 cum
627 1837 744 1893 custos
767 1836 856 1891 esset
879 1820 977 1889 illius
1001 1817 1164 1909 publicae
1216 1804 1452 1875 animantium
1467 1828 1540 1874 non
1555 1816 1740 1875 mutantur
1755 1808 1896 1898 proprie
1912 1808 1989 1899 ipso
2006 1824 2118 1880 terrae
2134 1826 2204 1882 tre-

176 1922 364 2016 pecuniae,
386 1922 512 1994 maluit
528 1924 636 1996 vitam
655 1924 888 2015 profundere,
914 1945 1019 2014 quam
1042 1930 1165 2011 postu-
1217 1931 1326 1980 more.
1376 1903 1453 1976 Etsi
1469 1919 1585 1977 autem
1603 1907 1774 1976 decausis
1796 1911 2005 2004 propinquis
2026 1913 2205 1985 coniectu-

175 2025 263 2097 lmti
280 2024 459 2096 Praefecto
476 2023 661 2116 pecuniam
676 2024 829 2094 alienam
844 2026 1005 2115 prodere,
1216 2032 1276 2078 rae
1294 2007 1407 2097 magis
1431 2008 1557 2078 obviate
1582 2020 1691 2117 811111ἰ
1718 2009 1881 2081 videlicet
1901 2014 1945 2080 de
1967 2014 2111 2083 materia
2127 2041 2205 2084 mo-

1219 2124 1339 2196 vente,
1363 2123 1484 2180 tamen
1507 2110 1552 2179 de
1575 2131 1677 2178 causa
1702 2109 1835 2200 priore,
1861 2137 1951 2205 quae
1972 2115 2040 2185 ciet
2063 2110 2205 2198 halitus,

1218 2234 1281 2281 seu
1296 2224 1431 2290 ventos,
1453 2233 1516 2280 seu
1531 2234 1660 2304 aquam
1676 2211 1714 2279 in
1730 2225 1843 2281 terrae
1857 2213 2058 2300 visceribus,
2080 2241 2206 2308 magna

1219 2327 1271 2384 est
1288 2310 1492 2382 obscuritas.
1542 2308 1766 2383 Democritus
1782 2314 1889 2398 dixit,
1916 2340 2041 2408 aquam
2059 2318 2095 2386 in
2114 2337 2207 2391 terra

276 2177 349 2251 Sed
371 2173 548 2245 obiiciunt
567 2195 689 2244 rursus
710 2198 752 2243 ex
775 2174 878 2244 libris
899 2171 1025 2243 vestris
1044 2169 1167 2265 aliqui,

175 2281 296 2354 omnia
313 2299 386 2347 esse
403 2272 641 2367 imperatoris.
694 2273 791 2366 Ergo
808 2278 913 2346 ctiam
937 2274 1037 2344 illam
1061 2296 1169 2365 pecn-

177 2383 275 2451 niam
289 2375 468 2449 Ecclesiae
489 2377 643 2469 potuisse
659 2377 841 2448 vendicari
863 2375 1077 2447 aPraefccto
1096 2372 1168 2443 lm-

177 2482 363 2576 peratoris.
414 2479 467 2550 De
488 2473 555 2548 hac
579 2492 697 2548 autem
722 2494 793 2551 tota
813 2478 1040 2572 quaestione,
1071 2476 1168 2547 etde

179 2587 275 2656 dicto
289 2584 351 2653 illo
368 2581 507 2669 vulgari
521 2581 608 2674 quid
626 2580 850 2652 sentiendum
867 2579 924 2660 sit,
950 2593 1031 2670 peto
1046 2579 1169 2648 claris-

178 2689 266 2758 sime
282 2685 433 2758 Domine
441 2669 772 2770 DoctorClsilione,
788 2698 829 2755 ut
843 2697 940 2752 tuam
957 2678 1168 2752 sententiam

179 2788 284 2861 nobis
299 2806 464 2878 exponas.
514 2781 611 2858 Dixi.

1220 2530 1294 2588 tere
1314 2528 1454 2585 terram.
1505 2509 1555 2584 Et
1575 2513 1813 2585 coniecturam
1836 2511 1937 2588 hanc
1956 2520 2094 2606 recitat,
2123 2524 2208 2616 quia
2279 2544 2290 2555 ·

1220 2629 1301 2711 post
1317 2628 1579 2689 terraemotum
1593 2617 1693 2709 sequi
1706 2618 1961 2689 exundationes
1975 2621 2142 2693 usitatum
2152 2626 2209 2711 sit,

1220 2735 1261 2792 ut
1276 2720 1331 2789 bis
1345 2717 1440 2787 iutra
1457 2739 1588 2809 paucos
1602 2741 1716 2789 annos
1731 2719 1836 2790 etiam
1852 2721 1890 2790 in
1904 2718 2097 2796 Germania
2112 2751 2209 2796 com-

1222 2820 1388 2914 perimus.
1952 2836 1957 2851 ¹

1323 2921 1416 2992 Nam
1432 2934 1514 2992 ante
1528 2920 1726 2993 octodecim
1741 2946 1853 2992 annos
1868 2921 2003 2997 Terrae
2017 2943 2154 2999 motum
2172 2929 2212 3000 in

1223 3022 1377 3117 Alpibus
1390 3039 1528 3094 mentae
1543 3036 1625 3094 sunt
1642 3047 1789 3114 magnae
1804 3028 2076 3114 excindationes,
2101 3045 2136 3102 ct
2152 3056 2211 3103 re-

891 3163 934 3227 20
962 3159 1050 3246 gem·
1065 3154 1158 3223 4553·
1223 3151 1306 3197 cens
1337 3124 1376 3192 in
1409 3126 1519 3195 fossas
1551 3126 1744 3196 metallicas
1775 3125 2054 3200 Mansleldenses
2082 3134 2211 3222 passim

877 3206 1173 3315 *bv-2
1223 3252 1315 3322 aqua
1331 3227 1491 3313 influxit,
1516 3237 1551 3296 et
1564 3225 1680 3296 crebri
1699 3242 1784 3299 sunt
1799 3226 1932 3300 Terrae
1954 3247 2069 3303 motus
2093 3234 2131 3304 in
2151 3236 2213 3305 lit·

248 3364 280 3423 ln
299 3365 411 3450 Quaest.
427 3384 460 3489 p.
474 3360 557 3421 iilis.
574 3381 637 3490 ἔτι.
648 3354 675 3419 et
688 3360 717 3417 in
729 3360 785 3419 set.
801 3360 953 3420 Dadanu.
972 3360 1004 3417 Τ.
1013 3360 1064 3418 nt.
1078 3379 1105 3434 p.
1113 3357 1172 3415 828.
1223 3331 1373 3401 iodim·

285 3436 417 3493 munet.
454 3432 497 3491 .l.
515 3437 573 3508 ps
1327 3427 1506 3520 Quodque
1516 3425 1676 3498 Siciliam
1693 3430 1739 3499 ab
1755 3426 1853 3499 ltalia
1867 3443 1981 3502 terrae
1996 3450 2095 3508 motu
2111 3440 2214 3509 avul-

183 3594 362 3677 Quocstio
384 3594 549 3662 recitato
567 3608 600 3660 u
616 3588 763 3659 Passio
790 3583 954 3675 Edere,
985 3580 1087 3683 pitto,
1112 3583 1175 3658 aa,
1224 3542 1586 3726 ἰιτῗῖἰῖὲῖὶῶᾚὲἓξῖ
1598 3529 1890 3703 ἓοὸῑῖεῗιιίιὲιῖωω
1913 3534 2044 3606 sactum
2060 3539 2214 3628 videtur,

180 3691 243 3768 26.
259 3697 387 3785 Sept,
414 3712 501 3762 cam
522 3688 793 3769 dccemerctssr
812 3686 956 3782 gradus
969 3689 1174 3761 Doctorum
1302 3740 1385 3803 Hm
1398 3744 1465 3802 ton
1482 3745 1515 3803 v,
1529 3740 1682 3825 quondam
1695 3754 1725 3803 ,ί
1738 3752 1818 3804 m„
1832 3747 1976 3807 mg„
1993 3749 2090 3821 rutae
2212 3721 2215 3727 '

183 3800 225 3867 in
243 3802 328 3865 orte
349 3789 855 3983 medicauittqtfpquplntma
880 3791 1017 3880 nere,
1047 3793 1175 3862 Wesss·
1301 3840 1452 3923 (Tum
1468 3847 1535 3904 ceri
1548 3845 1714 3929 ,⁰¹¹3th
1730 3847 1809 3905 „M
1821 3859 1936 3906 murcie
1951 3852 2096 3929 recussu)

1205 4030 1208 4034 Δ
1303 3943 1468 4009 Dissiliisse
1482 3947 1603 4024 lerunt,
1627 3967 1699 4008 sum
1719 3949 1857 4029 protinus
1872 3961 1998 4033 utraque
2012 3955 2101 4013 tellus

183 4033 278 4121 Non
294 4057 346 4115 est
360 4053 502 4112 nostrae
516 4041 651 4122 aetatis,
672 4064 813 4111 causam
828 4051 1176 4136 quaerere,propter
1303 4046 1372 4112 Um
1386 4048 1485 4127 toret,
1511 4052 1594 4109 venit
1607 4048 1708 4111 medio
1728 4053 1759 4111 vt
1774 4061 1904 4130 pontus,
1931 4036 1961 4114 cs
1975 4053 2063 4114 undis
2205 4042 2212 4052 ’

183 4170 290 4242 quam
312 4145 452 4237 sapiens
481 4143 673 4237 antiquitas
698 4142 850 4215 voluerit
877 4165 1006 4234 pueros
1027 4140 1067 4209 iu
1090 4164 1177 4210 con·
1303 4149 1485 4234 Hesperium
1500 4153 1596 4212 siculo
1610 4148 1846 4228 lctus'sbsctdtt,
1868 4173 1997 4237 arvaque
2010 4169 2039 4218 st
2054 4158 2141 4219 urbes

184 4273 280 4321 sessu
300 4261 353 4319 tot
375 4269 520 4331 senum,
556 4268 710 4338 quorum
736 4260 789 4318 est
815 4245 943 4315 eximia
965 4243 1119 4313 emditio
1142 4256 1177 4312 et
1304 4247 1425 4315 Ltctorc
1438 4251 1572 4314 arduae
1585 4268 1712 4335 anguto
1725 4256 1862 4316 mentun
1875 4270 1985 4321 caco,

185 4354 355 4441 gravitas,
380 4347 517 4441 aliquid
531 4348 669 4431 dicere,
688 4348 749 4426 sed
768 4349 965 4418 verecunde
981 4368 1047 4415 nos
1064 4339 1177 4414 bone·
1229 4346 1381 4418 Talibus
1396 4345 1608 4418 coniecturis
1625 4361 1741 4419 motus
1755 4345 1991 4439 Democritus,
2013 4376 2152 4423 causam
2169 4353 2219 4423 ait

185 4453 248 4523 stis
262 4450 433 4521 institutis
446 4451 693 4543 obtemperare
709 4453 819 4523 decet.
868 4444 1042 4519 Fortassis
1059 4459 1177 4517 autem
1231 4473 1305 4521 esse
1319 4473 1462 4543 aquam.
2214 4499 2217 4508 ·

187 4554 268 4622 ideo
281 4547 351 4620 hnc
365 4551 595 4645 adducimur,
618 4566 660 4623 ut
675 4552 854 4622 intuentes
868 4542 955 4619 haec
968 4548 1177 4640 spectacula,
1332 4549 1403 4623 Sed
1422 4549 1570 4644 opponit
1592 4548 1662 4619 alia
1679 4550 1777 4641 signa
1795 4542 2022 4637 Aristoteles,
2050 4554 2099 4625 ait
2117 4568 2220 4647 rupta

188 4655 305 4725 statim
323 4675 344 4722 a
365 4651 499 4721 'teneris
515 4654 691 4723 discamus
710 4648 877 4723 honestas
893 4665 986 4723 artes
1007 4666 1041 4722 et
1059 4649 1178 4719 nomi·
1230 4667 1322 4724 terra
1336 4675 1438 4745 saepe
1454 4667 1599 4740 magnos
1615 4650 1718 4722 flatus
1731 4652 1889 4740 evolare,
1900 4730 1903 4735 Α
1916 4669 1949 4722 et
1965 4653 2045 4721 eiici
2061 4653 2220 4726 flammas

190 4779 286 4840 nare,
311 4766 346 4825 et
362 4753 534 4837 venerari,
560 4755 746 4846 praecipue
763 4780 846 4824 vero
862 4755 906 4823 ad
921 4753 1078 4824 medicae
1092 4753 1179 4822 artis
1232 4754 1449 4826 etcinerem.
1500 4752 1584 4823 Non
1602 4753 1711 4842 igitur
1723 4755 1815 4844 'aqua
1834 4767 1886 4822 est
1904 4753 2088 4843 praecipua
2105 4779 2222 4833 causa.

189 4854 422 4928 reverentiam
445 4866 566 4923 nostra
587 4866 683 4923 aetas
706 4855 976 4925 adsuefacicnda
999 4861 1069 4936 est,
1094 4852 1180 4946 quia
1232 4853 1321 4926 Nam
1338 4868 1374 4924 et
1388 4855 1583 4948 quiesceret
1596 4878 1705 4945 aqna,
1730 4854 1850 4920 sinon
1867 4853 2012 4923 aliunde
2029 4856 2222 4945 agitaretur
2286 4915 2290 4918 a

189 4958 300 5028 multa
319 4959 365 5027 ab
379 4979 418 5029 ea
433 4953 602 5025 beneficia
617 4955 734 5023 statim
751 4970 936 5049 postquam
954 4955 994 5022 in
1007 4949 1101 5021 hanc
1123 4952 1181 5021 lu-
1232 4971 1267 5026 et
1280 4955 1476 5039 inflaretur,
1501 4965 1567 5024 nec
1584 4965 1700 5044 posset
1715 4965 1812 5023 unta
1828 4953 1987 5026 celeritas
2001 4981 2073 5028 esse
2089 4973 2222 5030 tremo-

189 5085 263 5130 cem
282 5052 369 5130 editi
388 5074 527 5140 sumus,
553 5055 755 5145 accipimus.
807 5056 879 5127 Sed
901 5055 1026 5125 omitto
1049 5074 1182 5137 causas,
1233 5058 1302 5141 ris,
1325 5057 1513 5127 sitantum
1533 5056 1631 5124 lieret
1653 5053 1929 5127 tumescentibus
1947 5059 2069 5152 aquis,
2095 5074 2129 5130 et
2146 5086 2224 5132 sae-

190 5172 329 5234 tautum
351 5182 520 5243 vosoro,
545 5170 585 5228 ut
608 5180 690 5225 cum
712 5155 846 5241 sciatis,
871 5180 938 5226 nos
957 5152 1033 5225 non
1052 5154 1181 5224 debere
1234 5158 1376 5250 pissime
1391 5172 1484 5229 terra
1500 5169 1735 5245 rumperetur.
1772 5153 1823 5227 At
1835 5179 1938 5250 saepe
1954 5183 2029 5230 non
2046 5163 2224 5252 rumpitur

191 5264 358 5355 defugere
393 5259 618 5332 autoritatem
655 5270 841 5350 parentum
876 5271 910 5328 et
942 5258 1081 5345 legum,
1127 5256 1182 5325 nie
1234 5258 1274 5329 in
1300 5272 1414 5330 terrae
1439 5258 1606 5328 motibus.
1667 5255 1829 5329 Tandem
1861 5259 1970 5350 igitur
2001 5265 2230 5359 pronunciat,

126 5375 129 5378 ’
190 5369 493 5457 obtemperantem
517 5361 698 5432 carissimo
721 5358 814 5453 patri
831 5382 910 5430 meo
926 5356 1103 5453 patienter
1118 5380 1183 5428 au-
1235 5383 1398 5450 magnam
1420 5359 1557 5451 copiam
1578 5353 1755 5430 halituom
1778 5360 1951 5439 inclusam
1976 5363 2014 5431 in
2037 5376 2149 5434 terrae
2166 5391 2225 5437 ca-

190 5468 307 5539 diatis.
351 5508 355 5516 ·
1235 5462 1374 5550 vernis,
1397 5473 1567 5557 tanquam
1585 5475 1725 5548 ventos,
1751 5484 1814 5534 sua
1834 5463 1871 5532 vi
1894 5462 2041 5554 agitari,
2066 5479 2099 5538 et
2116 5469 2226 5559 agita-

238 5575 418 5643 llssam.
443 5570 550 5644 Om.
575 5557 659 5652 Vos.
688 5567 735 5638 X.
1052 5597 1055 5603 ¹
1159 5580 1162 5583 ⁴
1562 5559 1613 5634 63
2282 5563 2285 5570 ’

1220 2415 1413 2498 inclusam,
1438 2436 1518 2482 cum
1541 2412 1654 2482 nimio
1675 2414 1820 2485 adfluxu
1836 2416 2055 2499 intumescit,
2076 2444 2208 2492 concu—
2304 2456 2308 2460 ·
2350 2412 2352 2416 ⁸
