4748 6022
289 192 368 279 rsa
407 146 409 152 ’
879 175 1300 281 uuausrronss
1330 177 1729 269 acassnrcan
2240 128 2319 285 κζ

302 369 370 444 No.
387 368 448 440 52,
589 362 592 367 ¹
1047 365 1277 451 amamus.
1325 355 1428 432 ribus
1447 373 1612 436 everrant
1631 360 1814 477 tmpus*
1841 362 1894 442 Us
1912 390 1994 443 eom
2014 368 2325 456 animatorias

296 464 469 497 w-
1059 457 1272 496 now
1325 462 1497 582 salutares
1517 465 1696 560 principes
1716 468 1757 538 iu
1773 492 1883 562 regna
1898 467 2059 563 Persico,
2081 473 2218 574 Cyrus,
2242 479 2323 556 Da-

359 579 576 706 ¹=eaalr·
607 564 1277 713 stataaauaarattsm‘¹
1325 583 1440 735 3⁰35,
1447 560 1899 759 fflssffgffigsstfffgt:
1928 582 2321 775 ffifssssssfffz

288 832 470 917 moestia
486 822 535 898 de
551 825 632 898 loco
647 823 834 910 Platonis,
857 815 907 890 de
919 813 1087 911 periodis
1099 820 1276 913 imperio·
1325 781 1488 858 ''mm‘'
1511 784 1629 842 ΜΨ
1649 772 1757 844 ⁸⁰³¹?
1806 771 2018 850 mmm
2037 778 2150 854 N⁰²hl
2177 784 2278 861 filim
2299 813 2320 864 t

286 919 1274 1111 maulam
1323 867 1444 1060 tas,
1461 865 2320 1065 laus,faenaanzlaaaau

266 1226 269 1233 Ι
370 1139 476 1233 Mup.
496 1133 544 1208 M
547 1127 709 1204 atthis
727 1132 759 1201 S
765 1131 863 1199 soto
884 1129 1190 1224 Repimnontano,
1324 1074 1957 1274 fssffgffloesgsstffffimeghffi
1971 1083 2320 1267 {dlhlidsmdsffig

640 1229 676 1306 3'
693 1231 787 1327 ‘Q’
804 1225 916 1304 ¹54⁶·
1305 1274 1430 1367 ¹pridias
1458 1228 1601 1349 struxit:
1631 1279 1669 1350 in
1702 1306 1774 1375 quo
1797 1285 1926 1354 scelere
1946 1214 2186 1378 depreheusdr
2207 1295 2320 1386 filius,

282 1371 385 1459 Cum
402 1395 502 1453 vetus
516 1394 552 1452 et
563 1377 810 1451 honestissima
827 1378 1045 1448 consuetudo
1060 1371 1272 1449 Scholarum
1320 1374 1527 1448 interfectus
1543 1393 1606 1455 est.
1655 1378 1706 1452 Hi
1721 1406 1837 1454 mores
1854 1408 1928 1456 nou
1943 1387 2008 1458 diu
2022 1388 2180 1466 retinent
2195 1419 2321 1490 regua.

283 1487 387 1556 vobis
403 1498 487 1554 nota
502 1483 566 1569 sit,
592 1506 676 1568 oro,
701 1505 747 1552 ne
760 1505 840 1551 meo
855 1479 1004 1549 consilio
1020 1500 1094 1558 me,
1119 1478 1273 1549 oblitum
1322 1475 1428 1549 Stant
1443 1479 1553 1580 igitur
1571 1483 1827 1578 aliquantisper
1842 1487 2011 1582 imperia,
2036 1493 2149 1566 donec
2162 1493 2234 1569 Dei
2249 1501 2321 1572 ba·

280 1587 406 1660 aetatis
420 1599 455 1656 et
469 1584 609 1670 decori,
634 1582 823 1676 sumpsisse
838 1577 927 1650 mihi
943 1576 1006 1649 has
1022 1592 1138 1671 partes
1152 1580 1272 1650 eristi·
1323 1579 1447 1651 nelicio
1476 1584 1608 1653 dantur
1637 1587 1892 1674 gubernatores
1919 1590 2053 1663 virtute
2082 1611 2316 1686 praestantes.

239 1751 242 1756 .
279 1687 400 1758 metis:
428 1689 488 1755 sed
511 1686 709 1755 necessitati
731 1684 849 1776 potius
872 1697 907 1753 et
923 1693 1189 1774 praeceptorum
1206 1707 1272 1752 vo·
1320 1676 1461 1753 Deinde
1476 1685 1636 1776 sequitur
1651 1687 1833 1774 interitus,
1858 1690 1941 1784 quia
1957 1695 2089 1784 posteri
2103 1686 2167 1770 sen
2182 1714 2314 1775 natm,

279 1790 411 1860 lusstati
426 1791 696 1878 obtemperasse.
748 1782 796 1857 Ee
810 1808 1013 1878 quanquam
1029 1783 1068 1873 in
1084 1783 1271 1854 audiendis
1321 1804 1383 1853 seu
1403 1783 1612 1877 disciplinae
1628 1787 1848 1879 neglectiorie
1862 1803 1947 1864 sunt
1963 1795 2166 1877 deteriores.
2217 1799 2313 1877 For.

276 1891 491 1975 iuvenibus,
516 1903 558 1959 ut
579 1887 758 1958 crescendi
775 1886 875 1978 copia
891 1886 955 1970 sit,
981 1884 1195 1979 aequitatem
1210 1910 1269 1956 ex·
1321 1884 1420 1955 tassia
1442 1899 1475 1956 et
1494 1887 1615 1958 stellae
1635 1904 1814 1964 maturant
1829 1893 1983 1981 excidia,
2004 1911 2044 1969 ut
2057 1921 2155 1970 nunc
2169 1902 2313 1990 dicunt,

275 1991 404 2062 imiam
423 1991 621 2083 praestatis:
648 2002 766 2059 tamen
783 2001 825 2058 ut
843 2011 900 2056 me
915 1987 1089 2078 patienter
1103 1988 1269 2073 audiatis,
1319 2000 1426 2076 caput
1439 1986 1610 2061 Medusae
1629 1992 1712 2062 urbi
1726 1990 1864 2067 Romae
1886 1995 2114 2070 mutationem
2131 2003 2311 2083 minitari,

276 2106 465 2185 meamque
494 2091 693 2161 orationem
721 2089 810 2160 boni
831 2087 1041 2167 consulatis,
1074 2111 1140 2158 nos
1160 2089 1268 2159 etiarn
1319 2084 1390 2156 Sed
1412 2112 1492 2159 cum
1515 2085 1622 2161 huius
1643 2094 1869 2181 gravissimae
1889 2098 2101 2190 quaestionis
2116 2104 2310 2195 explicatio

279 2209 384 2288 atque
405 2196 509 2264 etiam
532 2217 608 2263 oro.
661 2190 801 2261 Faciam
817 2191 930 2274 enim,
956 2189 1092 2258 etiamsi
1109 2191 1268 2261 novitate
1318 2190 1475 2282 requirat
1495 2191 1600 2281 longe
1618 2195 1848 2266 eruditiorem
1865 2199 2159 2295 disputationem,
2181 2207 2308 2278 defero

271 2294 477 2386 ‘argumenti
499 2296 636 2386 placere
658 2317 733 2362 non
754 2305 898 2385 potero,
924 2304 965 2362 ut
987 2304 1132 2381 propter
1146 2291 1268 2360 brevi·
1318 2312 1395 2358 eam
1416 2293 1461 2360 ad
1480 2292 1724 2367 doctissimum
1747 2299 1864 2368 virum
1885 2296 2078 2373 Ductorem
2093 2291 2310 2402 Carporum

275 2410 385 2468 tatem
405 2397 524 2466 minus
540 2397 676 2487 ingrata
694 2396 739 2465 sit
755 2393 880 2466 oratio.
930 2390 1099 2482 Legimus
1114 2390 1266 2484 Pompe-
1317 2383 1574 2486 Crucigsrum,
1607 2421 1713 2490 quem
1735 2423 1820 2484 oro,
1840 2413 1884 2471 ut
1906 2408 2082 2496 quamam
2106 2429 2202 2478 nunc
2225 2409 2308 2503 qui.

269 2498 369 2582 ¹ium,
392 2523 472 2568 cum
488 2498 602 2568 victus
617 2498 656 2565 iu
668 2496 802 2588 praelio
817 2492 1021 2564 Pharsalico
1036 2493 1075 2562 in
1091 2493 1266 2589 sugaMy-
1317 2492 1397 2563 dem
1419 2495 1494 2564 fieri
1512 2510 1642 2587 potest,
1667 2504 1768 2585 deca
1786 2502 1946 2574 disserat.
1995 2500 2075 2576 Eoi
2091 2521 2212 2579 autem
2227 2511 2306 2581 sine

268 2600 410 2670 tileuen
426 2601 469 2668 ad
484 2600 672 2689 coniugem
686 2598 850 2680 venisset,
875 2594 1084 2684 fugitantem
1099 2617 1265 2684 congres-
1317 2618 1445 2686 magno
1463 2599 1587 2668 dolore
1605 2601 1714 2692 aspici
1731 2615 1792 2674 aut
1808 2602 1956 2693 cogitari
1970 2605 2095 2677 ruinae
2111 2631 2305 2698 regnorum

275 2723 335 2772 sus
358 2701 510 2786 civium,
533 2701 702 2794 aquibus
722 2695 943 2790 hospitaliter
958 2695 1193 2781 invitabatur,
1220 2699 1265 2766 ad
1316 2721 1390 2766 non
1414 2713 1580 2788 possunt:
1605 2713 1724 2772 tamen
1745 2727 1811 2775 nos
1831 2717 2012 2792 teneamus
2033 2702 2126 2780 banc
2139 2714 2305 2784 consula·

228 2867 232 2872 .
267 2824 389 2873 unum
404 2801 587 2871 divertisse
598 2799 807 2895 Cratippum
817 2791 1088 2889 Philosophum,
1114 2821 1155 2867 ac
1169 2799 1263 2888 apud
1315 2798 1467 2885 tionem,
1490 2796 1683 2872 Ecclesiam
1700 2801 1765 2876 Dei
1785 2827 1991 2877 mansuram
2013 2831 2104 2896 esse,
2123 2836 2223 2906 ,quae
2237 2814 2304 2884 ali-

268 2926 356 2974 ¹euna
367 2916 489 2973 contra
500 2900 760 2995 providentiam
770 2899 879 2970 multa
890 2899 1095 2989 disputasse,
1117 2901 1212 2992 quod
1225 2900 1262 2969 in
1314 2923 1384 2993 qua
1412 2900 1451 2969 iu
1480 2903 1583 2971 terris
1607 2899 1758 2996 hospitia
1784 2902 1946 2981 babebit:
1979 2935 2069 3004 quae
2094 2914 2242 3007 quidem
2263 2930 2304 2987 ut

273 3026 377 3075 causa
399 3005 565 3088 iustiore,
588 3019 630 3074 ut
647 3003 722 3095 ipse
740 3001 993 3086 contendebat,
1018 2996 1128 3069 aDeo
1143 3001 1263 3071 deser·
1313 3002 1385 3072 siut
1399 3003 1608 3097 tranquilla,
1632 3005 1737 3079 faciat
1749 3005 1847 3080 Deus
1859 3025 2024 3083 aeternus
2038 3009 2143 3085 Pater
2155 3015 2303 3089 Domini

268 3118 332 3177 tus
353 3120 462 3187 esset,
487 3105 538 3175 ibi
553 3102 743 3207 Cratippps
763 3117 804 3175 ut
823 3102 922 3173 illius
946 3102 1105 3173 dolorem
1121 3103 1261 3185 leniret,
1312 3105 1425 3176 nostri
1443 3102 1523 3177 lesu
1537 3101 1683 3187 Christi.
1732 3106 1831 3184 Diri.

268 3219 397 3278 eontra
417 3207 602 3295 disseruit,
629 3207 758 3278 multas
777 3227 850 3276 esse
866 3224 1004 3289 musas,
1026 3203 1155 3295 partim
1168 3199 1261 3300 phy·
1603 3286 1612 3307 ι

272 3307 361 3379 sicas
385 3332 425 3379 ac
446 3309 587 3396 fatales,
618 3308 745 3402 partim
768 3307 937 3392 morales,
968 3319 1002 3376 et
1023 3300 1149 3374 harum
1173 3306 1261 3377 alias
1454 3283 1629 3372 mmm
1655 3289 1703 3358 D·
1730 3290 1910 3378 cuipare
1938 3293 2161 3383 Graeipert.

270 3411 475 3504 propiores,
500 3411 587 3482 alias
609 3409 836 3495 remotiores,
857 3432 921 3479 cur
945 3405 1093 3499 imperia
1117 3421 1260 3478 muten-
1412 3405 1601 3502 Perspicua
1626 3425 1659 3483 ct
1680 3413 1834 3486 illustria
1852 3415 2056 3488 testimonia
2073 3435 2157 3492 suut
2177 3425 2302 3516 provi.

269 3524 341 3587 tur.
391 3507 471 3582 Etsi
492 3526 610 3582 autern
631 3508 717 3582 haec
739 3523 837 3581 tanta
853 3510 1011 3604 quaestio
1025 3509 1131 3599 longe
1145 3532 1259 3580 meam
1309 3509 1450 3581 dentiae
1466 3512 1620 3599 divinae,
1645 3529 1737 3586 certa
1752 3541 1940 3609 corporum
1957 3519 2162 3593 coelestium
2179 3538 2217 3597 et
2229 3527 2303 3599 ele-

261 3617 418 3684 ·a‘etatem
447 3628 604 3705 superat:
639 3628 757 3686 tamen
777 3612 878 3684 utin
900 3611 1063 3702 regendis
1086 3610 1259 3700 moribus,
1311 3626 1511 3684 mentorum
1542 3615 1664 3701 series,
1696 3619 1783 3689 serti
1801 3619 1962 3691 siderum
1986 3634 2123 3709 motus,
2153 3649 2197 3696 ac
2220 3651 2302 3720 spe.

269 3729 303 3788 et
326 3716 552 3786 in-omnibus
574 3716 665 3786 vitae
687 3715 864 3799 consiliis,
889 3713 1118 3783 modestiores
1135 3711 1257 3796 simus,
1310 3714 1443 3785 clerum
1466 3719 1705 3804 conservatio,
1728 3732 1763 3790 et
1786 3719 1916 3791 mentis
1939 3715 2116 3794 humanae
2139 3727 2301 3818 notitiae,

268 3816 342 3888 dici
355 3816 490 3911 aliquid
506 3820 550 3887 de
567 3816 801 3889 mutationum
817 3815 1027 3886 causisutile
1038 3826 1100 3884 est.
1153 3813 1255 3885 Plato
1310 3838 1400 3909 quae
1427 3830 1509 3888 sunt
1531 3819 1660 3889 artium
1684 3821 1812 3897 fontu.
1874 3819 1973 3893 Haec
1992 3825 2113 3895 omnia
2135 3852 2219 3899 curn
2240 3832 2301 3903 in.

260 3943 342 3989 ·rem
357 3931 491 3990 tantam
501 3920 654 3990 involvit
665 3917 943 4010 aenigmatibus,
966 3915 1151 4009 iuquiens,
1173 3940 1259 3988 cau-
1309 3932 1466 4003 tuemur,
1491 3918 1593 3991 lateri
1616 3921 1792 4011 cogimur,
1814 3945 1889 3995 esse
1902 3940 2056 3995 mentem
2073 3922 2301 4005 Architectu-

231 4034 340 4092 »σθω
365 4044 457 4106 esse,
482 4046 546 4092 cur
568 4035 749 4093 mutentur
771 4019 939 4110 imperia,
962 4018 1045 4110 quia
1065 4018 1258 4111 sesquiter·
1309 4020 1431 4092 tricem
1457 4022 1601 4107 mundi,
1634 4046 1724 4116 quae
1746 4023 1834 4096 velit
1855 4025 1925 4095 coli
1948 4025 2044 4098 iuxta
2069 4052 2234 4103 normam
2255 4059 2299 4108 sc

265 4118 316 4192 tia
331 4124 430 4192 radix
446 4124 565 4195 iuncta
581 4123 766 4218 quinario,
790 4123 879 4193 duas
894 4119 1022 4190 efficiat
1035 4114 1256 4192 harmonias:
1307 4123 1420 4214 leges,
1445 4136 1533 4216 quas
1552 4123 1657 4194 nobis
1673 4124 1818 4201 indidit.
1869 4122 1995 4198 Postea
2010 4152 2095 4201 vero
2110 4153 2190 4202 rum
2206 4157 2300 4206 oon·

265 4222 360 4294 ultra
390 4248 477 4317 quas
503 4251 584 4296 cum
613 4239 740 4296 natura
768 4236 889 4317 postea
913 4221 1105 4292 deteriores
1127 4222 1256 4312 gigrrat,
1306 4225 1465 4295 fusiones
1492 4225 1744 4317 imperiorum,
1771 4226 1928 4319 gentium
1948 4228 2114 4303 interitus
2132 4245 2167 4304 et
2187 4234 2300 4308 dissi·

255 4325 513 4399 ·sircumactam
538 4328 725 4417 periodum
749 4326 852 4395 finire
878 4325 1035 4415 imperia.
1096 4320 1175 4395 Hoc
1199 4325 1255 4395 di·
1306 4326 1467 4418 patioues
1488 4326 1674 4398 intuentur
1697 4322 1878 4415 homines,
1900 4331 2043 4403 attoniti
2058 4334 2298 4412 admiratione
2359 4336 2363 4345 ’

257 4442 360 4498 ctum
388 4425 503 4496 multo
528 4429 713 4498 obscurius
734 4441 785 4499 cst
801 4426 958 4521 Sibyllae
981 4426 1094 4495 soliis:
1119 4428 1178 4495 scd
1200 4441 1253 4498 ta-
1306 4441 1471 4523 stupeut,
1510 4451 1550 4498 ac
1579 4452 1701 4500 rursus
1731 4431 1918 4516 dubitant,
1958 4457 2006 4503 an
2034 4457 2117 4506 casu
2144 4436 2298 4532 imperis

263 4551 347 4598 men
370 4527 457 4622 quid
480 4524 568 4598 mihi
593 4529 773 4614 videatur,
801 4529 957 4599 breviter
977 4528 1104 4597 dicam.
1166 4526 1254 4599 Vult
1305 4544 1511 4612 nascautur,
1554 4544 1590 4601 et
1619 4554 1742 4603 rursus
1770 4555 1853 4603 casu
1885 4535 2109 4621 dilabantur,
2149 4552 2192 4610 ut
2220 4541 2298 4614 for·

261 4624 365 4700 Plato
388 4654 461 4702 esse
484 4632 604 4723 aliquo
628 4631 735 4702 modo
751 4630 857 4699 finem
873 4654 892 4699 a
908 4642 1033 4699 natura
1047 4627 1251 4698 ordinatum
1304 4632 1476 4700 micarum
1505 4631 1676 4706 examina.
1741 4630 1815 4703 Nec
1842 4636 1999 4725 prolecto
2026 4637 2163 4710 tristius
2191 4641 2296 4715 illum

253 4731 505 4824 imperiorum,
530 4735 620 4807 sicut
635 4735 673 4803 in
687 4731 848 4818 Musiris,
871 4731 935 4803 ubi
950 4743 1028 4823 post
1042 4723 1106 4802 ded
1120 4735 1253 4804 πασῶν
1304 4730 1540 4823 spectaculum
1573 4747 1644 4813 est,
1689 4757 1797 4827 quam
1828 4733 1960 4809 intueri
1988 4739 2072 4811 inde
2102 4763 2217 4835 usque
2250 4747 2296 4819 ab

259 4835 405 4905 alterius
427 4851 552 4908 natura
575 4862 649 4907 non
672 4835 907 4929 progreditur.
967 4831 1026 4902 Fit
1048 4844 1165 4902 autem
1187 4827 1251 4906 ded
1305 4832 1408 4904 iuitio
1454 4834 1575 4904 ruinas
1622 4847 1673 4906 tot
1712 4835 2045 4910 florentissimorum
2090 4865 2296 4932 regnorum.

259 4938 536 5008 nonovissetis
552 4936 616 5012 ded
632 4930 826 5031 τεσσάρων
842 4950 877 5008 et
892 4929 956 5008 ded
968 4930 1084 5009 πέντε.
1137 4931 1251 5009 Ilicet
1304 4934 1446 5026 Quanta
1475 4937 1587 5008 virtus
1616 4937 1685 5008 luit
1706 4939 1859 5012 civitatis
1881 4939 2046 5012 Atticae?
2092 4941 2199 5018 Nunc
2222 4975 2295 5045 quo

260 5038 446 5109 coelestem
461 5064 640 5123 arcessam,
668 5054 703 5111 et
717 5039 886 5109 moralem
901 5061 1041 5108 causam
1056 5038 1250 5128 coniungit.
1302 5039 1341 5108 in
1372 5039 1451 5110 loco
1480 5038 1611 5124 luerit,
1642 5063 1718 5111 nou
1746 5041 1830 5111 satis
1859 5041 1942 5113 sciri
1962 5056 2089 5136 potest.
2140 5045 2296 5144 Propter

259 5139 532 5234 Aliquantisper
545 5143 651 5212 sentit
667 5142 762 5231 gigni
778 5143 891 5211 bonos
905 5153 939 5210 et
954 5152 1169 5231 praestantes
1184 5163 1251 5228 gu·
1301 5136 1393 5212 hanc
1406 5155 1539 5211 tantam
1554 5142 1756 5213 varietatem
1772 5159 1961 5216 eventuum
1977 5146 2088 5217 multa
2103 5149 2148 5219 de
2161 5155 2294 5227 cauais

257 5244 482 5324 bernatmm,
527 5267 681 5337 quorum
709 5243 841 5313 virtute
870 5255 1058 5314 teneantur
1090 5241 1249 5332 imperia,
1301 5243 1540 5314 mutationum
1568 5239 1780 5337 Philosophi
1810 5246 2071 5339 quaesiverunt.
2129 5248 2206 5325 Nec
2235 5280 2295 5328 er.

256 5359 375 5435 postca
400 5347 448 5416 ait
474 5347 571 5416 irasci
595 5343 854 5437 languidiores,
881 5343 942 5453 qui
965 5343 1033 5437 ipsi
1053 5345 1127 5415 suis
1147 5346 1248 5416 suro-
1301 5345 1425 5438 plicari
1441 5368 1497 5415 res
1510 5345 1580 5416 nisi
1595 5345 1632 5416 in
1646 5344 1998 5424 doctrinaEcclesiae
2013 5365 2137 5445 potest.
2189 5353 2294 5433 Plato
