4748 6022
62 278 153 384 'aas

74 479 264 559 Credimus
281 475 366 550 haec
382 478 449 550 tibi
465 475 583 552 Gnate
599 476 684 564 Dei,
708 479 758 550 sic
779 482 921 551 credere
938 478 1017 550 voci
1071 480 1094 520 ·¹

124 584 290 656 Prolatae
306 607 348 652 ex
362 582 476 674 patrio
492 582 663 676 praecipis
675 582 749 673 ipse
768 583 864 653 sinu.

74 686 146 761 Sed
161 702 280 759 tamen
297 681 385 755 haec
401 684 485 754 fidei
499 683 636 755 modica
653 696 705 754 est
718 683 933 772 scintillula,
958 683 1020 755 liat

126 786 273 862 Auxilio
291 788 444 880 petimus
462 786 590 856 fortior
605 786 668 855 illa
684 798 757 858 tuo.

73 887 128 963 Ac
144 892 255 962 veluti
272 891 361 961 lucis
376 887 494 959 radios
509 888 572 959 Sol
589 888 721 980 spargit
739 889 779 958 in
795 883 946 971 Orbem,

125 993 184 1065 Tu
200 994 255 1063 sol
271 990 426 1062 iustitiae
439 1012 507 1061 nos
521 1013 601 1081 rege
618 991 697 1061 luce
714 1002 786 1062 tua.
906 1039 907 1042 κ

73 1092 123 1169 Et
137 1119 213 1167 non
231 1093 388 1184 extingui
401 1092 535 1184 patiare
548 1093 588 1163 in
604 1107 744 1185 pectore
759 1106 893 1180 nostro,

123 1195 459 1301 Notitiamqqetui,
484 1195 718 1290 notitiamque
733 1196 856 1288 patris.

70 1298 350 1392 Hospitiumque
364 1311 447 1369 tuae
461 1297 647 1381 doctrinae
663 1311 806 1393 protege
822 1293 977 1383 Christe,

122 1401 370 1495 Emanuclque
385 1415 447 1473 tuo
462 1421 601 1492 semper
617 1401 737 1472 adesto
753 1399 861 1491 gregi.

72 1708 142 1785 No.
165 1709 251 1783 826.

82 1806 255 1836 Μ

899 1737 948 1778 au.
973 1713 1077 1785 1559.,

888 1803 1061 1833 W

145 1889 226 1962 apud
240 1889 367 1949 Vincerat.
383 1908 409 1962 p.
418 1842 467 1945 59.
501 1887 608 1960 Scripta
624 1884 701 1959 publ.
715 1884 760 1940 lll.
775 1904 802 1957 p.
813 1883 874 1940 256.

473 2032 664 2102 Peecntlo.

77 2161 186 2255 Quod
201 2169 311 2263 λόγος
326 2162 462 2233 aeterni
476 2162 650 2232 demissus
664 2160 709 2230 ab
724 2182 804 2229 arce
823 2159 993 2252 parentis,

126 2265 255 2338 Factus
269 2278 304 2334 et
322 2258 479 2333 humana
492 2263 635 2333 victima
654 2285 759 2332 carne
775 2260 860 2332 tuit:

74 2364 173 2438 Haec
187 2379 239 2437 est
251 2366 375 2437 divina
390 2366 561 2457 sapientia
577 2364 706 2435 tradita
722 2386 820 2448 voce,

127 2465 244 2556 Quam
261 2492 366 2537 verax
382 2468 480 2540 testis
495 2463 792 2559 comprobatipse
805 2461 915 2537 Deus.

76 2567 193 2641 Tanta
208 2568 276 2641 Dei
296 2570 457 2658 bonitas,
482 2582 516 2639 et
531 2580 628 2640 tanta
645 2562 731 2636 haec
745 2566 888 2636 foedera
906 2560 1004 2633 cerni

127 2669 211 2743 Nou
226 2685 392 2765 possunt,
419 2672 545 2742 doceas
558 2669 619 2741 Tu
632 2669 703 2739 nisi
720 2668 828 2739 corda
842 2664 950 2739 Deus.

78 2770 145 2844 Vis
159 2788 277 2846 autem
292 2773 435 2864 agnosci
449 2765 582 2873 λόγον,
610 2796 650 2842 ac
665 2785 706 2843 ut
724 2769 877 2841 nuncius
891 2769 961 2839 iret

129 2874 283 2962 Misisti,
302 2876 411 2946 'nobis
426 2877 555 2966 pignus
571 2887 605 2945 et
621 2896 694 2944 esse
712 2873 833 2944 iubes.

79 2975 134 3049 Te
152 2993 250 3071 pater
263 2979 339 3071 ipse
352 2977 460 3048 simul
475 2978 550 3060 vis,
576 2991 610 3048 et
626 2989 686 3047 tua
703 2997 852 3045 munera
865 2972 959 3042 sumi

129 3080 183 3151 Te
198 3082 360 3152 tribuens
373 3080 479 3151 nobis
495 3093 531 3151 et
545 3092 606 3150 tua
622 3080 735 3160 dona,
760 3077 838 3146 tide.
869 3136 874 3142 .

75 3176 172 3272 Ergo
191 3181 308 3253 Gnate
324 3181 393 3253 Dei
407 3183 513 3253 nobis
526 3185 571 3253 da
582 3176 725 3252 Christe
740 3199 937 3274 precamur,

128 3285 301 3358 Notitiam
322 3285 450 3376 patris,
474 3284 711 3377 notitiamque
725 3282 790 3354 tui.

78 3381 181 3481 Eque
197 3401 258 3458 tuo
273 3388 434 3457 flammas
447 3386 485 3456 in
501 3399 643 3478 pectora
658 3383 815 3481 spargito
835 3397 969 3465 nostra,

134 3487 180 3561 Ut
197 3491 376 3560 celebrent
390 3514 474 3559 vero
490 3511 629 3581 semper
643 3483 781 3557 honore
795 3485 923 3558 Deum.

78 3587 128 3662 Et
142 3605 201 3687 tua
217 3593 264 3662 sit
279 3615 445 3676 concors,
470 3603 670 3682 crescatque
683 3584 860 3673 Ecclesia,
885 3599 922 3658 et
934 3610 1006 3658 una

131 3693 228 3763 Voce
241 3707 320 3763 tuas
334 3691 473 3780 laudes,
494 3704 531 3762 et
545 3704 606 3761 tua
622 3691 716 3759 dona
732 3701 848 3762 canat.

904 4026 952 4063 an.
977 4002 1071 4066 1559.

892 4090 1066 4120 Μ

81 3997 152 4068 No.
176 3995 263 4071 827.

90 4093 263 4123 Μ

151 4177 233 4249 Apud
249 4175 376 4232 vincent.
390 4194 418 4249 p.
431 4175 478 4234 18.

82 4324 144 4395 De
158 4326 351 4419 consepto,
376 4324 419 4392 a‘n
438 4324 593 4414 nnpta‘ns
612 4322 810 4393 loannis
828 4320 1073 4415 Crotonis,

85 4431 229 4500 aetiana
250 4433 289 4498 et
318 4421 536 4496 medicinae
558 4422 670 4495 Dect.
697 4425 973 4509 Ventlslnvine,
1009 4446 1072 4497 nn.

376 4524 486 4601 1559.
502 4548 630 4598 nense
643 4525 769 4619 Septb.

198 4634 312 4718 Ephss.
329 4639 377 4699 5.;
401 4633 585 4719 Mysteriuru
602 4636 662 4697 hoo
678 4657 823 4718 magnum
839 4647 884 4696 est
897 4648 956 4698 stc·

31 4767 33 4770 ‘
82 4761 210 4832 Pectus
221 4776 261 4833 ut
275 4764 315 4830 iu
329 4785 461 4854 sponso
482 4765 706 4837 flammarum
725 4765 889 4836 incendia
906 4763 1023 4847 sentit,

134 4861 209 4952 Qui
224 4888 309 4933 vero
322 4886 471 4955 sponsae
489 4865 613 4954 flagrat
629 4891 749 4938 amore
765 4890 863 4937 suae:

83 4967 255 5040 Naturam
271 4965 402 5035 sociam
418 4989 504 5034 vero
518 4967 568 5034 sic
583 4966 700 5056 diligit
718 4969 800 5057 igne

55 5149 59 5164 1
134 5070 249 5140 Filius
264 5081 408 5138 aeterno
426 5068 470 5136 de
487 5063 659 5136 Genitore
674 5082 781 5140 satus.

83 5172 209 5244 Induit
224 5166 382 5242 humano
397 5194 504 5264 quam
520 5167 683 5248 foedere,
709 5184 780 5263 q'uo
801 5169 869 5240 sibi
887 5180 1048 5238 nostrum

133 5275 306 5347 Fraterno
320 5272 454 5365 pariter
467 5270 584 5342 iunxit
601 5294 720 5341 amore
733 5293 855 5360 genus.

83 5377 165 5451 lura
184 5373 280 5449 thori
295 5375 393 5447 Deus
407 5375 607 5468 exemplum
626 5398 708 5444 cum
722 5373 876 5445 foederis
890 5368 998 5444 huius

134 5479 221 5554 Esse
234 5479 341 5567 velit,
367 5491 459 5551 caste
471 5476 644 5573 praecipit
658 5477 734 5572 ipsa
749 5475 831 5548 coli.

795 304 1121 382 CARMlNUM
1170 304 1280 386 LlB.
1314 305 1393 386 lll.

2037 329 2113 403 646

1117 444 1190 551 No.
1209 481 1298 554 528.

1119 570 1298 603 ’ὉΝ
1932 599 2103 627 Μ

1204 690 1286 764 Apud
1302 691 1430 750 Vincerat.
1446 713 1472 766 p.
1486 695 1519 748 52
1531 716 1572 769 sq.

1167 847 1230 922 Ad
1249 851 1463 934 studiosum
1484 859 1717 935 inventutem
1733 888 1802 958 pro
1829 862 1940 962 felici
1963 880 2058 947 nnna‘

1523 967 1707 1055 euspicio.

1118 1100 1212 1173 Vere
1226 1100 1344 1192 Deus,
1360 1106 1525 1198 sapiens,
1550 1115 1660 1184 verbo
1678 1129 1717 1185 tu
1730 1133 1856 1191 cuncta
1868 1128 2008 1216 creasti,

1136 1290 1138 1294 a
1168 1201 1217 1276 Et
1231 1208 1336 1279 certis
1351 1232 1486 1280 annum
1502 1212 1639 1304 legibus
1653 1216 1706 1286 ire
1722 1218 1834 1292 iubes.
1912 1251 1914 1253 ·
2087 1225 2090 1231 ’

1116 1302 1280 1402 Cumque
1295 1311 1383 1381 velis
1400 1309 1541 1403 pulchri
1555 1331 1667 1389 metae
1684 1335 1887 1412 spectentur
1898 1343 1940 1401 ut
1953 1333 2060 1406 anni:
2124 1318 2127 1331 ’
2199 1362 2201 1369 ’

1168 1408 1338 1482 Miran'da
1354 1413 1451 1485 Solis
1466 1428 1505 1486 tu
1520 1419 1612 1509 regis
1627 1434 1702 1492 arte
1716 1424 1801 1499 vias.
1823 1453 1825 1455 ¹
1893 1466 1894 1469 =

993 1582 997 1590 ,
1116 1504 1292 1586 Efficeut
1302 1515 1368 1585 iste
1384 1528 1446 1589 tuo
1460 1520 1566 1590 nobis
1586 1521 1633 1594 sit
1647 1527 1795 1597 numine
1808 1529 1894 1600 felix

1169 1611 1316 1702 Annus,
1342 1618 1405 1710 qui
1421 1645 1536 1691 novus
1550 1618 1618 1694 hoc
1637 1626 1764 1721 incipit
1778 1654 1852 1702 esse
1865 1633 1934 1707 die.

1118 1714 1174 1789 Da
1191 1742 1328 1809 pacem,
1354 1721 1564 1817 vigeantque
1576 1720 1692 1798 bonae
1705 1743 1740 1802 te
1756 1735 1915 1825 praeside
1931 1736 2035 1829 leges,
2148 1818 2155 1827 ,

1170 1817 1225 1890 Ac
1241 1818 1430 1912 Evangelii
1447 1848 1514 1896 nos
1531 1851 1611 1919 rege
1624 1831 1703 1902 luce
1720 1834 1784 1910 tui.

1120 1919 1306 1993 lubrrnum
1322 1927 1389 1995 scis
1404 1951 1477 1998 esse
1490 1950 1650 2024 gregem,
1676 1936 1740 2028 qui
1755 1939 1918 2030 dogmata
1932 1943 2045 2015 discit.

1170 2023 1319 2096 Vivifica
1335 2030 1432 2117 gnati
1447 2032 1575 2104 tradita
1591 2060 1676 2105 voce
1693 2038 1759 2108 tui.

1126 2120 1234 2196 Adsis
1246 2127 1285 2196 in
1300 2130 1406 2199 nobis
1421 2132 1532 2221 igitur
1547 2150 1734 2233 custosque
1750 2154 1932 2238 paterque,

1168 2227 1277 2300 Nulla
1293 2231 1392 2302 venit
1404 2235 1509 2304 nobis
1525 2230 1579 2306 Te
1592 2239 1669 2309 siue
1682 2243 1788 2312 dante
1804 2245 1909 2316 salus.

1117 2326 1167 2402 Et
1179 2331 1263 2424 quia
1280 2344 1318 2402 tu
1332 2333 1451 2424 legum
1465 2336 1563 2423 fons,
1588 2342 1704 2431 pulcri
1719 2365 1758 2413 ac
1774 2348 1911 2419 ordinis
1928 2365 2034 2424 autor

1169 2429 1220 2502 Es
1231 2431 1346 2520 Deus,
1372 2449 1407 2506 et
1422 2451 1539 2509 custos
1554 2440 1703 2531 legitimi
1721 2443 1882 2540 lmpcrii:

1118 2527 1474 2610 Fernnndotribuas
1488 2541 1594 2632 longa
1609 2557 1645 2614 et
1661 2546 1801 2620 foelieia
1817 2554 1918 2643 regni

1170 2634 1351 2728 Tempora
1365 2641 1410 2710 da
1426 2641 1563 2713 sanstus
1578 2645 1624 2716 sit
1638 2661 1737 2737 pater
1749 2665 1789 2723 ut
1802 2655 1946 2745 patriae.

1119 2736 1286 2811 Succedit
1300 2740 1403 2812 fratri
1414 2745 1522 2815 scater
1536 2747 1602 2817 tibi
1616 2741 1753 2821 Carula
1758 2806 1771 2840 ,
1795 2755 1900 2843 cuius,
1954 2810 1959 2826 .-

1172 2838 1351 2912 Virtutem
1366 2868 1505 2938 semper
1517 2850 1610 2920 secla
1625 2852 1746 2924 lutura
1760 2873 1899 2946 canent,

1121 2941 1248 3015 Vicisti
1261 2947 1419 3039 quoties,
1443 2949 1584 3021 bonitas
1597 2966 1658 3025 tua
1674 2955 1777 3030 leniit
1792 2959 1895 3047 iram,

1171 3043 1224 3117 Ne
1239 3048 1374 3119 bellum
1393 3055 1667 3141 possenttristia
1679 3061 1784 3150 plura
1800 3065 1912 3157 sequi.

1119 3141 1174 3218 Ex
1190 3171 1277 3219 auro
1292 3150 1412 3221 frenos
1424 3154 1484 3224 dat
1502 3152 1619 3227 Pallas
1634 3155 1918 3255 Bellerophonti,

1171 3247 1296 3323 Servet
1310 3267 1351 3324 ut
1366 3255 1521 3328 inbellis
1537 3283 1619 3330 cnm
1634 3263 1773 3335 ratione
1785 3270 1946 3346 modum.

1120 3350 1192 3422 Par
1208 3354 1348 3425 bonitas
1363 3357 1465 3427 fratri
1482 3372 1552 3446 est,
1577 3362 1642 3455 qui
1659 3387 1801 3454 parcere
1818 3369 1955 3446 civibus
1970 3391 2079 3468 optat,

1171 3450 1220 3527 Et
1234 3469 1357 3526 contra
1373 3456 1512 3530 Turcos
1526 3463 1588 3554 qui
1606 3465 1663 3554 pia
1679 3466 1771 3537 bella
1786 3472 1887 3559 gerit.

1123 3553 1224 3647 Quos
1241 3558 1367 3649 procul
1381 3583 1401 3628 a
1415 3562 1519 3631 nobis
1535 3564 1690 3654 depellas
1705 3563 1846 3643 Christe
1860 3596 2056 3667 precamur,

1171 3656 1344 3752 Bellaque
1358 3665 1578 3736 nemodomi
1595 3667 1761 3742 seditiose
1775 3689 1883 3764 gerat.

1123 3882 2115 3918 ---·---—--—-----..-....

1123 4030 1290 4160 Q&
1941 4073 1991 4117 sn.
2011 4054 2104 4117 1559.

1170 4245 1173 4249 ·
1227 4244 1309 4317 apua
1327 4243 1455 4299 vimen.
1477 4219 1620 4318 seseq.

1124 4402 1350 4479 115115515ίί5
1363 4406 1415 4478 nd
1425 4405 1626 4481 doctrinae
1638 4409 1768 4485 studio
1782 4421 1822 4485 et
1835 4418 2115 4503 invocationem.

1123 4555 1319 4630 Effundam
1337 4557 1482 4644 flatum,
1509 4559 1615 4647 dicis,
1639 4560 1789 4635 Davidis
1803 4565 1842 4635 in
1855 4589 1993 4658 agmen,

1176 4656 1333 4747 Christe,
1359 4656 1547 4752 Evangelii
1559 4664 1622 4756 qui
1638 4666 1727 4736 solet
1743 4690 1816 4737 esse
1830 4691 1957 4744 comes.
1979 4748 1984 4755 Ι

1127 4759 1251 4831 Gratia
1269 4769 1395 4852 magna
1409 4761 1478 4833 Dei
1492 4765 1603 4833 docili
1618 4778 1658 4835 ut
1673 4767 1858 4836 notissima
1875 4769 1946 4854 bat,

1178 4862 1297 4957 thue
1311 4889 1414 4956 prece
1432 4866 1574 4934 accedat
1588 4889 1663 4934 non
1681 4867 1867 4940 dubitante
1883 4868 2013 4947 Deum.

1127 4962 1311 5036 Mentibus
1326 4981 1359 5036 et
1375 4956 1517 5059 petiisse
1534 4966 1634 5036 iubes
1651 4961 1720 5038 hoc
1731 4992 1862 5043 munus
1877 4971 2028 5064 anhelis,

1178 5065 1303 5160 Teque
1319 5067 1434 5137 avidis
1451 5067 1546 5137 iuras
1567 5063 1634 5139 hoc
1648 5069 1733 5141 dare
1747 5070 1839 5143 velle
1855 5077 2002 5150 bonum.

1126 5165 1222 5258 Ergo
1242 5192 1326 5238 voce
1337 5182 1403 5238 tua
1421 5168 1543 5238 confisi
1559 5165 1700 5242 Christe
1717 5199 1911 5266 precamur,

1178 5270 1278 5341 Aura
1292 5268 1466 5360 evangelii
1479 5271 1525 5342 sit
1542 5297 1656 5344 comes
1671 5274 1737 5348 ista
1755 5278 1821 5352 tui.
1902 5345 1924 5365 ,.

1127 5373 1260 5445 Luceat
1276 5372 1314 5441 in
1332 5371 1456 5458 nobis,
1481 5388 1516 5445 et
1528 5375 1641 5447 iustae
1656 5393 1798 5470 pectora
1814 5398 1935 5456 nostra

1181 5470 1372 5571 Adsimilet
1387 5473 1492 5566 Legi,
1499 5502 1604 5624 ⁴,quae
1620 5481 1701 5552 data
1719 5507 1804 5554 voce
1817 5484 1889 5556 Dei
1907 5502 1969 5560 est.

1433 5565 1481 5650 41

1939 531 1988 573 an.
2015 509 2108 572 1559.
2203 484 2204 487 ¹
2264 510 2269 531 ¹
