4748 6022
163 309 236 389 stt
753 300 1180 396 Quntts‘rtonus
1211 300 1615 380 acaunntcan
2135 307 2216 388 092

184 505 189 535 τ
258 478 347 573 'Ago
375 477 483 551 etiam
514 476 646 570 gratias
674 475 986 549 Reverendissimo
1014 491 1051 551 et
1074 476 1164 551 lllu·
1187 478 1192 516 '
1216 477 1363 549 nomine
1384 502 1484 564 meo,
1516 478 1555 547 in
1577 478 1696 550 medio
1719 503 1841 550 eonrm
1863 500 1955 554 sum.
2014 477 2115 553 Haec
2129 505 2215 554 vero

166 585 341 662 strissimo
354 581 517 674 Principi
530 605 571 651 ac
585 579 767 665 Domino,
790 577 949 650 Domino
963 580 1165 671 Sigismun-
1218 594 1258 651 ut
1280 580 1326 651 sit
1348 581 1443 652 inter
1466 604 1533 651 nos
1555 582 1803 652 benevolentia
1826 596 1996 674 perpetua
2025 595 2063 654 et
2081 600 2218 658 emanat

165 683 515 778 des-Archiepiscnpo
540 682 858 774 Magdeburgensi,
895 682 1046 756 Primati
1070 681 1165 754 Ger·
1216 698 1322 776 atque
1336 683 1583 764 confirmetur,
1614 685 1731 779 sitque
1748 685 1892 756 initium
1909 685 2008 756 illius
2023 689 2165 758 aeterni
2180 699 2218 761 et

165 792 308 866 maniae
323 803 390 861 etc.
417 789 513 882 quod
530 785 756 856 festivitatem
775 779 870 855 banc
883 785 1166 857 renunciationis
1216 785 1398 856 laetissimi
1421 786 1642 877 complexus,
1673 813 1746 881 qno
1761 789 1924 859 fruemur
1945 788 1984 859 in
1999 788 2110 862 altera
2128 791 2220 879 vita,

166 916 267 968 nacae
281 891 452 963 celebrari
469 912 489 960 a
505 889 703 960 sevoluerit
718 911 782 979 per
791 886 919 957 Virum
929 888 1163 959 clarissimum
1216 888 1291 956 veri
1308 888 1521 981 perfectique
1537 901 1572 958 et
1588 890 1705 959 divini
1722 904 1757 961 et
1772 891 1889 961 mutui
1910 892 2042 962 amoris
2057 893 2220 965 flammis

166 998 214 1072 D.
235 989 400 1068 Paulum
422 983 667 1064 honorium.
717 987 788 1059 Pro
813 1015 881 1084 qua
905 1004 977 1060 tam
999 991 1168 1061 clementi·
1216 991 1398 1066 ardentes,
1431 990 1470 1058 in
1496 1007 1689 1083 conspectu
1712 992 1779 1063 lilii
1799 991 1869 1064 Dei
1899 1006 1934 1063 et
1955 999 2221 1068 consuetudine

166 1102 353 1172 voluntate
372 1114 549 1188 ergamc,
574 1091 796 1164 ¹Celsitudini
822 1092 932 1185 ipsius
957 1094 1165 1164 memoriam
1215 1091 1396 1163 Ecclesiae
1411 1093 1587 1178 coelestis,
1612 1095 1719 1166 faciat
1733 1093 1850 1182 Deus,
1874 1096 1934 1189 qui
1951 1110 2003 1167 est
2018 1099 2166 1171 dilectio
2183 1114 2220 1172 et

167 1217 205 1276 et
219 1199 472 1295 gratitudinem
487 1196 737 1287 sempiternam
751 1196 934 1287 promitto.
978 1194 1164 1288 lpsietiam
1216 1195 1297 1265 lons
1311 1195 1532 1264 concordiae.

167 1304 260 1376 Viro
275 1301 469 1374 clarissimo
480 1297 526 1373 D.
541 1296 655 1368 Paulo
670 1294 873 1384 Praetorio,
894 1312 928 1369 et
944 1300 1093 1388 gratiam
1108 1322 1166 1367 me
1301 1293 1471 1366 ‘Easdem
1493 1297 1622 1387 gratias
1647 1300 1749 1371 vobis
1772 1323 1838 1390 ago
1859 1298 2063 1372 Reverendi
2086 1319 2123 1375 et
2142 1304 2218 1376 cla·

168 1409 300 1480 debere
320 1403 488 1496 profiteor
518 1412 556 1471 et
580 1399 842 1470 declaraturum
875 1401 1028 1492 recipio,
1068 1402 1164 1494 quod
1217 1397 1348 1468 nissimi
1364 1399 1432 1468 viri
1449 1398 1597 1469 Domini
1617 1398 1790 1473 Doctores
1811 1416 1845 1473 et
1864 1400 2087 1476 Professores
2105 1402 2218 1479 buius

169 1530 236 1604 pro
258 1502 369 1578 veteri
387 1503 649 1575 necessitudine
672 1514 794 1572 nostra
818 1502 912 1573 inter
933 1526 1089 1573 summas
1105 1527 1166 1573 oc·
1217 1514 1359 1572 nostrae
1381 1497 1593 1573 Academiae
1616 1504 1792 1590 universi,
1816 1504 2066 1600 Praeceptnres
2088 1523 2122 1579 et
2137 1510 2217 1579 col-

167 1610 375 1706 cupationes
389 1602 521 1678 honori
542 1618 578 1676 et
591 1604 842 1675 existimationi
858 1629 958 1675 meae
972 1600 1065 1676 banc
1081 1629 1167 1696 ope-
1217 1602 1313 1693 lagae
1335 1617 1503 1696 perpetua
1528 1606 1752 1678 observantia
1776 1609 1936 1694 colendi,
1961 1623 1996 1693 et
2017 1611 2086 1680 viri
2099 1609 2216 1681 Nobi·

167 1736 245 1786 nm
267 1714 368 1797 dare,
399 1725 435 1782 et
451 1705 518 1780 hnc
535 1707 652 1778 officio
668 1707 842 1778 adventus
861 1707 916 1778 sui
940 1709 1075 1778 efficere
1091 1731 1166 1778 non
1217 1705 1267 1776 les
1282 1722 1388 1800 atque
1402 1708 1509 1777 amici
1522 1709 1667 1793 caeteri,
1688 1711 1749 1802 qui
1766 1704 1914 1781 honoris
1924 1713 1995 1781 mei
2009 1736 2113 1783 causa
2128 1738 2219 1785 con·

169 1817 217 1888 sit
238 1828 423 1907 gravatus,
452 1825 493 1883 ut
516 1805 604 1880 haec
626 1809 798 1880 festivitas
819 1824 852 1880 et
875 1806 1165 1880 haecdoctorum
1217 1808 1383 1899 venistis,
1416 1834 1497 1879 cum
1521 1813 1565 1879 de
1585 1811 1665 1880 aliis
1688 1812 1867 1882 beneficiis
1889 1816 2030 1900 vestris,
2064 1830 2143 1885 turn
2170 1808 2240 1886 de'

168 1916 359 1991 hominum
381 1936 514 1984 corona
536 1913 681 2005 abipso
702 1912 808 1983 etiam
823 1911 980 1998 auctior,
1006 1914 1167 1985 ornatior
1217 1911 1345 1979 eximia
1370 1925 1405 1981 et
1427 1914 1601 1983 constanti
1624 1914 1890 2000 benevolentia,
1916 1941 2019 2009 qnam
2033 1917 2218 2007 singulari

167 2035 205 2093 ct
220 2012 403 2092 illustrior
413 2018 630 2087 redderetur.
1218 2008 1444 2106 humanitate
1460 2016 1663 2086 declarastis
1683 2030 1718 2088 et
1737 2019 1961 2108 praestitistis
1982 2013 2071 2088 mibi
2084 2020 2218 2090 multis

33 2181 38 2196 .
121 2125 129 2141 ’
173 2112 190 2173 .'
272 2121 418 2194 Debitus
433 2120 538 2190 etiam
555 2117 685 2208 gratias
696 2139 762 2206 ago
771 2113 964 2206 Magnifico
977 2114 1023 2192 D.
1032 2113 1166 2189 Recto·
1217 2115 1333 2186 annis.
1387 2114 1491 2187 Hanc
1513 2131 1555 2189 ut
1577 2119 1759 2189 retineatis
1775 2143 1856 2211 erga
1880 2145 1956 2201 me,
1982 2145 2049 2215 qna
2065 2143 2213 2212 possum

168 2228 225 2312 ri,
246 2229 282 2297 et
297 2216 442 2318 lnclytis
464 2244 505 2291 ac
521 2214 715 2291 Generosis
729 2216 897 2288 Dominis
916 2217 1117 2291 Comitibus
1132 2234 1167 2290 et
1219 2217 1449 2288 contentione
1471 2233 1565 2310 peto.
1621 2216 1699 2312 ligo
1721 2235 1761 2293 ut
1782 2223 1892 2292 semel
1908 2222 2089 2294 collectam
2106 2237 2215 2317 atque

169 2326 392 2410 Batonibus,
427 2337 462 2394 et
475 2321 673 2394 Nobilitate
694 2346 736 2391 ac
759 2321 890 2392 virtute
906 2323 1167 2414 praestantibus
1217 2323 1380 2412 adeptam
1414 2345 1489 2391 non
1516 2338 1647 2393 temere
1666 2324 1867 2409 effundam,
1903 2327 1964 2395 scd
1991 2327 2084 2395 alam
2108 2338 2220 2419 atque

169 2428 372 2523 hospitibus
399 2426 563 2506 caeteris,
600 2423 766 2518 quicum
793 2424 837 2493 ad
871 2419 937 2494 hos
959 2447 1167 2515 congressus
1217 2446 1363 2513 augeam
1386 2424 1487 2492 omni
1514 2447 1594 2514 erga
1618 2449 1680 2496 vos
1701 2427 1901 2498 officiorum
1917 2443 1952 2499 et
1965 2429 2220 2499 observantiae

168 2529 398 2624 scholasticos
422 2530 612 2612 accedunt,
643 2539 818 2596 testantur
841 2548 879 2594 se
901 2542 936 2599 et
957 2527 1165 2618 dignitatern
1217 2548 1362 2617 genere,
1389 2526 1503 2596 enitar
1514 2528 1651 2603 sedulo
1702 2525 1751 2600 Et
1764 2554 1890 2622 precor
1902 2532 2042 2614 Deum,
2066 2545 2108 2600 ut
2124 2526 2220 2601 banc

168 2637 357 2708 literarum
372 2625 604 2722 intelligere}
616 2643 652 2699 et
667 2624 732 2699 has
753 2630 987 2720 magnifacere
1001 2655 1042 2700 ac
1057 2653 1165 2700 vene·
1217 2627 1507 2698 coniunctionem
1524 2632 1727 2702 animorum
1744 2632 1914 2703 internos
1929 2647 1963 2704 et
1973 2634 2220 2716 concordiam,

166 2724 262 2823 ruri,
287 2736 455 2810 etinvere
476 2727 627 2805 Scbnlae
643 2743 679 2802 et
693 2726 869 2801 Ecclesiae
890 2745 1050 2817 nostrae,
1076 2755 1166 2826 quae
1217 2745 1254 2801 et
1272 2724 1366 2800 banc
1391 2732 1538 2801 devera
1564 2734 1725 2803 doctrina
1751 2734 1817 2803 tilii
1840 2732 1910 2805 Dei
1930 2737 2219 2819 consensionem,

167 2835 599 2927 ltumanitasdignissima
614 2848 666 2905 est
680 2835 848 2905 omnibns
867 2835 930 2920 iis,
956 2835 1018 2928 qui
1034 2833 1166 2904 illustri
1217 2854 1293 2928 qua-
1302 2832 1387 2902 nixa
1403 2847 1438 2904 et
1459 2834 1547 2905 fulta
1571 2831 1658 2906 haee
1681 2832 1812 2908 Schola
1837 2834 1906 2908 Dei
1928 2839 2157 2930 providentia
2182 2851 2217 2908 et

148 2930 250 3014 ,loco
264 2941 454 3024 natisunt,
475 2949 511 3008 et
524 2937 570 3007 ad
584 2937 703 3031 aliqua
718 2959 937 3007 summarum
952 2936 1166 3027 dignitatum
1216 2935 1465 3028 procuratione
1494 2931 1666 3008 hactenus
1689 2940 1849 3012 constitit
1873 2955 1908 3012 et
1932 2941 2076 3025 floruit,
2119 2964 2215 3010 nun-

167 3043 309 3136 iastigia
330 3033 462 3140 virtute
485 3053 521 3110 et
541 3040 647 3111 rebus
672 3040 763 3109 bene
783 3036 1027 3133 foeliciterqne
1051 3039 1167 3130 gestis,
1217 3037 1434 3132 quamsinat
1449 3041 1587 3110 turbari
1603 3055 1664 3112 aut
1681 3041 1841 3116 dissolvi.

169 3134 417 3221 ”studerunt
1320 3137 1407 3209 Tibi
1431 3165 1514 3211 vero
1536 3144 1636 3212 omni
1651 3146 1748 3216 cultu
1771 3146 1988 3216 reveoentiae
2005 3145 2216 3236 dignissime

168 3277 174 3284 ·
230 3247 388 3318 ssVo'bis
401 3268 485 3315 vero
494 3241 699 3317 Reverendi
713 3256 748 3313 et
762 3242 949 3313 clarissimi
966 3240 1064 3328 Viri,
1089 3242 1167 3334 pie·
1218 3239 1374 3312 Domine
1397 3239 1571 3330 Patrone,
1609 3243 1839 3338 Praeceptor,
1873 3247 2008 3320 Parcus
2033 3263 2068 3320 et
2096 3247 2216 3328 Socer,

167 3362 260 3436 late,
285 3347 465 3440 dignitate
485 3363 520 3420 et
544 3348 708 3418 doctrina
731 3358 963 3438 praestantes,
995 3342 1167 3415 Doctores
1217 3344 1348 3437 quibus
1362 3346 1480 3415 verbis
1494 3369 1594 3437 agam
1609 3350 1755 3437 gratias,
1781 3351 1843 3444 qui
1857 3351 1924 3422 tibi
1939 3353 2053 3421 debeo
2069 3350 2214 3421 omnia?

152 3455 208 3528 'et
224 3453 461 3526 'Professores
494 3446 707 3520 Academiae
747 3447 929 3540 Lipsicac,
971 3460 1005 3517 et
1038 3447 1167 3517 caeteri
1217 3444 1329 3516 Cuius
1345 3448 1477 3537 pietas,
1506 3449 1701 3541 sapientia,
1726 3453 1841 3524 virtus
1857 3468 1900 3525 et‘
1914 3455 2077 3524 doctrina
2091 3454 2139 3522 ita
2153 3476 2211 3520 mc

170 3557 474 3648 vocareturque
492 3552 599 3624 amici
618 3565 651 3622 et
678 3553 830 3621 maiores
853 3551 922 3618 mei
942 3573 1023 3618 cum
1044 3552 1167 3618 obser·
1218 3548 1401 3632 instruxit,
1428 3564 1468 3621 ut
1484 3552 1690 3623 affinitatem
1706 3569 1863 3625 nostram
1881 3571 2000 3648 postea
2024 3580 2099 3626 non
2117 3556 2212 3625 relu-

168 3661 292 3732 Vlntia
307 3647 467 3741 colendi,
485 3668 520 3727 et
533 3655 601 3726 tibi
615 3654 780 3746 inprimis
789 3643 1167 3722 InachimeCamsrn-
1217 3651 1320 3739 geris.
1381 3650 1478 3722 Haec
1505 3655 1682 3726 institutio
1705 3670 1740 3726 et
1765 3661 1983 3729 consuetudo
2000 3674 2081 3744 tua,
2107 3682 2213 3751 qnam

170 3763 243 3860 tffie,
268 3772 373 3857 quetu
387 3772 422 3831 et
433 3781 517 3848 ego,
541 3771 581 3827 ut
595 3756 673 3825 lieri
687 3756 828 3840 debuit,
854 3753 964 3844 patris
976 3754 1054 3824 loco
1069 3778 1166 3825 sum·
1218 3754 1371 3823 affinitas
1397 3770 1517 3845 postea
1551 3772 1769 3853 consequuta
1800 3775 1873 3846 est,
1911 3785 2015 3832 causa
2045 3755 2139 3830 mihi
2162 3775 2214 3828 est

169 3886 230 3936 rur
244 3885 384 3956 semper
399 3861 629 3930 veneratione
647 3855 761 3943 colui,
792 3871 921 3927 etcum
940 3857 1052 3946 patria
1067 3882 1165 3927 com·
1219 3854 1380 3926 omnium
1407 3858 1683 3946 beneficiorum,
1721 3886 1812 3955 qnae
1840 3889 1860 3933 a
1889 3860 1967 3934 Deo
2001 3865 2094 3934 vitae
2117 3886 2215 3931 meac

167 3968 279 4040 muni.
299 3963 520 4045 Germania,
559 3983 683 4029 omnes
716 3974 853 4029 exterae
885 3959 1049 4028 nationes
1082 3984 1166 4029 vero
1218 3982 1380 4027 concessa
1404 3973 1507 4044 sunt,
1539 3975 1574 4031 et
1595 3977 1677 4033 sunt
1699 3965 1874 4050 maxima,
1905 3980 2066 4050 etame,
2093 3979 2131 4034 nt
2153 3989 2217 4056 par

168 4067 341 4163 gravique
355 4065 489 4135 iudicio
503 4063 700 4155 suspiciunt
710 4077 818 4156 atque
831 4062 1070 4132 admirantur:
1091 4059 1166 4131 Vo-
1218 4073 1289 4145 est,
1317 4085 1382 4151 pro
1394 4064 1555 4135 maximis
1565 4081 1845 4154 agnoscunturet
1854 4069 2092 4140 celebrantur.
2132 4065 2210 4136 Tua

168 4167 233 4244 nis
257 4196 341 4262 ergo
375 4166 544 4237 omnibns
576 4167 706 4256 gratias
739 4189 822 4256 ago,
860 4179 1010 4258 quantas
1043 4189 1167 4257 capere
1220 4164 1463 4248 etiamcausa,
1490 4192 1581 4259 quae
1598 4193 1695 4237 nttnc
1708 4171 1816 4255 liunt,
1842 4171 1933 4242 bunt
1947 4172 2081 4244 omnia.
2117 4166 2210 4238 Nam

168 4286 284 4368 potest
298 4271 440 4343 animus
462 4293 583 4355 meus,
609 4271 707 4361 quod
727 4265 856 4339 honori
873 4292 951 4337 meo
966 4269 1086 4337 favere
1103 4292 1166 4337 vos
1219 4265 1282 4335 etsi
1297 4267 1449 4336 multum
1467 4265 1556 4337 mibi
1574 4272 1746 4361 polliceor
1764 4275 1807 4341 de
1824 4287 2041 4342 caeterorum
2059 4295 2136 4362 erga
2152 4295 2212 4340 me

169 4374 376 4459 ostenditis,
402 4372 629 4443 attestamini
643 4396 726 4442 vera
739 4395 781 4442 ac
796 4373 932 4441 sincera
950 4371 1166 4440 benevolen-
1219 4367 1364 4450 studiis,
1400 4383 1433 4439 et
1450 4372 1559 4441 multa
1578 4368 1668 4442 mihi
1691 4376 1736 4444 ab
1754 4370 1809 4443 bis
1831 4377 1935 4446 etiam
1952 4377 2031 4446 dari
2048 4400 2124 4445 non
2142 4375 2215 4443 du-

168 4481 219 4552 tta
251 4500 316 4550 vos
346 4476 533 4546 nobiscnm
563 4475 774 4544 coniunctos
803 4498 895 4558 esse,
937 4487 971 4544 et
999 4473 1167 4541 delectari
1218 4472 1315 4554 bito,
1349 4495 1463 4563 neque
1488 4474 1556 4564 ipsi
1581 4500 1638 4545 me
1662 4478 1826 4546 dubitare
1850 4478 1975 4547 volunt
1992 4494 2055 4548 aut
2071 4479 2215 4562 sinunt;

167 4582 344 4674 amicitia,
369 4577 558 4670 colloquiis
580 4590 615 4646 et
633 4579 889 4646 consuetudine
910 4587 1041 4643 nostra.
1094 4571 1166 4642 Vos
1217 4574 1263 4643 sit
1284 4573 1392 4661 igitur
1415 4587 1454 4644 ut
1467 4571 1556 4644 mihi
1570 4577 1705 4669 aliqua:
1732 4578 1816 4648 Tibi
1841 4593 1958 4650 tamen
1974 4597 2012 4650 ut
2028 4583 2102 4650 dixi
2124 4583 2217 4650 dan·
2266 4564 2270 4571 ¹

167 4681 458 4777 circumspiciens
488 4683 532 4750 de
560 4679 624 4748 illo
646 4678 807 4749 Platonis
830 4679 925 4746 dicto
956 4676 1085 4764 cogito:
1122 4672 1165 4746 οὐ
1218 4689 1278 4745 tur
1294 4675 1432 4756 omnia,
1463 4679 1604 4770 quodsi
1627 4704 1700 4748 non
1725 4682 1919 4772 intelligam
1941 4699 2045 4776 atque
2073 4684 2216 4774 praedi-

168 4784 309 4887 χρυσὸς
331 4783 471 4884 ἄγλαος
492 4778 575 4856 οὔδ’
602 4779 773 4872 idonce,
800 4774 883 4851 οὐδ’
904 4771 1074 4875 ἆγρύρου
1087 4773 1167 4850 xii·
1218 4800 1313 4860 cem,
1339 4777 1447 4845 nimis
1464 4778 1531 4847 sim
1547 4782 1733 4873 imperitus
1747 4799 1851 4878 atque
1870 4785 2039 4874 ingratus.
2092 4783 2136 4854 ln
2161 4811 2217 4855 me

170 4913 235 4965 ναι
256 4884 349 4985 πρὸς
365 4886 575 4982 ἄνθρωπον
590 4875 882 4976 δοκιμαζόμεναι
896 4879 1014 4961 οὕτως
1027 4875 1166 4973 ἀστρά-
1218 4905 1302 4949 vero
1326 4880 1356 4949 si
1375 4881 1463 4974 quid
1478 4883 1543 4954 tibi
1559 4898 1697 4974 gratum
1721 4901 1791 4967 est,
1819 4913 1883 4978 pro
1902 4914 1972 4981 qun
1992 4892 2068 4958 Deo
2082 4890 2217 4978 gratias

169 5017 251 5068 mg,
272 4985 364 5087 πρὸς
385 4989 507 5085 ὄψεις,
543 4983 594 5068 ὥς
615 4983 779 5089 ἀγαθῶν
799 4981 953 5079 ἀνδρῶν
967 4977 1166 5078 ὁμοφράὸ-
1217 5007 1281 5073 ago
1306 4996 1340 5053 et
1362 4984 1448 5068 tibi,
1479 4987 1556 5056 eius
1579 4987 1725 5057 nomine
1753 4989 1832 5059 ideo
1856 4994 2011 5079 gaudeo,
2043 4992 2129 5084 quia
2147 4992 2215 5061 tibi

168 5121 255 5192 μων
273 5089 411 5188 νόησις.
473 5085 576 5159 Nihil
598 5104 649 5159 est
670 5089 819 5159 omnino
845 5102 907 5157 aut
931 5088 1166 5178 praestantius
1217 5100 1356 5175 gratum
1377 5101 1439 5159 est.
1498 5086 1589 5158 Nam
1614 5091 1678 5159 etsi
1701 5093 1746 5160 de
1775 5088 1831 5161 bis
1851 5095 2090 5178 ornamentis,
2125 5120 2216 5188 quae

168 5213 231 5277 aut
251 5198 392 5270 dulcius
414 5191 668 5262 coniunctione
689 5216 764 5262 non
790 5193 907 5262 fucata
928 5190 1106 5259 bonorum
1131 5204 1167 5260 et
1216 5183 1305 5256 mibi
1333 5190 1403 5258 iam
1428 5191 1554 5262 collata
1576 5208 1677 5278 sunt,
1708 5194 1756 5264 ita
1781 5195 1895 5266 sentio
1918 5211 1958 5266 ut
1975 5198 2109 5282 debeo,
2139 5223 2215 5268 non

166 5304 311 5397 piorum
341 5295 639 5367 consentientium
671 5297 717 5364 de
744 5294 943 5386 praecipuis
973 5294 1098 5377 rebus,
1132 5307 1167 5364 et
1217 5304 1335 5360 tamen
1352 5292 1424 5360 illis
1440 5292 1526 5383 ipsis
1539 5308 1612 5365 tam
1628 5296 1764 5386 gaudeo
1779 5298 1857 5367 ullo
1879 5314 2039 5388 respectu
2055 5325 2136 5371 meo
2153 5316 2214 5373 ant

166 5402 238 5476 hoe
265 5414 441 5474 consensu
466 5398 692 5481 laetantium,
725 5399 770 5465 de
798 5397 928 5490 quibus
956 5396 1042 5467 dicit
1072 5397 1166 5467 lilius
1215 5417 1377 5462 meorum
1392 5396 1571 5478 omnium,
1597 5423 1704 5492 quam
1714 5413 1748 5468 te
1761 5413 1796 5471 et
1810 5396 2095 5473 honestissimam
2106 5403 2213 5474 lami-

167 5506 253 5579 Dei:
285 5502 499 5596 Ubicunque
514 5502 587 5571 duo
600 5512 663 5570 aut
681 5513 750 5569 tres
766 5499 967 5588 congregati
977 5500 1115 5570 luerint
1127 5500 1166 5568 in
1214 5495 1301 5565 liam
1316 5510 1431 5583 tuam,
1455 5518 1548 5569 ame
1561 5523 1637 5571 nou
1651 5501 1855 5574 deformari.
1900 5501 2009 5592 erod
2022 5519 2062 5576 ut
2072 5528 2213 5600 semper
