4748 6022
37 204 46 216 ”
93 217 169 295 ste

36 385 41 391 ’
94 390 166 464 Seu
180 390 297 460 fictam
318 385 500 460 monachis
523 411 709 481 personam
725 381 905 473 detrahet,
930 400 1035 483 atque
1062 411 1065 414 ⁴

144 493 289 564 Asseret
303 492 439 561 aeterni
452 493 614 579 dogmata
632 515 711 559 vera
728 487 806 563 Dei.

94 595 193 686 Quas
208 595 297 664 leret
309 617 497 663 aerumnas
512 593 615 661 luciis
629 592 844 680 agitantibus
863 582 1004 662 hostes?

146 696 289 767 Tollere
309 694 372 789 qui
390 719 409 764 e
426 694 542 764 medio
563 695 631 764 tale
645 689 833 764 Catharma
848 693 982 771 volent,

92 797 153 871 Sic
170 798 276 869 etiam
293 794 429 867 Doctor
444 797 601 866 sincerus
616 795 758 866 victima
771 794 844 880 liet,

145 897 368 991 Assiducque
381 898 459 971 litat
476 898 647 987 sanguine
666 910 699 968 et
714 897 789 988 ipse
804 921 880 966 suo,

94 998 187 1074 Ecce
202 1018 299 1074 tenes
312 1024 453 1085 causas,
478 1024 542 1069 cur
556 998 645 1069 ritus
659 1000 798 1069 dedicat
812 995 846 1094 ²)
863 1000 971 1087 idem,

10 1162 15 1169 .
144 1103 194 1176 Et
206 1104 375 1197 pecudem
391 1117 425 1174 et
442 1114 577 1196 mysten
593 1102 655 1195 qui
672 1101 729 1192 pia
742 1124 839 1170 sacra
855 1100 949 1176 lacit.

94 1202 164 1275 lsta
180 1203 369 1274 sacerdotis
385 1199 520 1274 Christi
534 1203 716 1272 verissima
731 1203 847 1290 imago
863 1215 925 1288 est,

145 1306 309 1377 Muneris
325 1300 408 1376 huic
424 1307 528 1375 detur
542 1303 652 1393 gloria
669 1304 783 1395 prima
796 1303 895 1374 sacri,

93 1405 163 1480 Hic
181 1412 257 1478 siue
270 1409 350 1477 labe
363 1408 452 1492 suit,
476 1407 640 1499 claraque
653 1405 691 1473 iu
707 1405 785 1475 luce
799 1418 980 1497 parentem

145 1509 193 1580 Et
208 1510 322 1593 videt,
345 1522 379 1578 et
394 1532 477 1578 vero
494 1531 632 1598 semper
647 1500 783 1576 honore
797 1506 894 1580 colit.
1001 1535 1007 1544 ·

95 1609 189 1682 Huic
201 1610 298 1682 Deus
311 1610 385 1701 ipse
398 1634 543 1680 manum
558 1610 745 1701 imposuit,
770 1607 944 1703 iussitque
957 1609 1083 1681 docere

147 1710 286 1783 Arcana
301 1727 444 1784 aeterno
460 1713 623 1800 dogmata
642 1727 779 1802 promta
789 1711 887 1781 sinu.

95 1812 202 1886 Hunc
216 1837 371 1907 pressere
385 1837 512 1883 manus
527 1825 561 1883 et
577 1813 670 1882 iussa
688 1837 807 1883 severa
823 1811 992 1903 parentis,

146 1916 330 2009 Supplicio
348 1929 386 1984 ut
402 1916 515 1984 lueret
527 1914 675 1992 crimina
691 1927 811 1983 nostra
826 1937 902 1984 suo.

94 2017 200 2088 Hunc
217 2019 301 2087 licet
322 2016 490 2100 inferior,
512 2015 700 2084 comitatur
715 2028 849 2084 caetera
864 2015 980 2101 turba,

144 2117 266 2191 Officii
282 2116 425 2189 titulum
444 2115 501 2184 cui
516 2116 614 2184 dedit
630 2115 704 2205 ipse
720 2116 785 2184 sui.

95 2221 182 2292 Vult
197 2217 385 2306 Evangelii
403 2217 570 2285 custodes
580 2240 718 2306 semper
736 2211 872 2303 haberi,

146 2321 280 2391 Militia
296 2309 409 2388 socios
424 2341 564 2408 semper
575 2333 609 2389 et
624 2341 698 2387 esse
714 2340 808 2391 suae.

92 2423 183 2494 Cum
202 2433 315 2489 mater
330 2432 432 2488 vocat
448 2416 515 2487 hos
530 2414 687 2487 Ecclesia
704 2419 849 2488 nomine
863 2415 1010 2509 Christi,

145 2523 345 2613 Mandatet
359 2519 525 2610 imposita
539 2543 687 2589 munera
707 2542 804 2588 sacra
821 2544 946 2593 mauu:

92 2623 434 2717 Admonitidiscant
446 2620 548 2691 istius
562 2621 716 2710 imagine
733 2620 833 2711 ritus,

142 2726 212 2797 Hic
227 2726 316 2794 ordo
332 2735 505 2816 quantum
521 2723 731 2813 polliceatur
747 2745 847 2814 opus.

91 2826 141 2901 Ut
155 2849 259 2917 pecus
275 2840 356 2893 ante
371 2846 450 2893 aras
467 2826 645 2916 quondam
663 2839 795 2895 sacrata
812 2824 970 2912 cadebat,

143 2929 251 2998 Tosta
267 2924 343 2996 Deo
360 2940 401 2995 ut
414 2926 537 2995 fierent
553 2926 683 2995 viscera
698 2925 814 2994 suavis
829 2928 937 2995 odor:

94 3028 246 3100 Victima
263 3029 312 3098 sic
329 3027 434 3097 etiam
451 3021 594 3096 Christo
609 3027 646 3097 fit
662 3026 810 3122 quisque
826 3029 999 3114 sacerdos,

142 3130 327 3200 Laudibus
342 3142 382 3199 ut
399 3129 555 3216 fragrent
569 3142 681 3215 terra,
703 3129 876 3223 polusque
891 3126 969 3200 Dei.

92 3231 192 3305 Talis
205 3230 298 3303 Abel
316 3244 474 3300 tenerum
500 3246 588 3321 pure
603 3244 816 3301 mactaverat
835 3254 979 3322 agnum,

115 3420 117 3428 Α
143 3334 268 3424 Agnus
283 3345 319 3402 at
333 3332 438 3403 exitio
454 3355 535 3401 mox
553 3333 656 3404 datus
672 3333 746 3423 ipse
761 3331 841 3410 luit.

90 3432 249 3509 Consilio
265 3435 396 3527 patrias
413 3428 537 3503 Esaias
552 3434 640 3504 rexit
654 3429 823 3516 habenas,

109 3580 113 3590 ·
141 3534 188 3610 Et
204 3536 351 3627 trepidis
366 3549 490 3628 portus
506 3536 643 3604 civibus
659 3535 719 3604 ille
735 3535 816 3608 luit.

88 3635 238 3731 Depulit
256 3635 441 3731 Assyrium
459 3633 647 3728 Solymisa
664 3636 854 3706 moenibus
868 3627 1021 3723 hostem,

142 3737 279 3809 Victori
296 3757 432 3828 ponens
449 3735 542 3804 clara
558 3731 726 3826 trophaea
741 3735 829 3809 Deo.

90 3840 236 3935 Iamque
252 3862 356 3909 senex
374 3849 516 3906 centum
533 3838 625 3906 vitae
641 3839 838 3911 confecerat
852 3840 979 3924 sunus,

139 3939 231 4012 Cum
248 3963 343 4009 serra
359 3939 486 4008 scissus
500 3937 642 4008 victima
658 3951 692 4009 et
707 3939 781 4032 ipse
794 3940 874 4013 suit.

88 4044 203 4120 Nemo
220 4055 333 4133 potest
344 4062 537 4110 memorare
547 4064 683 4126 omncs,
698 4043 934 4134 spectabimus
946 4067 1081 4132 omues,

139 4143 229 4216 Cum
246 4140 344 4212 Deus
361 4140 518 4211 induerit
534 4165 682 4234 corpore
699 4169 875 4238 quemque
890 4169 997 4221 novo.

89 4247 192 4321 Talia
208 4246 268 4315 sed
287 4246 459 4339 quaedam
476 4245 620 4334 prodest
637 4245 793 4337 exempla
809 4260 947 4344 tencre,

146 4348 226 4418 Non
241 4345 399 4437 Baptista
417 4344 526 4434 igitur
541 4349 819 4436 praetereundus
832 4349 909 4425 erit.

86 4447 158 4522 Hic
172 4447 366 4539 Evangelio
380 4459 576 4516 monstrato
589 4449 737 4518 tradidit
753 4447 869 4538 Agru,

137 4551 319 4622 Placatum
337 4549 442 4619 nobis
463 4548 527 4641 qui
539 4550 623 4619 facit
641 4573 714 4619 esse
727 4550 876 4641 Deum„

84 4647 133 4729 Et
148 4650 418 4723 Pharisaeorum
435 4664 555 4722 taxant
567 4652 711 4737 deliria,
737 4640 829 4725 ritus
866 4647 869 4653 ¹

137 4753 294 4823 Fucosos
311 4752 422 4823 vetuit
441 4777 507 4843 pro
526 4753 655 4843 pietate
671 4755 783 4847 sequi.

87 4854 350 4945 Iustiticamque
365 4853 469 4921 fidem
486 4855 609 4924 docuit
623 4852 786 4925 Iordanis
800 4857 844 4926 ad
860 4858 1007 4945 undam,

136 4952 182 5025 Et
202 4976 307 5044 rupes
327 4947 513 5023 Gnathum
530 4947 566 5048 ⁸)
583 4953 652 5023 iam
667 4978 818 5028 sonuere
833 4955 913 5028 Dei.

84 5056 263 5131 Sordibus
278 5049 445 5124 humanis
460 5051 532 5123 Lex
547 5055 732 5127 obscurata
748 5059 893 5139 iacebat,

137 5158 231 5228 Huic
251 5157 355 5226 etiam
374 5155 488 5224 lucem
505 5155 663 5225 reddidit
678 5157 739 5226 ille
756 5181 866 5237 suam.

156 5265 298 5276 ,οι-.-

86 5267 154 5374 αἱ)
170 5302 318 5372 Archetyp.
332 5302 454 5367 dedicet,
473 5318 506 5352 ex
516 5296 628 5352 mendo.

119 5393 148 5463 8)
168 5388 319 5461 Archetyp.
331 5398 357 5446 et
370 5386 567 5458 llsssnatum,
590 5382 730 5442 mendose.

806 182 1133 292 cannrnun'
1182 209 1289 288 aro.
1314 208 1396 283 111.

1137 384 1303 474 Congrua
1318 379 1634 473 descripsit'civills
1647 404 1796 455 munna
1811 386 1917 473 vitae,

1188 486 1341 580 luraque
1354 484 1550 569 militibus,
1574 485 1823 581 iudicibusque
1838 489 1949 563 dedit.

1136 587 1256 683 Atque
1272 588 1377 657 fidem
1392 587 1495 657 iussit
1508 587 1626 656 lucere
1640 587 1680 657 iu
1695 590 1801 658 rebus
1815 590 1971 681 agendis,

1186 689 1316 761 Notior
1332 702 1372 759 ut
1387 688 1485 758 fieret
1499 688 1611 777 gloria
1628 713 1710 760 vera
1726 690 1809 766 Dei.

1136 791 1303 881 Coniugii
1316 791 1428 861 sancit
1441 790 1571 879 legem,
1597 793 1813 885 damnatque
1830 788 2023 889 Thyesten,

1188 892 1363 978 Uxorem,
1386 894 1505 961 fratris
1522 894 1585 986 qui
1602 918 1726 986 rapere
1740 917 1845 965 ausus
1861 909 1946 981 erat,

1136 994 1258 1085 Quare
1271 993 1465 1085 Baptistam
1481 995 1635 1066 crudelis
1649 997 1808 1067 adultera
1825 998 1955 1088 perdit,

1186 1096 1261 1187 Qui
1277 1095 1433 1165 moriens
1447 1097 1559 1168 veluti
1575 1098 1717 1167 victima
1735 1123 1830 1169 caesa
1846 1100 1946 1172 iacet.
1969 1158 1973 1163 .

1136 1199 1289 1270 Notitiae
1305 1193 1441 1267 Christi
1458 1194 1676 1290 Stephanus,
1701 1224 1777 1270 non
1792 1201 1963 1292 sanguine
1980 1197 2093 1270 Tauri

1187 1301 1345 1372 Restitui
1362 1299 1454 1369 vitae
1468 1301 1561 1370 dona
1582 1302 1769 1392 perennis,
1791 1303 1852 1376 ait.
1888 1382 1893 1393 ,

1134 1399 1268 1473 Concio
1289 1400 1477 1472 Pontifices
1491 1401 1628 1493 ingrata
1643 1404 1803 1475 accendit
1817 1421 1953 1486 avaros,

1188 1504 1229 1576 ln
1246 1517 1350 1596 caput
1365 1519 1407 1574 ut
1422 1503 1576 1575 iacerent
1591 1527 1712 1597 aspera
1729 1528 1809 1575 saxa
1824 1506 1907 1577 viri.

1137 1603 1254 1700 thue
1269 1607 1357 1675 alios
1373 1606 1506 1676 multos
1521 1607 1662 1692 sileam,
1686 1607 1725 1678 lit
1739 1609 1880 1678 victima
1897 1604 2040 1687 Paulus,

1184 1704 1264 1777 Eoo
1279 1704 1413 1777 Christi
1431 1731 1564 1778 nomen
1578 1710 1624 1779 ab
1639 1711 1725 1779 orbe
1740 1732 1875 1800 gerens.

1135 1804 1183 1880 Et
1196 1811 1283 1879 dum
1298 1833 1358 1880 sex
1374 1809 1495 1879 lustris
1509 1824 1673 1904 terraque
1689 1814 1850 1905 marique
1864 1822 2022 1901 vagatur,

1185 1907 1239 1981 Ac
1254 1905 1491 2000 Evangelium
1506 1914 1637 2006 spargit
1652 1914 1786 2008 ubique
1800 1912 1884 1984 Dei:

1136 2009 1182 2095 Et
1196 2028 1299 2108 negat
1316 2013 1474 2104 extingui
1489 2029 1643 2085 mentem
1660 2015 1833 2086 divinitus
1847 2029 1973 2101 ortam,
1994 2016 1999 2028 '
2061 2102 2065 2109 ,

1183 2111 1354 2204 Corporis
1369 2114 1532 2184 e'vioclis
1547 2117 1691 2209 quando
1710 2117 1824 2188 soluta
1838 2118 1940 2206 fugit.

1135 2212 1413 2308 Proponensque
1428 2216 1533 2285 malis
1548 2239 1710 2308 poenas,
1723 2229 1757 2287 et
1773 2219 1927 2308 praemia
1947 2212 2049 2285 iustis

1187 2315 1348 2386 Arbitrio
1367 2341 1451 2385 vero
1467 2315 1712 2388 distribuenda
1728 2317 1810 2389 Dei:

1136 2414 1310 2487 Iustitiam
1324 2431 1508 2502 monstrat,
1529 2442 1635 2513 qnam
1643 2414 1777 2489 Christi
1795 2430 1936 2511 propter
1950 2410 2125 2485 honorem

1184 2514 1361 2589 Aeternus
1373 2519 1480 2596 ,nobis
1495 2522 1556 2591 dat
1571 2535 1687 2612 pater,
1712 2518 1817 2616 a‘tque
1832 2519 1971 2612 probat.

1134 2616 1272 2690 interea
1290 2644 1447 2712 pugnae,
1472 2621 1671 2715 pugnisque
1687 2624 1843 2713 pericula
1857 2623 1989 2703 iuncta,

1185 2718 1277 2791 Tam
1290 2723 1398 2812 longo
1414 2738 1576 2796 exercent
1591 2735 1750 2815 tempore
1767 2724 1866 2793 mille
1883 2721 2013 2791 virum.

1133 2818 1228 2891 Dum
1246 2825 1389 2893 tandem
1406 2824 1563 2895 ferienda
1581 2826 1679 2896 dedit
1696 2848 1758 2896 sua
1774 2827 1865 2897 colla
1885 2819 2036 2896 Neroni,

1184 2921 1233 2994 Et
1248 2924 1356 2997 iacuit
1369 2940 1538 3020 tanquam
1552 2927 1622 2997 vile
1638 2930 1787 2998 cadaver
1803 2924 1916 2997 humi.

1134 3025 1261 3096 Nostra
1278 3029 1382 3097 etiarn
1397 3029 1487 3098 vidit
1501 3054 1704 3123 quanquam
1719 3030 1897 3099 infelicior
1911 3038 2016 3121 aetas,

1184 3124 1258 3215 Qui
1274 3129 1365 3199 vitae
1380 3125 1562 3203 Christum
1578 3155 1811 3223 praeposuere
1826 3154 1921 3204 suae.

1084 3319 1087 3325 ,
1132 3224 1202 3297 Hic
1216 3231 1279 3299 ubi
1295 3231 1409 3301 diviso
1425 3233 1641 3303 Batavorum
1658 3249 1710 3304 est
1724 3234 1840 3305 insula
1856 3226 1999 3311 Rheno,

1086 3339 1087 3347 ’
1184 3331 1406 3403 Suduaniam
1423 3335 1462 3402 in
1478 3334 1554 3426 ripa
1571 3336 1660 3404 dure
1676 3335 1861 3407 Sicamber
1876 3327 1997 3406 habes.

1135 3429 1232 3502 Haec
1255 3435 1339 3505 tulit
1352 3432 1549 3506 Henricum
1567 3437 1697 3521 civem,
1722 3461 1828 3529 quem
1842 3434 1998 3504 vidimus
2020 3427 2100 3520 ipsi,

1184 3532 1388 3605 Florentem
1408 3537 1552 3622 studiis,
1576 3538 1784 3630 ingeniique
1801 3536 1917 3607 bonis.

1132 3631 1204 3704 Hic
1219 3649 1294 3705 toto
1308 3631 1442 3707 Christi
1456 3638 1610 3729 spirabat
1626 3651 1767 3730 pectore
1779 3661 1949 3717 amorem,

1182 3733 1251 3806 Cui
1267 3739 1404 3810 studuit
1417 3764 1502 3809 vera
1516 3741 1665 3810 reddere
1680 3755 1763 3812 vota
1780 3742 1861 3811 lide.

1133 3833 1344 3932 Exirniaque
1359 3864 1440 3912 suos
1452 3865 1568 3913 mores
1583 3843 1715 3935 pictate
1733 3844 1885 3935 regebat,

1185 3936 1369 4013 Virtutum
1386 3945 1587 4036 exemplum
1602 3961 1718 4038 posset
1733 3961 1778 4018 ut·
1788 3945 1873 4020 inde
1887 3941 1976 4036 capi.

1133 4037 1317 4135 Quicquid
1334 4045 1369 4114 id
1387 4060 1457 4131 est,
1483 4049 1580 4141 quod
1596 4050 1641 4118 de
1662 4060 1788 4118 natura
1805 4044 1955 4118 Graecia
1972 4043 2125 4136 scripsit,

1187 4141 1335 4216 Artibus
1352 4149 1512 4219 excultus
1526 4163 1630 4221 uorat
1646 4162 1681 4221 ct
1695 4149 1757 4220 ille
1771 4149 1889 4223 bonis.
1956 4154 1959 4161 '

1132 4242 1232 4336 Quas
1247 4261 1363 4320 teneat
1376 4265 1487 4322 metas
1504 4253 1590 4321 dum
1604 4264 1719 4323 totum
1735 4251 1871 4344 perlicit
1884 4272 2035 4334 annum,

1062 4429 1063 4432 Ἴ
1183 4344 1325 4419 Aureus
1338 4350 1486 4445 obliquo
1501 4347 1668 4425 Phoebus
1685 4356 1725 4423 in
1737 4354 1824 4424 orbe
1837 4372 1971 4425 means.

1094 4471 1097 4481 ’
1130 4446 1322 4538 Longiuss
1339 4465 1433 4522 terra
1449 4477 1530 4523 cum
1546 4478 1685 4526 summo
1701 4457 1825 4526 tardus
1838 4455 1879 4523 in
1893 4477 1958 4524 axe

1183 4548 1372 4641 Volvitur,
1397 4567 1535 4626 arentes
1549 4581 1615 4628 cur
1630 4555 1759 4648 premit
1776 4569 1896 4626 aestus
1906 4577 2020 4646 agros.

1131 4647 1223 4737 Cur,
1250 4656 1388 4749 quoties
1405 4656 1477 4727 imo
1495 4659 1653 4728 velocior
1666 4659 1734 4729 ihit
1749 4659 1787 4726 in
1803 4680 1866 4726 axe

1180 4749 1228 4824 Et
1243 4759 1390 4850 propior
1402 4773 1535 4846 terrac,
1559 4760 1687 4850 frigida
1702 4758 1837 4829 Bmma
1850 4752 1972 4827 venit?

1128 4850 1226 4925 Haec
1242 4859 1289 4928 ita
1308 4861 1551 4953 contemplans
1565 4874 1743 4946 autorem,
1768 4880 1956 4950 agnoscere
1975 4856 2090 4940 iussit,

1181 4954 1227 5026 Et
1245 4984 1332 5047 pura
1350 4975 1462 5050 grates
1479 4962 1596 5031 dicere
1612 4973 1731 5032 mente
1747 4961 1838 5032 Deo.

1129 5052 1226 5127 Haec
1242 5061 1291 5131 ait
1309 5064 1502 5133 ostendunt
1518 5063 1623 5132 nobis
1637 5062 1788 5135 illustria
1802 5064 1902 5154 signs

1067 5178 1088 5223 s
1179 5155 1335 5233 Aeterna
1352 5165 1526 5234 mundum
1543 5188 1617 5234 nou
1633 5165 1709 5235 siue
1725 5180 1842 5238 mente
1857 5164 1943 5257 regi.

1127 5255 1251 5331 Altera
1271 5267 1331 5333 sed
1348 5266 1469 5356 potior
1485 5266 1552 5337 luit
1566 5267 1621 5337 illi
1638 5293 1721 5338 cura
1736 5284 1868 5349 tenere,

1180 5359 1316 5439 Extant
1332 5390 1423 5462 quae
1437 5368 1544 5442 nobis
1558 5370 1687 5445 tradita
1703 5367 1884 5448 vocelDei.
