4748 6022
202 309 277 386 sss
793 264 1215 395 Quausrto'urs
1241 295 1640 378 acerrumas.
2151 296 2233 374 sao

203 509 319 582 neque
333 480 574 565 invocandus,
589 491 630 551 ut
644 478 866 548 intercessor.
910 474 1086 547 Maiorem
1104 500 1189 567 pro·
1241 477 1406 567 plicium,
1433 477 1538 550 etiam
1562 474 1628 549 hac
1652 479 1768 549 forma
1792 477 1925 549 usim„
1965 472 2039 545 mi
2059 469 2131 545 Dei
2151 469 2230 544 Β.)

206 594 283 676 bo,
297 587 381 683 quia
407 582 587 653 Dominus
607 582 681 671 ipse
705 579 839 671 inquit:
865 575 947 645 Non
971 579 1052 648 dico
1074 581 1189 659 vobis,
1241 581 1339 651 mine
1358 577 1438 652 lesu
1453 577 1613 663 Christe,
1639 577 1809 674 Tepeto,
1833 593 1875 652 ut
1892 590 2067 673 petaspro
2082 601 2165 663 me,
2188 592 2228 651 ut

174 712 182 747 t
208 680 305 788 quod
320 699 584 783 egoqogaturus
601 679 817 752 simPatrem
835 705 899 771 pro
917 681 1032 751 vobis.
1068 678 1190 750 Passio
1240 681 1332 754 mihi
1347 686 1467 771 detur,
1494 699 1556 756 etc.

209 807 349 867 tantum
372 793 416 860 ad
436 803 575 878 tempus
596 782 807 855 humilitatis
822 783 987 873 pertinet.
1038 778 1103 851 Est
1126 807 1190 851 au-

208 912 280 969 tem
305 894 494 965 coniuncta
514 887 717 959 intercessio
742 909 820 954 cum
844 883 1016 974 passione.
1069 882 1190 972 Quare

209 1011 347 1070 tantum
365 996 409 1064 ad
428 1009 566 1083 tempus
582 985 793 1059 humilitatis
810 988 993 1055 reseratur.
1242 974 1337 1044 enim
1360 976 1472 1065 magis
1496 974 1732 1043 necessarium
1755 987 1825 1052 est,
1866 996 1973 1067 quam
2002 983 2099 1040 recte
2122 969 2230 1040 invo-

312 1096 408 1167 Haec
423 1095 577 1187 speciose
592 1093 759 1161 dicuntur
774 1113 794 1156 a
812 1089 1037 1181 quibusdam.
1242 1100 1319 1145 care
1335 1073 1476 1146 Deum?
1492 1127 1496 1134 =
1527 1075 1647 1165 Quare
1666 1089 1719 1160 te,
1744 1072 1957 1148 Reverende
1973 1070 2132 1143 Domine
2151 1068 2230 1142 Do·

315 1200 383 1271 Sed
418 1196 601 1266 manifeste
633 1191 835 1264 testimonia
862 1203 946 1260 sunt
967 1191 1006 1258 in
1027 1183 1188 1280 Epistola
1241 1169 1468 1259 ctorPaule‚
1496 1204 1579 1263 oro,
1604 1174 1750 1251 uthanc
1767 1177 2045 1250 controversiam
2064 1176 2173 1266 plane
2194 1188 2228 1246 et

211 1309 256 1376 ad
282 1301 486 1382 Romanos,
512 1310 547 1367 et
569 1297 608 1364 in
630 1290 792 1385 Epistola
815 1294 860 1361 ad
885 1288 1062 1376 Ebraeos,
1092 1290 1187 1383 quod
1241 1283 1423 1374 perspicue
1439 1280 1622 1354 diiudiees.
1667 1276 1747 1352 Oro
1762 1294 1879 1350 autem
1895 1277 2029 1348 Filium
2045 1275 2139 1362 Dei,
2164 1302 2229 1347 cu-

211 1403 479 1478 Christusnunc
495 1422 638 1493 quoque
655 1421 719 1489 pro
735 1396 840 1464 nobis
854 1394 1059 1464 intercedat.
1089 1391 1188 1480 Qua·
1241 1386 1377 1455 stodem
1409 1379 1607 1471 Ecclesiae,
1641 1398 1682 1455 ut
1708 1406 1774 1454 nos
1800 1380 2167 1473 doceamqubernet,
2194 1394 2230 1452 et

210 1535 249 1580 re
276 1507 341 1577 etsi
365 1503 480 1596 passio
503 1516 553 1571 est
574 1501 660 1570 certi
677 1497 865 1589 temporis,
890 1510 1008 1565 tamen
1032 1494 1187 1565 officium
1241 1499 1410 1577 protegat.
1461 1487 1558 1557 Dixi.

171 1655 173 1658 -
210 1605 454 1681 intercedendi
468 1604 538 1674 fuit
551 1616 633 1671 ante
650 1612 864 1690 assumptam
880 1610 1043 1666 naturam
1060 1592 1187 1665 huma·

209 1736 312 1789 nam,
340 1720 374 1779 et
394 1729 491 1777 nunc
513 1717 644 1774 manet.
694 1702 786 1771 Nam
815 1701 854 1768 in
875 1698 1016 1769 Psalmo
1039 1699 1187 1768 dicitur:

208 1812 376 1895 Postula,
404 1823 439 1878 et
462 1808 555 1877 dabo
580 1805 648 1876 tibi
667 1818 788 1893 gentes
808 1798 1058 1872 haereditatem
1079 1813 1187 1870 tuam.

208 1913 258 1986 Et
273 1916 318 1984 ad
332 1911 515 1984 Romanos
529 1908 678 1977 dicitur:
705 1903 769 1976 Est
785 1906 828 1973 ad
846 1906 1002 1973 dextram
1020 1904 1109 1987 Dei,
1125 1903 1187 1996 qui
1250 1897 1386 1976 N0.65.

210 2033 245 2090 et
268 2014 472 2104 interpellat
491 2035 556 2102 pro
578 2007 692 2079 nobis.
743 2003 791 2077 Et
811 2003 1026 2075 adEbraeos
1041 2006 1186 2075 dicitur:
1239 1999 1409 2026 W*

210 2120 358 2207 Semper
375 2115 499 2183 vivens
512 2126 550 2181 ut
563 2111 757 2180 intercedat
772 2132 837 2199 prro
857 2108 918 2201 eis.
970 2105 1066 2176 Haec
1087 2106 1186 2178 testi—

208 2220 329 2291 monia
346 2240 426 2286 cnm
446 2215 518 2285 sint
538 2212 741 2304 perspicua,
767 2209 995 2279 manifestum
1014 2222 1084 2293 est,
1109 2208 1187 2278 otti-

209 2325 304 2394 eium
331 2316 572 2388 intercessoris
596 2338 672 2383 non
689 2313 847 2382 desiisse.
906 2310 979 2381 Nee
1007 2313 1102 2403 apud
1128 2307 1186 2381 lo-

131 2454 135 2463 ’
207 2422 364 2495 hannem
381 2420 499 2512 inquit
513 2415 707 2489 Dominus:
734 2413 816 2484 Non
840 2414 972 2502 rogabo
995 2412 1188 2505 provehis,

208 2528 287 2598 sed:
321 2548 396 2592 nou
418 2516 486 2592 hoc
510 2520 610 2603 dico,
635 2542 692 2587 me
715 2530 921 2606 rogaturum
945 2539 1029 2587 esse.
1082 2513 1188 2584 Fate-

209 2646 269 2702 tur
293 2651 329 2697 se
355 2638 561 2714 rogaturum
586 2644 674 2707 esse3
713 2635 752 2689 ut
773 2619 842 2688 alio
867 2619 945 2687 loco
968 2619 1070 2688 dicit:
1109 2614 1188 2688 Ro·
1241 2581 1269 2663 9

208 2733 299 2823 gabo
317 2752 380 2820 pro
397 2727 498 2796 vobis
513 2723 675 2804 Patrem,
710 2736 744 2792 et
765 2722 865 2792 dabit
886 2720 989 2790 vobis
1012 2719 1186 2811 Spiritum

1322 870 1399 942 Hae
1413 886 1511 944 tanta
1524 873 1570 941 de
1586 895 1623 939 re
1640 871 1759 941 doceri
1775 893 1843 940 nos
1857 869 1960 939 valde
1975 868 2097 938 relect.
2128 864 2228 955 Quid

1969 1906 2015 1969 13
2029 1905 2115 1988 Aug.
2129 1907 2228 1970 1556.

1998 1998 2218 2036 m

1309 2115 1340 2170 ln
1358 2114 1518 2186 Quaestion.
1531 2132 1556 2186 p.
1569 2112 1618 2168 1⁴6
1633 2129 1692 2183 sqq.
1730 2109 1798 2168 Mel.
1812 2110 1919 2168 consit.
1936 2110 1968 2163 P.
1983 2109 2016 2169 ll.
2034 2109 2131 2179 pm.
2148 2124 2180 2172 et
2195 2113 2228 2168 irr

1342 2186 1398 2240 Sel.
1417 2184 1544 2241 Declam.
1564 2183 1598 2237 T.
1620 2183 1670 2234 IV.
1691 2199 1717 2251 p.
1739 2181 1802 2236 876.
1837 2178 1966 2235 Richard.
1990 2182 2027 2234 Τ.
2046 2178 2094 2238 lll.
2113 2200 2141 2252 p.
2161 2183 2228 2238 515.

1343 2253 1475 2323 Quaestio
1490 2263 1515 2305 et
1536 2248 1678 2323 responsio
1697 2247 1779 2304 simul
1799 2250 1872 2303 edite
1885 2259 1927 2302 est
1941 2267 2005 2303 cum
2019 2250 2145 2305 oratione
2164 2250 2229 2304 De·

1342 2324 1407 2378 esui
1423 2320 1527 2376 Bartel.
1542 2321 1638 2374 Lasani
1652 2320 1679 2373 in
1694 2318 1869 2392 promotione
1883 2318 2088 2390 Msgistrorttm
2107 2339 2132 2374 s.
2152 2321 2232 2376 155⁶.

1343 2393 1406 2447 Vid.
1419 2391 1491 2447 infra
1502 2390 1655 2445 Declamat.
1670 2407 1717 2446 ιιο.
1730 2389 1790 2449 149.

1271 2577 1413 2648 uaests‘o
1446 2573 1616 2642 recitata
1648 2590 1674 2637 a
1698 2569 1750 2639 Μ.
1778 2564 2004 2663 Philippo
2030 2570 2230 2646 Buelso·
2276 2634 2282 2643 .

1340 2698 1456 2757 mer,
1483 2674 1677 2762 flellesei,
1704 2668 1741 2742 d.
1759 2668 2125 2768 13.Ass9.ass.1556.

138 2910 141 2915 ,
197 2833 436 2927 paracletum.
487 2826 556 2898 Sed
573 2822 634 2896 hic
649 2826 811 2905 affirmat,
837 2848 873 2892 se
886 2823 982 2892 aliud
999 2823 1189 2892 adiunctu-
1240 2819 1404 2901 Intuenti
1427 2818 1517 2891 mihi
1550 2822 1589 2889 in
1617 2815 1713 2890 hune
1744 2820 2030 2893 doctissimorum
2064 2824 2227 2895 virorum

209 2959 291 3006 rum
309 2956 400 3016 esse,
426 2929 523 3024 quod
540 2953 615 2999 non
640 2940 754 3020 potest
774 2925 850 2994 fieri
874 2926 920 2994 ab
934 2925 1017 2995 ullis
1032 2918 1190 2994 homini·
1242 2943 1399 3012 coetum,
1433 2949 1564 3018 oraque
1596 2936 1882 3015 praeceptorum,
1921 2925 2067 3015 pietate,
2103 2929 2227 2997 erudi-

210 3039 296 3118 b1¹⁵›
330 3034 391 3129 qui
415 3056 489 3102 ¹¹⁰ss
515 3044 651 3101 ”Omni
672 3027 921 3117 Evangellssm·
981 3024 1060 3095 Ηθὲ
1092 3026 1188 3094 enim
1242 3035 1359 3115 tione,
1400 3029 1601 3120 virtuteque
1636 3025 1901 3108 excellentium,
1939 3028 2098 3116 prolecto
2131 3030 2227 3100 oculi

210 3137 389 3227 adiungit:
417 3133 675 3218 V⁰⁸01³bi1582
699 3155 774 3200 1¹0ss
792 3129 1024 3209 mettium,
1050 3129 1111 3197 sed
1132 3152 1190 3197 me
1242 3146 1437 3215 terrentur,
1470 3143 1507 3199 et
1531 3129 1672 3212 animus
1695 3122 2001 3198 vehementissime
2024 3154 2228 3202 commove-

162 3286 168 3307 ι
209 3253 420 3334 praeeunte,
455 3251 495 3307 ut
517 3259 676 3308 summus
694 3233 865 3304 Sacerdos
889 3245 939 3301 est
966 3229 1132 3325 ἔξαρχος,
1157 3243 1191 3299 et
1243 3254 1311 3310 tur.
1360 3233 1444 3303 Non
1462 3233 1557 3300 enim
1573 3242 1688 3323 potest
1701 3232 1922 3302 verecundus
1939 3232 2143 3303 adolescens
2167 3235 2226 3303 in-

211 3339 625 3432 iss⁰h0³lpfffflfi⁰¹¹0ms
650 3330 903 3406 ⁶h⁰f¹1⁸⁸¹¹³m
925 3332 1191 3403 V000m2d10n-
1244 3356 1297 3412 ter
1316 3335 1472 3407 seniores
1486 3335 1562 3403 sine
1576 3345 1673 3402 metu
1688 3333 1815 3404 dicere.
1867 3332 1939 3404 Sed
1960 3358 2042 3404 cum
2064 3349 2167 3407 vetus
2191 3350 2227 3407 et

211 3446 272 3537 git.
327 3442 461 3513 Verum
478 3455 529 3511 est
544 3440 670 3531 igitur,
696 3438 810 3506 filium
831 3452 984 3529 utroque
1005 3435 1111 3503 modo
1133 3435 1191 3502 in·
1244 3438 1490 3512 honestissima
1523 3437 1740 3505 consuetudo
1773 3430 1976 3506 scholarum
2006 3437 2110 3507 vobis
2140 3452 2225 3509 nota

210 3548 411 3618 *meandum
435 3569 527 3626 ⁰⁵⁵⁰,
567 3558 601 3613 el
629 3540 805 3612 utDeum
831 3543 989 3610 ditiorem
1012 3538 1190 3606 bonorum
1244 3546 1309 3628 sit,
1336 3567 1419 3626 oro,
1442 3563 1487 3608 ne
1501 3562 1578 3607 meo
1595 3537 1744 3607 consilio
1762 3562 1839 3622 me,
1863 3538 2019 3624 oblitum
2042 3542 2168 3610 aetatis
2194 3556 2228 3612 et

211 3676 293 3721 cum
309 3647 414 3718 Patre
431 3661 465 3716 el
482 3645 619 3735 spirim
643 3657 785 3727 ⁸³¹¹le
806 3658 840 3713 et
855 3656 895 3711 ut
915 3642 1190 3712 intercessorem.
1245 3645 1384 3729 decori,
1411 3641 1599 3732 sumpsisse
1615 3634 1704 3708 mihi
1723 3634 1786 3709 has
1800 3653 1916 3734 partes
1938 3641 2082 3712 dicendi
2107 3644 2228 3713 existi-

99 3738 102 3743 *
186 3774 191 3783 ’
210 3752 301 3823 Cum
317 3754 356 3820 fit
371 3748 595 3839 compellatio
620 3749 662 3814 ad
679 3745 814 3826 Deum,
840 3767 977 3834 semper
1002 3764 1101 3809 mens
1117 3741 1191 3809 dis-

211 3867 330 3926 cernat
355 3849 616 3920 invocationem
637 3842 876 3917 Christianam
900 3846 944 3912 ab
960 3838 1132 3927 Ethnica‚
1158 3855 1194 3910 et

209 3956 307 4028 hunc
330 3979 453 4024 verum
477 3949 592 4022 Deum
616 3950 836 4041 alloquatur,
879 3947 941 4039 qui
970 3969 1005 4012 se
1032 3945 1193 4032 patefecit

210 4063 319 4152 misso
343 4055 437 4125 Filio
463 4068 497 4124 et
522 4052 660 4146 Spiritu
684 4062 825 4135 sancto,
863 4063 898 4119 et
932 4071 1011 4118 cum
1035 4045 1128 4116 Filio
1159 4060 1191 4116 et

212 4160 351 4250 Spiritu
367 4171 485 4227 sancto
503 4155 623 4226 omnia
640 4153 812 4224 condidit.
859 4148 998 4221 Deinde
1014 4150 1118 4217 simul
1135 4173 1193 4217 eo-

213 4265 300 4353 gitet
313 4284 432 4345 mens,
457 4259 618 4330 exaudiri
633 4270 774 4325 nostros
789 4253 939 4343 gemitus
956 4266 1100 4344 propter
1110 4250 1191 4320 Me·

213 4365 407 4445 diatorem,
433 4373 468 4428 et
492 4356 590 4431 hunc
605 4358 739 4428 Filium
764 4359 944 4427 intucatur
966 4356 1036 4423 iam
1060 4368 1100 4423 ut
1122 4355 1194 4422 fra-

211 4480 302 4536 trem
318 4476 353 4532 et
366 4485 543 4533 summum
560 4461 806 4539 Sacerdotem,
833 4460 1017 4548 adsumpta
1040 4451 1194 4525 humana

211 4584 354 4640 natura.
411 4561 509 4633 Haec
533 4565 645 4632 forma
667 4561 881 4651 precationis
900 4560 1028 4628 usitata
1053 4570 1104 4625 est
1124 4552 1193 4624 Ec-

210 4671 353 4743 clesiae:
381 4663 621 4758 Omnipotens
634 4662 749 4742 Deus,
773 4675 913 4733 aeterne
931 4659 1033 4729 Pater
1046 4656 1195 4727 Domini

203 4775 327 4846 nostri
345 4772 424 4842 lesu
444 4767 600 4851 Christi,
624 4778 760 4837 creator
781 4765 870 4834 coeli
887 4777 920 4832 et
943 4776 1055 4831 terrae
1077 4773 1112 4830 et
1127 4756 1194 4829 ho-

212 4879 377 4958 minum,
402 4897 474 4942 una
492 4898 572 4944 cum
588 4870 662 4938 filio
678 4883 757 4952 tuo,
780 4880 813 4936 et
829 4866 967 4956 Spiritu
983 4877 1123 4946 sancto,
1139 4886 1195 4931 sa-

214 4979 335 5072 piens,
361 4998 485 5060 verar,
511 4978 624 5056 bone,
654 4971 763 5054 iuste,
790 4981 902 5050 caste,
934 4966 1059 5049 iudex,
1089 4965 1195 5034 mise-

213 5082 348 5163 ricors,
374 5078 477 5145 dator
500 5078 612 5158 vitae,
648 5073 752 5163 legis,
778 5071 931 5140 salvator
954 5082 989 5138 et
1009 5068 1196 5137 resuscita·

113 5255 117 5260 .
214 5198 290 5264 tor,
329 5179 496 5250 miserere
535 5175 649 5246 nostri
684 5187 829 5266 propter
863 5162 981 5240 lesum
1014 5164 1197 5242 Christum

214 5288 329 5356 fllium
350 5298 472 5366 tutam,
506 5277 712 5350 crucifixum
738 5300 802 5364 pro
826 5275 931 5346 nobis
953 5285 988 5343 et
1011 5273 1195 5343 resuscita-

213 5404 309 5467 tum.
334 5410 438 5482 quem
454 5379 601 5454 voluisti
616 5401 689 5448 esse
711 5402 777 5470 pro
793 5378 896 5448 nobis
910 5375 1109 5456 victimam,
1134 5368 1198 5446 καὶ

212 5485 386 5586 μεσίτην,
412 5483 476 5560 καὶ
499 5479 634 5577 ἱκέτην.
688 5477 887 5575 Cyprianus
920 5479 1082 5551 aditurus
1113 5498 1198 5568 sup-

1245 3749 1366 3823 metis.
1391 3746 1451 3815 sed
1469 3743 1667 3813 necessitati
1691 3743 1810 3834 potius
1826 3757 1860 3814 et
1876 3758 2147 3835 praeceptorum
2164 3770 2227 3816 vo.

1245 3849 1373 3920 luntati
1398 3849 1666 3937 obtemperasse.
1717 3842 1808 3913 Nam
1840 3845 1878 3913 in
1910 3847 2010 3914 omni
2042 3848 2116 3918 vita
2152 3872 2226 3917 non

1247 3955 1365 4022 minor
1380 3953 1456 4020 laus
1477 3962 1528 4017 est
1546 3949 1638 4031 visa,
1659 3947 1811 4038 publicis
1835 3947 2006 4018 institutis
2027 3972 2067 4018 ac
2090 3950 2226 4040 legibus

1246 4051 1386 4149 parere',
1419 4076 1526 4147 quam
1552 4050 1751 4119 eruditione
1773 4050 1953 4119 excellere.
2008 4049 2114 4139 Quod
2143 4077 2223 4122 cum

1245 4159 1352 4230 sciam
1378 4179 1440 4227 vos
1461 4177 1602 4247 quoque
1632 4151 1726 4221 viros
1756 4151 1909 4241 optimos
1935 4167 1968 4223 et
2001 4154 2224 4242 gravissimos

1245 4261 1394 4342 sentire,
1429 4280 1531 4348 spero
1562 4276 1623 4324 vos
1647 4252 1836 4324 consilium
1868 4279 1985 4326 meum
2014 4256 2227 4347 probaturos

1245 4387 1337 4444 esse,
1375 4363 1470 4455 quod
1504 4357 1764 4427 laudatissimae
1799 4351 1950 4427 Scholae
1977 4359 2228 4430 consuetudini

1246 4464 1563 4554 obtemperandum
1579 4481 1653 4529 esse
1667 4458 1765 4528 duxi.
1815 4454 1865 4528 Et
1879 4484 2086 4554 quanquam
2107 4461 2148 4530 in
2163 4486 2229 4533 au·

1247 4566 1385 4634 diendis
1408 4562 1618 4645 iuvenibus,
1644 4574 1683 4630 ut
1700 4561 1879 4630 crescendi
1900 4564 2000 4653 copia
2017 4563 2082 4648 sit,
2104 4565 2230 4658 aequi-

1247 4680 1351 4738 tatem
1366 4665 1555 4734 maximam
1578 4663 1778 4754 praestatis,
1804 4676 1922 4733 tamen
1948 4678 1987 4735 ut
2008 4687 2065 4734 me
2087 4666 2230 4757 potissi-

1247 4793 1364 4852 mum,
1390 4781 1519 4838 natura
1542 4765 1726 4844 timidum,
1759 4765 1929 4859 nullaque
1945 4767 2150 4859 eloquentia
2172 4771 2230 4838 in-

1248 4885 1439 4950 structum,
1471 4869 1646 4960 patienter
1682 4867 1853 4946 audiatis,
1895 4892 1957 4939 vos
1988 4869 2095 4939 etiam
2124 4887 2232 4966 atque

1249 4975 1353 5046 etiam
1368 4996 1442 5044 oro.
1495 4968 1637 5040 Faciam
1654 4969 1767 5055 enim,
1787 4969 1924 5040 etiamsi
1946 4970 2103 5042 novitate
2125 4997 2232 5065 argu·

1247 5077 1358 5147 menti
1373 5076 1511 5169 plaeere
1533 5096 1607 5142 non
1628 5085 1769 5163 potero,
1793 5084 1833 5142 ut
1854 5087 1998 5166 propter
2019 5074 2230 5148 brevitatem

1249 5182 1367 5250 minus
1384 5180 1521 5268 ingrata
1536 5175 1581 5246 sit
1595 5174 1723 5245 oratio.

1350 5365 1520 5456 Propono
1543 5377 1660 5435 autem
1676 5359 1916 5454 quaestionem
1932 5363 1977 5432 de
1997 5362 2094 5436 dicto
2115 5362 2232 5450 Pauli,

1248 5470 1343 5566 quod
1362 5467 1487 5538 utilem
1512 5491 1552 5536 ac
1580 5464 1808 5538 necessariam
1827 5464 2026 5536 doctrinam
2052 5471 2231 5539 continet:

1446 5726 1450 5739 ·
1498 5699 1513 5747 9
