4748 6022
165 317 241 396 stt

167 485 1138 567 No.76.·n.1560.

947 585 1161 624 Μ

239 695 270 748 ln
287 690 415 745 Oration.
428 687 461 746 T.
473 685 507 739 V.
499 705 549 760 p
557 686 609 740 20⁵
622 704 680 755 sq„
699 685 928 743 inOrstioniluss·
922 699 1061 762 ῳοιιιοιιι.
1074 709 1100 760 p
1106 689 1167 746 2t9

166 767 170 777 '
275 773 301 815 et
314 759 386 832 apud
400 755 528 812 Richard
544 762 567 813 1.
586 777 612 829 p.
629 725 688 813 503.

173 925 354 1013 Quaestio
386 924 552 991 recitata
587 939 613 988 o
649 939 766 1118 popum
808 919 1014 1012 casparo
1047 924 1168 992 peu.

547 1035 670 1111 cero,
746 1025 795 1093 io.

174 1160 265 1245 Vox
280 1169 368 1241 Filii
389 1166 455 1240 Dei
480 1165 627 1239 Domini
652 1167 765 1241 nostri
780 1168 860 1239 lesu
881 1161 1167 1265 Christiinquit·

176 1276 294 1350 Sinite
320 1272 487 1364 parvulos
512 1270 634 1340 venire
660 1273 703 1338 ad
734 1294 809 1355 me,
849 1271 932 1363 quia
964 1273 1090 1343 talium
1104 1287 1170 1345 est

31 1448 37 1461 ,
125 1408 127 1413 ’
176 1401 326 1468 regnum
357 1373 547 1444 coelorum.
612 1366 773 1442 Probae
805 1373 977 1444 immensa
1010 1375 1168 1447 bonitate

176 1479 253 1553 Deo
269 1477 425 1569 primurn
438 1475 566 1565 gratias
579 1497 664 1564 ago,
697 1475 793 1568 quod
808 1499 866 1544 me
879 1489 913 1546 et
927 1476 1061 1547 similes
1074 1479 1120 1548 ad
1133 1501 1169 1549 se

177 1592 302 1664 vocat,
329 1593 363 1649 et
384 1572 492 1647 nobis
511 1577 659 1647 salutem
682 1577 720 1646 in
747 1572 812 1647 bac
831 1578 903 1648 vita
928 1591 963 1648 et
982 1575 1169 1670 posthanc

176 1683 288 1754 vitam
314 1680 503 1774 promittit.
560 1675 610 1750 Et
632 1678 716 1772 quia
742 1704 806 1749 nos
829 1680 992 1751 adfirmat
1011 1684 1168 1753 membra

177 1808 252 1856 esse
274 1808 357 1854 snae
373 1777 572 1866 Ecclesiae,
597 1794 672 1851 toto
687 1795 828 1873 pectore
850 1806 1028 1865 enmono,
1054 1797 1094 1855 ut
1111 1809 1169 1854 me

178 1900 215 1960 et
227 1899 392 1980 parentes
407 1907 504 1953 meos
517 1883 689 1974 gubernet
705 1897 739 1955 et
752 1897 923 1975 protegat.
973 1885 1171 1958 Deindc·et

176 2014 243 2083 pro
270 1984 338 2058 hoc
362 1985 533 2056 beneficio
557 1986 687 2074 gratias
711 2009 776 2076 ago
799 1987 878 2056 Deo
907 1999 1050 2057 aeterno
1077 1989 1168 2080 patri

176 2088 325 2164 Domini
341 2088 454 2161 nostri
466 2083 704 2172 lesuChristi,
725 2089 820 2181 quod
836 2112 893 2157 me
908 2090 1022 2161 voluit
1035 2105 1170 2183 specta-

177 2207 291 2265 torem
304 2205 338 2264 et
356 2204 532 2261 oratorem
550 2214 623 2260 esse
644 2191 683 2259 in
707 2185 774 2261 hoc
791 2184 1039 2271 honestissimo
1056 2207 1169 2269 coetu.

178 2290 258 2365 Oro
280 2294 390 2385 igitur
412 2290 544 2364 Filium
565 2290 633 2362 Dei
654 2290 850 2364 Dominum
873 2308 1035 2366 nostrum
1053 2292 1169 2367 lesum

171 2392 380 2482 Christum,
412 2395 616 2466 crucifixum
641 2419 706 2486 pro
729 2397 834 2466 nobis
856 2411 888 2468 et
912 2399 1169 2479 resuscitatum,

176 2513 218 2571 nt
235 2513 269 2570 et
283 2494 377 2569 hanc
391 2494 620 2568 Academiam
635 2521 772 2589 semper
784 2499 979 2588 gubernet,
1006 2514 1038 2571 et
1055 2515 1169 2572 totum

178 2625 320 2673 cursum
337 2595 534 2670 charissimi
557 2598 673 2672 Patris
692 2600 763 2670 mei
779 2615 887 2691 regat.
938 2602 1039 2672 Sicut
1052 2617 1170 2674 autem

178 2703 396 2774 consuetudo
414 2716 484 2782 est,
506 2727 667 2793 propono
680 2688 940 2795 quaestionem:
969 2701 1028 2773 An
1045 2703 1170 2798 cogni-

174 2804 231 2874 tio
252 2813 415 2873 motuum
430 2799 642 2875 coelestium
671 2801 922 2875 conservanda
950 2805 1000 2875 sit
1025 2814 1172 2905 propter

177 2902 407 2990 Ecclesiam,
429 2899 593 2974 Politias
615 2915 646 2975 ct
668 2901 972 2976 medicationem?
1022 2909 1075 2979 De
1104 2906 1170 2980 hac

172 3009 383 3104 quaestione
397 3007 552 3100 primum
568 3001 635 3077 boc
649 3023 896 3098 argumentum
915 3036 1074 3103 oppono:

181 3154 185 3167 ·
228 3124 330 3198 Nihil
346 3128 490 3219 prodest
505 3127 594 3196 scire
611 3141 728 3196 motus
744 3129 883 3200 sublata
902 3131 1140 3226 divinatione,

229 3227 413 3300 Divinatio
427 3243 545 3299 autem
560 3230 636 3319 lege
646 3226 719 3298 Dei
732 3226 913 3322 prohibita
933 3248 994 3304 est.

134 3334 140 3357 ⁸
227 3327 325 3421 Ergo
341 3327 431 3401 nihil
448 3333 592 3421 prodest
605 3333 695 3402 scire
711 3348 839 3405 motus.

281 3448 360 3520 Hoc
373 3465 620 3540 argumentum
636 3466 845 3543 praetexunt
858 3454 961 3525 multi
972 3479 1055 3526 suae
1069 3456 1168 3547 igna-

176 3554 274 3638 viae,
303 3576 350 3622 ne
379 3555 517 3623 discant
548 3554 699 3645 optimas
721 3557 901 3626 doctrinas
922 3559 967 3626 de
990 3560 1169 3641 numeris,

760 238 1177 407 Qoansrtotttts
1210 308 1609 392 Acunnurcult

1219 480 1307 557 baec
1330 486 1455 575 series,
1488 501 1523 559 et
1544 486 1689 581 quidem
1704 479 1797 554 haec
1826 481 2052 554 conservatio
2072 482 2217 575 signnm

1220 603 1273 660 est
1296 591 1463 685 aliquod,
1506 590 1616 659 solius
1647 585 1825 659 Ecclesiae
1857 585 2061 656 doctrinam
2095 612 2215 659 veram

1220 714 1305 766 esse.
1355 689 1475 763 Erat
1464 692 1573 782 igitur
1589 692 1804 784 prudentum
1823 690 2105 779 gubernatorum
2122 714 2216 763 nnnc

1220 796 1362 888 quoque
1394 818 1540 881 curare,
1580 808 1621 865 ut
1649 817 1732 862 vera
1761 787 1929 884 Ecclesia¹
1953 793 2217 883 possessionem

1220 892 1328 967 huius
1348 892 1608 989 pulcherrimae
1628 895 1810 967 doctrinae
1838 895 2033 980 retineret,¹
2055 908 2101 967 et.
2115 900 2217 988 spero

1220 996 1337 1069 Deum
1364 1001 1482 1091 ipsum
1503 995 1682 1070 Ecclesiae
1706 997 1889 1067 custodem
1919 997 2091 1090 deinceps
2109 998 2217 1068 'etism

1221 1094 1289 1171 boc
1305 1102 1412 1171 decus
1430 1102 1468 1169 in
1483 1098 1641 1172 Ecclesia
1659 1114 1950 1170 conservaturum
1967 1122 2054 1174 esse.
2081 1103 2087 1111 ’
2116 1099 2218 1172 Gau-

1219 1204 1287 1272 deo
1303 1203 1409 1273 etiam
1425 1227 1543 1274 meum
1559 1219 1694 1297 patrem
1710 1197 1801 1272 bac
1790 1225 1827 1269 sn
1844 1225 1882 1270 re
1899 1201 2027 1270 studiis
2044 1204 2218 1291 semiisse,

1221 1318 1255 1375 et
1272 1306 1391 1376 Deum
1406 1329 1490 1393 oro,
1515 1321 1556 1378 ut
1572 1331 1628 1377 me
1649 1306 1698 1378 ita
1716 1292 1909 1395 gubernet,
1934 1317 1988 1374 ut
1985 1306 2140 1473 vestigia
2155 1331 2216 1399 pn-

1221 1408 1285 1478 tris
1300 1431 1440 1501 sequar.
1835 1462 1838 1467 -

1322 1509 1463 1582 Deinde
1494 1509 1801 1600 respondendum
1818 1522 1871 1580 est
1896 1522 1933 1580 et
1957 1510 2002 1579 ad
2026 1510 2215 1591 minorem,

1221 1637 1310 1705 quae
1327 1612 1567 1682 diuinationes
1580 1606 1783 1703 prohibitae
1796 1624 1894 1684 sunt.
1939 1609 2019 1682 Una
2034 1607 2215 1706 Μαντικη

1220 1715 1381 1785 οιιιιιίιιιιι
1396 1737 1532 1784 summa
1547 1727 1617 1799 est,
1643 1737 1733 1806 quae
1745 1718 1838 1785 certe'
1854 1713 2006 1783 maxime
2019 1716 2215 1806 expetenda

1221 1830 1292 1903 est,
1314 1818 1410 1911 quod
1433 1815 1615 1901 videlicet,
1647 1829 1682 1887 et
1693 1830 1860 1886 motuum
1881 1817 1966 1886 ordo
1979 1831 2014 1886 et
2027 1817 2216 1888 doctrinae

1222 1932 1398 1989 testantur
1413 1941 1486 1988 esse
1501 1915 1618 1988 Deum
1636 1918 1829 2009 sapientiae
1844 1919 1987 1991 sontem.

1322 2019 1426 2091 Hanc
1437 2014 1624 2115 μαντικὴν
1637 2021 1774 2112 placere
1788 2019 1865 2091 Deo
1880 2014 1971 2090 nihil
1981 2019 2134 2090 dubium
2152 2033 2217 2108 est,

1222 2148 1313 2217 qnae
1327 2125 1471 2217 quidem
1487 2123 1639 2205 maxime
1656 2123 1804 2193 incitare
1824 2147 1889 2193 nos
1906 2125 1952 2192 ad
1968 2118 2029 2192 has
2043 2135 2135 2192 artes
2154 2123 2218 2192 di-

1222 2229 1367 2297 scendas
1391 2226 1517 2311 debet,
1550 2227 1595 2295 de
1619 2225 1749 2319 quibus
1773 2225 1823 2295 ait
1849 2223 1969 2295 Plato:
2003 2222 2151 2295 Gratam
2168 2226 2218 2296 de

1222 2328 1297 2399 Deo
1322 2331 1452 2399 famam
1473 2329 1512 2397 in
1533 2328 1670 2400 artibus
1689 2351 1844 2420 sparsam
1869 2351 1959 2401 esse:
1998 2324 2106 2399 Nunc
2131 2323 2218 2397 vero

1222 2431 1401 2501 carissime
1416 2429 1552 2502 Patere
1567 2443 1717 2523 tapeto,
1741 2445 1782 2502 ut
1803 2431 1847 2499 de
1863 2425 1931 2500 hac
1944 2443 2017 2500 tota
2036 2428 2219 2523 quaestio·

1222 2557 1267 2602 ne
1283 2533 1461 2626 copiosius
1475 2533 1644 2619 disseras,
1666 2546 1700 2603 et
1716 2557 1779 2605 oro
1799 2529 1937 2620 Deum,
1964 2545 2006 2603 ut
2023 2530 2217 2602 clementer

1222 2658 1287 2704 nos
1301 2631 1473 2724 gubernet
1486 2650 1521 2706 et
1533 2650 1703 2729 protegat.
1753 2632 1851 2706 Dixi.

1222 2813 1338 2892 Brevis
1359 2815 1535 2904 ltespomio
1556 2816 1601 2884 ad
1622 2795 1842 2905 moestioiem
1862 2821 1895 2882 et
1913 2815 2104 2903 prationem
2123 2813 2215 2881 actia

1322 2934 1513 3008 Carissime
1542 2937 1633 3025 Fili,
1671 2961 1761 3031 quae
1786 2938 1904 3007 abste
1932 2939 1976 3006 de
1996 2938 2215 3031 quaestione,

1222 3062 1328 3131 quam
1351 3041 1586 3132 proposuisti,
1613 3040 1856 3131 explicationis
1877 3063 1981 3109 causa
2001 3042 2098 3110 dicta
2122 3052 2213 3120 sunt,

1222 3166 1262 3211 ea
1289 3142 1470 3212 verissima
1503 3166 1575 3212 esse
1599 3143 1781 3216 assentior.
1846 3140 1998 3213 Possent
2030 3142 2117 3212 addi
2146 3142 2213 3211 alia

1222 3244 1394 3336 quaedam
1410 3270 1450 3313 ex
1468 3242 1692 3315 Medicorum
1716 3244 1880 3315 doctrina
1898 3258 1932 3315 et
1945 3245 2161 3328 observatis,
2185 3242 2214 3312 si

1222 3346 1278 3413 vel
1299 3345 1336 3415 id
1362 3345 1437 3416 fieri
1454 3361 1634 3439 pateretur
1653 3349 1812 3437 angustia
1829 3347 2021 3438 temporis,
2047 3347 2102 3414 vel
2124 3367 2214 3437 opus

1222 3462 1311 3519 esset
1326 3448 1420 3519 mole
1435 3463 1724 3540 argumentorum
1748 3451 1787 3517 in
1803 3474 1840 3518 re
1856 3450 2054 3524 manifesta.
2104 3444 2215 3517 Gale-

1222 3574 1289 3620 nus
1299 3552 1504 3622 discernens
1513 3554 1646 3638 fontes
1668 3577 1688 3622 a
1701 3546 2009 3654 qtubussvdntng
2024 3552 2097 3643 peti
2107 3574 2214 3669 opor·

176 3655 317 3747 figuris,
342 3668 377 3724 et
391 3655 547 3725 moribus
562 3656 789 3742 coelestibus
815 3685 905 3752 quae
922 3675 1040 3731 tamen
1054 3687 1095 3732 eo
1111 3687 1170 3731 ex
1221 3667 1270 3724 tet
1293 3655 1569 3734 medicationum
1590 3655 1769 3738 omnium,
1804 3679 1894 3747 quae
1925 3643 2035 3736 fiunt,
2070 3653 2214 3725 tertium

176 3760 349 3851 petendre
371 3771 471 3838 sunt,
505 3758 589 3851 quia
611 3759 804 3846 clarissime
828 3763 1039 3848 ostendunt,
1072 3759 1169 3834 hunc
1221 3756 1405 3828 conslttult
1418 3783 1460 3828 το
1474 3782 1659 3850 nentem,
1684 3760 1780 3850 quod
1795 3771 1835 3827 ut
1851 3779 1925 3848 rpse
1938 3757 2075 3850 inqiut
2102 3748 2215 3855 λόγον

175 3860 372 3931 ordinem
362 3883 400 3928 ιιι
428 3873 556 3930 natura
578 3884 750 3933 noncasu
768 3877 885 3933 ortum
903 3889 992 3949 esse,
1018 3869 1077 3935 sed
1097 3890 1170 3935 esse
1222 3884 1293 3952 εχει
1307 3857 1421 3931 satore
1432 3885 1503 3950 μιν
1520 3856 1609 3953 ὕλης
1630 3857 1805 3953 tantvm,
1840 3885 1920 3929 111111
1930 3861 2214 3931 11015οθ1116·

65 3998 73 4016 1
176 3976 333 4033 mentem
367 3957 703 4036 Architectatricem
760 3963 922 4034 Primum
958 3980 1075 4036 autem
1106 3994 1171 4037 ne·
1222 3976 1333 4032 satur:
1371 3956 1485 4034 ἐνιότε
1509 3957 1600 4033 ds‘
1571 3987 1621 4043 ως
1642 3958 1765 4034 otrico
1779 3954 2035 4048 νοσάζοντος,
2055 3986 2137 4032 cum
2159 3959 2214 4028 vel

178 4068 293 4156 ganda
317 4077 368 4134 est
393 4065 524 4149 maior,
551 4066 761 4159 quaedicit,
787 4069 923 4137 nullam
942 4092 1015 4138 esse
1030 4071 1168 4140 utilrta
1222 4065 1323 4134 affert
1339 4077 1444 4158 atque
1459 4066 1606 4155 rnflrgrt
1632 4066 1689 4133 vel
1706 4066 1815 4149 fovet
1841 4065 1898 4133 vel
1914 4079 2019 4153 anget
2035 4064 2212 4133 morbum

178 4182 248 4237 tem
264 4167 646 4256 cognrtronrsmotuum
661 4169 1043 4247 sublatadrvrnatrone
1078 4172 1169 4244 Sunt
1223 4163 1281 4236 Ad
1306 4168 1556 4237 mtdtcallmles
1577 4191 1662 4238 vero
1687 4169 1822 4237 confert
1844 4167 1899 4247 111
1926 4159 2214 4261 (111οᾶ11111θῶ-

179 4269 275 4338 enim
297 4270 385 4338 aliae
410 4270 597 4355 utilitates,
629 4295 778 4363 quarum
796 4299 908 4363 prrma
927 4289 977 4344 est
992 4299 1169 4344 annorum
1222 4270 1309 4342 bcnt
1325 4271 1499 4340 rationem
1516 4296 1570 4341 ων
1587 4295 1657 4342 ουν
1671 4268 1774 4341 ἄνευ.
1821 4266 1954 4339 Causas
1976 4293 2059 4340 vero
2075 4282 2111 4339 et
2125 4290 2215 4337 con

180 4371 380 4454 distinctio,
406 4396 496 4463 quae
510 4397 702 4442 necessarra
723 4388 772 4444 est
784 4372 964 4447 Ecclesiae
988 4391 1022 4446 et
1036 4379 1171 4468 politus
1223 4373 1447 4444 stitutionum
1472 4374 1690 4442 diversarum
1722 4386 1756 4441 et
1783 4371 2042 4441 mutationum
2050 4374 2120 4442 τοῦ
2154 4394 2216 4440 πε-

179 4475 216 4542 ἰιι
235 4468 382 4542 historia
400 4486 433 4541 et
449 4475 618 4544 continua
639 4477 905 4563 gubernatione.
965 4478 1098 4567 Quales
1119 4497 1171 4549 te·
1261 4500 1427 4568 εχονιος,
1447 4499 1494 4542 ιιι
1510 4476 1634 4544 iisdem
1650 4489 1683 4545 et
1700 4474 1849 4545 diversis
1864 4474 1967 4558 locis,
1994 4486 2091 4544 recte
2111 4472 2218 4544 refert

180 4577 310 4645 nebrae
328 4576 365 4646 in
388 4576 460 4645 vita
476 4591 610 4661 essent,
636 4577 665 4644 si
682 4593 721 4648 ut
743 4582 850 4650 boves
866 4596 961 4650 retro
976 4595 1171 4670 spectantes
1218 4499 1483 4665 &regionem
1517 4578 1603 4647 anni
1628 4589 1785 4665 tempus,
1820 4590 1855 4646 et
1879 4601 1985 4671 qnam
2014 4576 2090 4666 ipse
2117 4587 2217 4645 vocat

179 4680 315 4750 nullam
333 4695 531 4770 temporum
549 4680 813 4750 distinctionem
830 4683 1077 4752 cerneremus?
1222 4672 1463 4752 nanciscatur.
1520 4676 1635 4768 Regio
1657 4678 1738 4749 talis
1758 4693 1829 4764 est,
1860 4682 1957 4772 quod
1987 4693 2064 4750 tum
2090 4692 2217 4749 natura

281 4781 371 4853 Cum
397 4797 513 4853 asrtem
544 4784 631 4854 velit
654 4783 748 4853 Deus
772 4809 946 4854 annorum
973 4784 1171 4855 distinctio·
1224 4797 1396 4854 terrarum
1410 4781 1592 4851 dissimilis
1607 4783 1834 4872 esttempcrie
1847 4781 2126 4874 etqualitatibus
2139 4780 2218 4862 soli,

181 4910 262 4954 nem
285 4901 406 4956 notam
434 4912 523 4971 esse,
558 4887 759 4956 observatio
783 4903 945 4958 motuum
976 4888 1170 4957 necessaria
1224 4908 1421 4977 eorumque
1436 4909 1526 4978 quac
1540 4898 1633 4954 terra
1654 4886 1881 4955 continentur
1894 4898 1927 4954 et
1939 4885 2078 4953 inclusa
2096 4885 2217 4961 latent,

180 5001 250 5071 est,
277 4987 358 5078 quia
377 4989 452 5055 sinc
476 4990 723 5066 observatione
738 4991 906 5061 constitui
925 5005 1036 5061 metae
1055 5014 1171 5059 anno·
1226 4990 1380 5082 itemque
1405 5013 1595 5081 aquarum,
1626 5001 1659 5058 et
1684 4989 1794 5076 figura
1818 4988 2014 5057 extantium
2030 4987 2217 5079 superficie

180 5114 259 5160 rum
278 5112 351 5156 non
368 5104 524 5176 possunt.
1225 5106 1327 5163 tenus
1344 5093 1497 5183 partium
1512 5103 1617 5183 atque
1633 5105 1835 5172 enatorum,
1861 5103 1937 5171 tum
1954 5093 2050 5181 quod
2070 5091 2156 5159 talis
2170 5103 2217 5158 est

281 5186 346 5260 Est
370 5203 486 5259 autem
508 5204 543 5259 et
565 5186 632 5261 hoc
660 5194 799 5281 signum
822 5196 959 5285 placere
980 5192 1056 5264 Deo
1082 5189 1171 5262 hanc
1225 5195 1300 5263 eius
1321 5195 1455 5284 positus
1475 5194 1520 5261 ad
1543 5192 1668 5262 mundi
1690 5192 1869 5274 medium,
1903 5186 2155 5286 habitudoque
2175 5192 2217 5261 ad

181 5295 403 5384 diligentiam
417 5293 782 5381 discernendiannos,
807 5299 890 5390 quia
906 5298 979 5389 ipse
994 5320 1171 5367 annorum
1226 5297 1292 5366 iter
1313 5295 1429 5374 Solis,
1461 5293 1586 5364 Lunae
1606 5319 1645 5364 ac
1666 5295 1907 5384 planetarum,
1933 5307 1969 5362 et
1983 5293 2217 5381 congruentia

181 5398 327 5475 seriem,
353 5399 398 5466 ab
412 5397 516 5465 initio
533 5396 659 5464 mundi
677 5402 918 5486 conservavit,
944 5426 983 5470 ac
1002 5424 1171 5490 magnum
1224 5413 1330 5491 atque
1353 5398 1538 5468 consensio
1562 5398 1640 5467 talis
1672 5421 1755 5466 cum.
1775 5395 1961 5484 triangulis
1982 5409 2017 5464 et
2038 5396 2218 5466 sideribus

181 5503 289 5570 decus
306 5515 357 5570 est
371 5497 568 5584 Ecclesiae,
595 5500 692 5593 quod
709 5498 747 5568 in
762 5524 802 5569 ea
817 5503 890 5572 sola
908 5515 1113 5575 conservata
1128 5501 1173 5572 sit
1225 5501 1332 5589 coeli,
1373 5500 1411 5570 id
1444 5514 1514 5586 est,
1552 5494 1617 5573 dcci
1639 5493 1708 5592 τὴν
1733 5494 1844 5572 θέσιν
1865 5492 1930 5570 καὶ
1958 5495 2218 5572 συνοικείωσιν
