4748 6022
158 275 234 350 sea
454 238 456 248 “
896 260 1221 347 canuanuu
1268 275 1377 360 um.
1408 275 1480 355 tv.

177 442 244 516 Noa
266 443 355 519 381.
996 475 1050 496 -·-
1072 478 1125 496 -
1617 455 1687 523 Hoc
1712 470 1775 523 est:

165 540 487 707 mim
505 650 533 705 p.
548 631 608 690 u&
974 536 1149 605 *⁸⁸-
1254 567 1338 642 Non
1355 594 1461 665 quem
1477 568 1545 641 sibi
1561 562 1688 642 nidum
1704 568 1860 642 volucris
1876 583 2050 645 struxerat

1254 669 1463 765 Relinquit,
1488 684 1594 765 atque
1613 675 1704 745 cedit
1720 671 1822 744 alteri
1837 672 1943 764 fugax

212 821 214 825 ⁷
231 799 371 870 Pom
390 795 547 890 maai
557 793 676 872 latim
692 796 864 867 carmem
876 791 1080 868 redditum,
1257 770 1349 845 Ovis
1363 786 1404 844 ut
1419 774 1488 844 alia
1500 773 1553 844 ibi
1567 774 1711 847 incubet
1725 775 1939 849 recentibus.

166 948 209 1019 ln
225 934 343 1040 prima
356 952 576 1035 pugnantem
592 940 667 1014 acie
686 941 851 1012 cecidisse
869 942 1037 1015 decorum
1052 952 1121 1023 est,

212 1046 420 1120 servant-
440 1042 575 1135 patriae
590 1041 732 1113 moenia
750 1037 856 1113 chara
873 1067 968 1115 suae
1125 1119 1130 1128 ,

164 1147 256 1220 liam
272 1147 442 1218 miserum
457 1157 507 1215 est
520 1144 635 1236 patria
649 1141 774 1213 amissa
791 1145 997 1240 laribusque
1010 1141 1131 1235 vagari
1228 1204 1263 1276 N
1322 1203 1397 1275 333

218 1247 445 1332 Mendieum,
471 1260 505 1318 et
517 1245 643 1316 timida
657 1269 742 1315 voce
758 1267 881 1336 rogare
896 1247 1006 1320 cibos.
1209 1231 1420 1332 jn:
2019 1246 2198 1333 „22

165 1349 259 1424 Cum
276 1349 438 1443 natisque
455 1370 572 1417 errare
587 1345 709 1417 suiset
726 1347 874 1438 coniuge
888 1358 1037 1432 moesta,
2210 1362 2214 1367 ·

219 1448 269 1522 Et
283 1474 364 1522 eum
378 1461 491 1520 matre
503 1448 580 1542 pia,
605 1470 756 1542 eumque
769 1462 914 1542 parente
927 1472 1022 1522 sene.

167 1550 351 1626 Omnibus
366 1549 503 1671 invisus
515 1571 745 1644 quoscunque
758 1550 939 1623 accesserit
956 1548 1037 1668 esul
1208 1600 1320 1696 AM
1334 1597 1550 1673 mmm„
1571 1552 1692 1697 γλαὺξ
1710 1595 1749 1670 37
1765 1589 1887 1693 τάφω,
1937 1601 2202 1697 9030912001,

221 1654 467 1745 Semperer1t‚
492 1674 631 1744 semper
647 1664 785 1743 spretus
800 1673 974 1745 egensque
987 1662 1088 1721 iacet.
1472 1723 1563 1774 m
1581 1697 1742 1772 bahem
1761 1668 1934 1776 „emim

168 1756 299 1827 Nullus
308 1750 424 1823 honos
432 1754 553 1843 generi
567 1765 636 1838 est,
663 1766 697 1824 et
706 1753 840 1844 perdita
852 1754 962 1843 gratia
970 1753 1085 1823 sonna
1094 1763 1159 1836 est,

163 1909 165 1912 -
221 1856 426 1949 Cunctaque
441 1854 626 1925 tabescunt
639 1854 797 1924 membra
814 1853 931 1925 dolori
947 1853 1057 1944 gravi.
1208 1849 1346 1922 Noctua
1360 1849 1454 1920 utin
1470 1850 1586 1937 gelido
1600 1869 1681 1918 cum
1698 1847 1824 1917 nidum
1839 1849 1930 1919 forte
1944 1848 2133 1949 sepulchro

170 1957 281 2031 Curat
296 1980 401 2026 nemo
417 1976 540 2046 vagos,
566 1968 601 2026 et
615 1955 753 2026 laedere
766 1980 872 2027 nemo
889 1968 1046 2041 veretur,
1260 1951 1461 2033 Construit,
1489 1964 1525 2021 et
1538 1973 1680 2020 coecum
1696 1950 1798 2020 foeda
1815 1951 1932 2022 cubile
1951 1964 2059 2023 tenet:

220 2059 303 2130 Non
317 2058 398 2127 exul
417 2080 520 2126 curae
534 2056 678 2128 ducitur
694 2079 767 2126 esse
782 2056 872 2128 Deo.
1210 2053 1311 2126 Talis
1326 2053 1393 2123 erit
1407 2048 1584 2123 thalamus
1599 2051 1736 2127 vetulae
1750 2053 1928 2134 mulieris,
1955 2054 2069 2144 egenti

169 2159 347 2251 intrepidi
361 2169 514 2249 pugnate
531 2158 622 2243 viri,
647 2170 683 2229 et
695 2158 902 2250 profundite
918 2158 1048 2244 vitam,
1259 2151 1308 2226 Et
1322 2154 1490 2225 deliranti
1504 2176 1595 2248 quae
1608 2152 1700 2223 male
1714 2167 1826 2247 nupta
1841 2154 1918 2225 seni
1932 2169 1993 2225 est.

221 2260 340 2351 Quam
355 2260 489 2353 patriae
503 2259 609 2330 debet
623 2261 773 2330 reddere
788 2260 940 2355 quisque
952 2283 1047 2331 suae.

173 2362 285 2436 Nemo
299 2360 410 2431 aciem
424 2361 591 2453 linquens
604 2361 684 2431 aliis
700 2360 745 2432 sit
758 2384 861 2434 causa
879 2362 1040 2452 pavoris,

227 2463 334 2553 lunge
348 2462 539 2553 maniplari
553 2486 681 2555 corpus
688 2514 701 2546 ,
728 2475 762 2533 et
776 2487 874 2533 arma
890 2476 964 2534 tuo.
991 2463 992 2466 ’

172 2564 384 2656 Ingentique
399 2563 453 2633 ira
469 2563 619 2652 flagrent
632 2562 779 2633 audacia
795 2567 923 2648 corda,
1234 2596 1302 2670 No·
1323 2591 1411 2668 334·
2042 2635 2096 2651 -
2120 2637 2176 2652 ,-

223 2666 296 2736 Nec
311 2664 404 2735 vitae
419 2663 553 2733 nimius
568 2677 707 2754 pectora
724 2663 864 2754 frangat
879 2688 989 2735 amor.
1217 2694 1431 2736 W
2019 2691 2196 2724 ws-

170 2765 248 2840 Nec
264 2765 420 2836 iuvenile
433 2786 559 2854 agmen
573 2764 693 2834 tardos
709 2778 821 2838 aetate
836 2765 1037 2859 relinquat,
1280 2792 1364 2867 Apud
1382 2792 1509 2851 vincens
1527 2811 1554 2867 p
1567 2792 1612 2848 78.
1629 2800 1658 2849 er
1674 2793 1703 2848 tn
1720 2790 1836 2865 Scapti·
1852 2790 1928 2865 pust
1945 2792 1978 2849 Τ.
1991 2795 2042 2856 111.
2061 2818 2088 2872 p
2103 2799 2167 2855 aas.
2205 2796 2212 2818 ’-

225 2864 384 2958 Corpora
401 2878 485 2936 sunt
501 2888 653 2958 quorum
670 2865 913 2956 languidiora,
938 2889 1050 2942 senes.
1585 2896 1588 2901 ·

175 2967 368 3059 Indignum
384 2980 438 3039 est
450 2966 560 3036 aciem
576 2978 659 3038 ante
673 2967 799 3039 senilia
813 2970 891 3039 fusa
906 2967 1020 3040 iacere
1520 2970 1581 3041 Dr
1604 2971 1734 3065 tyticis
1753 2974 1888 3064 potitis.

224 3067 405 3161 Corpora,
431 3068 503 3161 iam
519 3067 689 3137 iuvenum
703 3069 912 3160 diffugiente
926 3093 1046 3140 manu.

1194 1428 1196 1435 '
1277 1418 1360 1494 Apud
1373 1418 1503 1476 Vincent-
1519 1434 1547 1491 p.
1559 1417 1617 1472 lot
1634 1427 1661 1473 et
1671 1415 1701 1473 in
1715 1417 1829 1493 Scriptis
1843 1418 1917 1492 publ.
1932 1419 1965 1479 Τ.
1978 1419 2024 1476 ΙΙΙ.
2036 1441 2063 1496 p.
2076 1424 2130 1480 26!
2140 1424 2166 1480 t.

1210 3119 1345 3194 Discite
1358 3121 1527 3194 iustitiam
1542 3124 1688 3210 moniti,
1717 3136 1752 3195 et
1767 3147 1840 3195 nou
1855 3137 2011 3197 temnere
2025 3124 2160 3211 Divos,

1262 3220 1352 3293 Nam
1368 3238 1486 3295 sontes
1501 3226 1605 3319 punit
1621 3226 1749 3296 iudicis
1767 3225 1818 3296 ira
1833 3224 1911 3301 Dei.

1212 3322 1309 3396 llaec
1332 3350 1412 3396 cum
1431 3349 1538 3418 regna
1552 3341 1687 3398 mount
1700 3350 1838 3412 eversa,
1873 3330 2073 3423 ducumque
2100 3332 2206 3404 furo·

1736 3452 1809 3514 res,

1262 3525 1458 3620 Scriptores
1476 3528 1579 3624 lyrici
1595 3552 1660 3600 nos
1677 3530 1879 3601 meminisse
1896 3532 2033 3609 iubent,

1212 3626 1388 3701 Pindarus
1406 3626 1493 3701 haee
1508 3630 1636 3701 melius
1650 3627 1792 3727 Cygnea
1808 3657 1891 3703 voce
1906 3637 2074 3719 canebat,

1263 3730 1322 3802 Tu
1337 3746 1454 3803 tamen
1473 3745 1507 3805 et
1524 3732 1642 3803 Flacci
1656 3735 1812 3805 carmina
1827 3757 1929 3828 saepe
1943 3736 2047 3826 legas.

225 3369 370 3445 Canicie
385 3371 482 3466 quod
496 3370 569 3442 sint
584 3371 654 3441 iam
672 3373 874 3444 veneranda
890 3395 964 3444 sua.

177 3474 295 3567 Quam
310 3473 411 3544 triste
427 3487 478 3544 est
492 3472 573 3561 latis
590 3487 744 3564 spectare
763 3474 911 3546 iacentia
925 3474 1057 3567 passim

226 3575 368 3648 Nudata
381 3575 421 3644 in
436 3574 567 3666 campis
582 3576 740 3647 membra
755 3590 900 3648 cruenta
916 3600 1051 3647 senum.

176 3678 252 3769 Qui
261 3699 462 3770 quanquam
473 3671 636 3746 exhalant
645 3677 793 3764 animas,
806 3678 997 3748 meminere
1005 3676 1163 3769 pudoris.

227 3776 395 3872 Quasque
412 3779 510 3847 decet
525 3791 640 3869 partes
652 3779 863 3864 occuluisse,
884 3793 1022 3870 tegunt.

175 3877 230 3952 Ac
246 3892 415 3973 superant
434 3878 568 3949 formae
586 3879 759 3950 iuvenilia
771 3903 919 3973 corpora
936 3881 1040 3966 flore,

110 4062 119 4081 ³
229 3980 271 4052 ln
288 3982 418 4076 quibus
435 3993 469 4049 et
482 3979 596 4050 virtus
610 3981 744 4071 gratior
758 4005 831 4051 esse
846 3984 946 4053 solet.

176 4080 290 4176 lnque
307 4083 379 4152 acie
395 4081 559 4151 iuvenem
572 4083 684 4172 prima
700 4105 857 4175 pugnare
871 4085 1038 4155 decorum
1053 4095 1123 4169 est,

230 4184 339 4273 Signa
354 4181 460 4252 etiam
476 4184 583 4253 decus
597 4198 648 4256 est
664 4185 693 4254 si
709 4187 808 4258 cadat
825 4200 906 4257 ante
919 4209 993 4260 sua.
1238 4178 1307 4256 No.
1324 4176 1411 4255 385.
2073 4232 2128 4248 -.
2152 4233 2208 4250 ..-

176 4281 273 4375 Ergo
291 4300 353 4355 tuo
370 4284 520 4354 consiste
537 4280 615 4355 loco
632 4288 720 4379 pede
736 4288 859 4359 firmus
874 4302 1024 4384 utroque
1220 4277 1434 4317 Ἄ
2070 4292 2205 4319 Μ

228 4383 458 4477 Compressos
476 4386 616 4473 dentes,
641 4400 675 4459 et
692 4389 791 4461 labra
806 4413 924 4462 morsa
940 4403 1075 4462 tenens.
1282 4382 1365 4455 apua
1385 4379 1655 4458 l”¹¹¹0‘112t·⁷⁸·⁰¹
1673 4384 1703 4441 ¹⁰
1720 4385 1833 4461 Scripsi·
1850 4390 1927 4463 ΝΜ·
1946 4391 1980 4448 Τ·
1996 4391 2041 4448 ¹¹2
2057 4413 2085 4466 a·
2099 4395 2185 4454 2⁵⁹⁵·

1354 4562 1527 4651 Impetus
1547 4566 1716 4654 poeticen
1740 4586 1822 4638 esse
1848 4565 1947 4643 dona
1973 4573 2061 4646 Det.

1215 4705 1400 4780 Humanas
1414 4733 1583 4804 superans
1595 4713 1688 4787 vires
1701 4718 1853 4793 Heroica
1869 4724 1999 4813 virtus,

176 4802 358 4930 Q
433 4852 434 4858 η
1013 4841 1064 4859 —·
1087 4841 1141 4859 -
1266 4809 1372 4882 Tales
1387 4810 1449 4907 qui
1465 4828 1581 4887 motus
1596 4818 1677 4905 dat,
1703 4837 1823 4895 monet
1838 4849 1912 4898 esse
1924 4823 2052 4900 Deum.

988 4901 1160 4930 w

1145 4965 1148 4969 ,
1215 4913 1275 4987 sic
1289 4914 1394 4985 etiam
1410 4915 1552 4987 ubertas
1566 4917 1748 4994 fundentis
1767 4928 1922 4999 carmina
1938 4927 2049 5002 venae

278 5003 360 5078 apua
373 5002 501 5060 tineent.
518 5021 547 5074 p·
562 5000 621 5058 1⁴⁹·
1266 5011 1354 5099 Esse
1368 5014 1484 5087 Deum
1499 5020 1673 5109 ostendit,
1698 5038 1816 5096 motus
1832 5042 1867 5100 et
1880 5031 1942 5100 ille
1955 5026 2022 5102 Dei
2037 5050 2102 5111 est.
2230 5078 2232 5083 ,

465 5162 524 5232 m
549 5166 671 5234 mm
692 5162 880 5255 pomam
1216 5116 1313 5207 Ergo
1329 5143 1476 5211 agnosce
1491 5117 1625 5210 Deum,
1649 5138 1684 5197 et
1699 5126 1790 5199 iusto
1807 5131 1984 5204 venereris
2000 5129 2160 5228 bonore,

1266 5219 1358 5292 Cum
1374 5223 1469 5293 docti
1484 5224 1575 5295 vatis
1590 5226 1719 5319 scripta
1736 5251 1865 5304 sonora
1883 5233 1977 5326 legis.

231 5311 326 5390 Οὐδ’
356 5306 471 5414 ἀγρία
496 5305 571 5411 γὰρ
596 5296 699 5408 ὄρνις
723 5307 772 5404 ἣν
797 5307 919 5410 πλάσῃ
946 5306 1067 5412 δόμον

230 5417 322 5511 ἄλλῃ
346 5412 524 5495 νεοσσοὺς
549 5414 708 5487 ἐντενεῖν
729 5408 896 5506 ἠξίωσεν.
