4748 6022
1579 175 1590 210 l

163 350 240 427 968
589 337 948 440 {ALLOQ'UIA
981 342 1056 420 ET
1088 336 1320 421 BREVES
1351 333 1708 417 conciones,
1806 348 1810 355 ’
2116 335 2209 412 ⁸964

165 525 236 596 fide
259 545 299 591 ae
313 519 496 610 diligentia
524 519 707 610 religionis
724 534 758 590 et
778 518 996 610 optimarum
1023 518 1153 589 artium
1205 510 1338 597 randis
1355 514 1524 607 operibus
1546 511 1757 597 delectatur,
1781 511 1911 581 ordine
1927 507 2094 581 videlicet
2108 533 2206 581 erea-

166 623 343 721 principia
371 618 436 692 hae
452 622 576 692 nostrai
591 634 704 694 aetate
726 635 907 714 utcunque
924 619 1154 711 percepimus.
1207 618 1338 700 tionis,
1377 614 1550 685 mirandis
1575 613 1742 704 operibns
1765 613 1986 685 libentionis
2009 608 2204 695 Ecclesiae,

151 714 322 820 'Agimus
345 724 463 817 itaque
485 721 561 794 Deo
579 724 715 816 optimo
740 723 892 791 maximo
913 744 1156 810 magnasgra-
1208 720 1283 811 ipsa
1312 717 1380 787 fitii
1404 715 1472 786 Dei
1496 714 1717 794 obedientia,
1752 714 1977 805 copulatione
1999 713 2147 784 divinae
2171 729 2207 787 et

88 856 91 861 ·
168 828 253 914 tias,
286 827 383 919 quud
416 825 528 914 ipsius
556 824 878 914 munere'coutigit
902 825 1007 893 nobis
1028 822 1066 891 in
1091 818 1156 891 hae
1208 816 1386 889 humanae
1408 833 1573 907 naturae,
1605 815 1888 906 promulgatione
1909 815 2113 897 doetrinae,
2146 840 2205 886 re-

170 928 384 1012 Academia‚
402 928 557 1017 primum
573 922 693 996 nostra
707 925 848 1015 ingenia
865 927 1017 994 formare
1031 927 1074 992 ad
1091 925 1156 993 bo-
1208 921 1428 1016 surrectione
1445 937 1479 991 et
1496 932 1625 997 rnorte,
1651 916 1794 1007 praeliis
1809 930 1844 987 et
1859 916 2020 986 victoriis
2033 919 2205 988 adversus

171 1053 238 1106 nos
252 1051 389 1111 mores,
415 1041 450 1096 et
474 1029 517 1096 ad
535 1029 652 1097 studia
670 1021 839 1112 honesta,
866 1040 901 1096 et
917 1023 1094 1095 Ecclesiae
1117 1048 1156 1094 ac
1207 1024 1405 1093 diabolum.
1458 1019 1511 1088 De
1535 1014 1591 1088 his
1613 1019 1834 1087 admirandis
1857 1019 2084 1108 spectaculis,
2114 1044 2206 1111 quae

170 1127 406 1219 Reipublicae
428 1129 529 1198 utilia
545 1154 585 1197 ac
605 1129 810 1200 necessaria.
862 1127 1000 1198 Deinde
1016 1127 1155 1215 agimus
1209 1122 1514 1194 considerabimus
1539 1121 1578 1188 in
1599 1119 1919 1200 totaaeteruitate,
1950 1118 2126 1190 Salomon
2149 1123 2217 1190 lo-·

170 1231 300 1323 gratias
314 1230 624 1323 praeceptoribus,
650 1232 747 1324 quod
769 1229 952 1321 principiis
976 1231 1154 1299 bonarum
1209 1226 1349 1320 quitur,
1381 1248 1460 1294 cum
1490 1218 1550 1291 hic
1573 1222 1639 1294 ait:
1673 1219 1893 1312 Sapientiam
1914 1220 1953 1288 in
1978 1223 2066 1290 orbe
2089 1237 2205 1305 terrae

138 1417 142 1425 Ι
172 1333 302 1403 artium
336 1353 403 1399 nos
432 1332 477 1398 ad
507 1332 739 1401 maximarum
773 1355 891 1400 rerum
916 1330 1157 1418 cognitionem
1214 1326 1348 1397 ludere.

171 1445 482 1527 praeparaverunt.
535 1430 686 1522 Agimus
712 1446 745 1503 et
772 1432 902 1522 gratias
928 1433 1008 1500 aliis
1026 1431 1158 1500 doetis-
1312 1425 1565 1497 Dulcissimum
1586 1437 1706 1521 antemi
1726 1435 1797 1508 est,
1827 1422 1926 1516 quod
1948 1420 2017 1508 ait,
2050 1425 2205 1496 delecta-

172 1533 271 1604 simis
296 1547 331 1602 et
357 1532 562 1601 clarissimis
587 1535 692 1613 viris,
725 1547 760 1602 et
785 1528 1032 1614 Scholasticis,
1059 1532 1157 1625 quod
1213 1529 1328 1598 tiones
1350 1522 1808 1597 eiusesseinhominibus.
1860 1523 2024 1609 Hocest,
2050 1526 2205 1595 laetatur

172 1631 323 1707 honoris
355 1634 466 1703 nostri
499 1658 601 1704 causa
628 1648 785 1704 nostram
811 1635 1071 1724 promotionem
1095 1656 1155 1701 sua
1212 1630 1287 1722 ipse
1307 1630 1389 1698 filiis
1405 1628 1491 1711 Dei,
1516 1628 1611 1721 quod
1638 1626 1799 1717 patefacit
1815 1626 1982 1697 seuobis.
2033 1624 2206 1697 Patefecit

173 1735 372 1828 praesentia
403 1759 532 1804 ornare
563 1760 637 1806 non
670 1750 753 1805 sunt
777 1737 972 1824 dedignati.
1024 1731 1077 1804 Ae
1105 1733 1159 1800 vi·
1214 1746 1331 1801 autem
1353 1755 1390 1800 se
1413 1729 1634 1821 promulgata
1658 1752 1759 1813 voce,
1785 1740 1819 1796 et
1841 1750 1905 1818 per
1923 1751 2046 1796 vocem
2060 1741 2115 1797 est
2127 1729 2206 1796 effi-

173 1838 291 1906 cissim
315 1837 359 1904 iis
384 1837 644 1910 observantiam
670 1862 709 1907 ac
730 1837 844 1906 officia
868 1852 987 1907 nostra
1015 1835 1161 1926 pollice·
1214 1856 1296 1911 cas,
1321 1831 1475 1901 restituit
1496 1830 1601 1900 nobis
1615 1831 1742 1912 vitam,
1765 1844 1800 1899 et
1815 1831 2040 1899 transformat
2052 1852 2138 1913 nos,
2164 1843 2206 1898 ut

173 1962 269 2009 mur.
323 1935 419 2011 Dixi.
1214 1932 1347 2003 Paulus
1361 1932 1495 2025 inquit:
1520 1929 1835 2000 Transiermamur
1849 1932 1894 1998 ad
1910 1931 2056 1999 eandem
2072 1931 2208 2018 imagi-

1216 2059 1316 2119 nem,
1341 2047 1380 2105 ut
1402 2048 1522 2104 nostra
1539 2033 1600 2102 lux
1616 2030 1662 2100 sit
1677 2031 1802 2101 similis
1818 2023 1929 2129 λόγῳ.
1976 2028 2065 2102 Cum
2080 2044 2209 2102 tantae

1217 2160 1272 2204 res
1308 2136 1346 2204 in
1377 2130 1434 2204 his
1468 2134 1586 2221 verbis
1612 2131 1816 2203 Salomonis
1845 2128 2227 2224 comprehendantur,

173 2202 319 2329 Q
897 2208 1031 2280 ΝΛΜ·
1048 2213 1143 2280 ¹⁵⁵4·
1218 2233 1343 2307 hortor
1372 2235 1567 2318 studiosos,
1601 2247 1641 2302 ut
1668 2257 1706 2302 ea
1739 2233 2059 2324 pie-considerent,
2092 2248 2126 2303 et
2147 2234 2209 2302 di-

1217 2352 1334 2422 scant,
1359 2334 1417 2407 hic
1433 2336 1539 2406 simul
1554 2335 1694 2405 ostendi
1709 2349 1744 2404 et
1757 2334 1957 2404 doctrinam
1973 2335 2018 2404 de
2036 2335 2110 2404 tilio
2126 2333 2210 2421 Dei,

1219 2453 1252 2511 et
1265 2439 1508 2514 ¹commendari
1522 2438 1625 2507 nobis
1636 2435 1876 2506 Ministerium
1892 2431 1957 2505 hae
1968 2458 2106 2507 summa
2122 2460 2208 2506 cau-

179 2520 309 2589 ⁰f⁰ti⁰
345 2524 513 2591 ''mim“
549 2539 574 2588 α
604 2519 654 2590 D·
693 2521 902 2590 Heium
944 2516 1166 2609 sidem,
1218 2566 1274 2627 sa,
1299 2543 1393 2634 qarod
1418 2540 1490 2630 ipse
1506 2539 1617 2609 Filius
1642 2538 1707 2607 Dei
1729 2530 1824 2606 adsit
1841 2537 1922 2605 voci
1939 2533 2147 2625 Evangelii,
2174 2551 2208 2607 et

194 2628 366 2711 ilf⁰m⁰l⁰
389 2624 431 2692 ⁸3⁸
451 2623 653 2692 9⁰⁰i⁰r⁰m
677 2618 887 2694 Tkfflhw·
907 2619 970 2691 ‘¹²⁶0
992 2625 1150 2692 Ianuar·
1219 2645 1264 2712 sit
1278 2665 1342 2733 per
1358 2666 1432 2710 eam
1448 2643 1577 2711 efficax.
1627 2634 1706 2709 Oro
1720 2653 1836 2707 autem
1853 2637 1969 2730 ipsum
1985 2636 2208 2722 FiliumDei,

574 2743 637 2792 Μ·
665 2717 772 2796 ¹55⁴·
1219 2743 1414 2812 Dominum
1437 2756 1597 2811 nostrum
1614 2737 1726 2810 lesum
1742 2735 1944 2823 Christum,
1970 2752 2099 2809 utnon
2117 2741 2208 2810 sinat

176 2821 360 2909 Usitatum
387 2837 503 2907 estin
532 2839 725 2908 testimonii
755 2839 1041 2923 renunciatione,
1069 2852 1167 2908 utet
1220 2845 1327 2913 deleri
1359 2843 1595 2913 ministerium
1619 2837 1838 2930 Evangelii,
1855 2843 1914 2910 sed
1941 2862 2081 2931 semper
2103 2843 2206 2911 etiam

177 2957 246 3007 nos
265 2940 400 3030 aliquid
424 2937 600 3023 dicamus,
628 2941 758 3030 quibus
776 2941 1017 3009 testimonium
1036 2940 1165 3010 tribui·
1221 2948 1258 3014 in
1281 2942 1337 3028 his
1360 2945 1564 3033 regionibus
1584 2954 1618 3011 et
1639 2942 1765 3011 vicinis
1786 2941 1928 3032 colligat
1942 2955 2122 3011 aeternam
2137 2939 2207 3012 Ec·

166 3049 248 3110 tur.
300 3039 384 3110 ldeo
407 3053 449 3108 ut
463 3039 712 3109 consuetudini
735 3036 899 3110 honestae
915 3043 1167 3132 obtemperem,
1219 3048 1383 3130 clesiam,
1408 3063 1442 3118 et
1459 3049 1629 3132 gubernet
1645 3057 1779 3112 mentes
1792 3057 1938 3113 nostras.

177 3142 293 3212 dicam
316 3143 360 3209 de
375 3139 577 3210 dulcissima
592 3142 765 3211 sententia
781 3140 983 3213 Salomonis
1001 3142 1167 3235 incapite
1321 3146 1415 3216 Toto
1436 3147 1542 3216 etiam
1566 3157 1705 3237 pectore
1727 3144 1856 3234 gratias
1874 3168 1939 3236 ago
1954 3142 2034 3213 Deo
2052 3159 2208 3223 aeterno,

178 3255 304 3312 octavo
322 3239 609 3315 Proverbiorum.
662 3240 731 3313 Uti
757 3243 875 3337 inquit
897 3245 1085 3336 sapientia:
1113 3241 1167 3313 Et
1221 3249 1315 3319 Patri
1340 3247 1484 3316 Domini
1507 3247 1619 3317 nostri
1641 3245 1718 3315 lesu
1736 3240 1889 3327 Christi,
1915 3247 2093 3318 conditori
2107 3246 2208 3338 ,coeli

171 3341 242 3443 sui
266 3363 345 3411 cum
370 3365 410 3412 eo
429 3339 595 3440 ortafix,
621 3338 753 3412 ludens
776 3342 816 3412 in
834 3342 917 3414 orbe
933 3354 1051 3415 terroe
1065 3368 1166 3429 suae,
1206 3364 1254 3420 ‘et
1282 3365 1414 3432 terrae,
1446 3344 1630 3418 hominum
1653 3361 1687 3419 et
1709 3343 1900 3432 Ecclesiae,
1930 3372 2002 3418 una
2025 3372 2105 3418 cum
2129 3349 2206 3419 filiu

180 3453 213 3514 et
234 3437 489 3513 delectationes
511 3465 611 3512 mene
627 3468 705 3513 cum
714 3438 818 3535 filiis
833 3438 1037 3519 leontinum.
1089 3444 1182 3515 Etsi'
1219 3475 1302 3536 sero,
1318 3447 1482 3520 'Domino
1504 3463 1626 3519 nostro
1651 3446 1729 3519 lesu
1744 3444 1904 3532 Christo,
1932 3463 1965 3518 et
1980 3447 2117 3540 Spiritu
2140 3472 2206 3518 sno

178 3560 296 3617 autem
314 3537 512 3636 amplitudo
530 3541 637 3615 huius
654 3548 847 3617 sententiae
865 3563 1070 3641 nonputest
1087 3550 1168 3619 bre-
1221 3569 1359 3636 saneto,
1390 3553 1485 3645 qarod
1507 3552 1698 3622 clementer
1717 3546 1911 3619 Ecclesiam
1933 3550 2003 3620 sihi
2026 3551 2122 3621 iuter
2143 3575 2207 3620 nos

175 3648 270 3718 ‚viter
287 3647 466 3734 enarrari,
491 3661 527 3716 et
548 3647 683 3737 prolixa
699 3649 812 3718 oratio
828 3645 912 3719 huic
928 3651 1076 3739 tempori
1095 3674 1167 3719 non
1221 3655 1371 3744 colligit,
1395 3669 1429 3724 et
1446 3648 1534 3721 mihi
1551 3677 1629 3722 cum
1646 3652 1714 3720 alia
1727 3652 1839 3722 multa
1857 3654 1949 3722 bona
1965 3652 2111 3732 tribuit,
2122 3657 2208 3722 ‘tum

181 3750 363 3839 congruit,
395 3761 515 3819 tamen
542 3750 647 3817 etiam
672 3746 789 3819 brevis
811 3743 1101 3834 commonefactio
1124 3754 1168 3821 de
1223 3782 1304 3825 vero
1326 3756 1430 3824 etiam
1446 3749 1631 3841 Evangelii
1653 3752 1909 3842 cognitionem,
1932 3767 1968 3822 et
1987 3777 2046 3822 sne
2070 3755 2114 3823 ad
2140 3753 2207 3822 mi-

181 3862 252 3920 tam
277 3851 374 3920 dulci
391 3851 564 3921 sententia
582 3850 748 3920 studiosis
767 3855 919 3940 prodest.
973 3849 1096 3946 Aliqui
1113 3853 1169 3922 di·
1221 3858 1357 3927 nisterii
1383 3853 1586 3944 Evangelici
1615 3854 1815 3924 societatem
1841 3854 2001 3939 vocavit,
2035 3869 2070 3925 et
2093 3855 2208 3924 studia

179 3966 276 4022 ctum
292 3950 495 4024 Salomonis
516 3965 652 4021 tantum
676 3954 720 4021 de
743 3967 884 4022 externa
910 3955 1170 4047 vocepromul·
1223 3984 1297 4028 mea
1320 3958 1474 4043 adiuvit,
1507 3971 1541 4026 et
1564 3981 1627 4026 oro
1650 3980 1731 4024 earm
1756 3968 1900 4048 propter
1918 3956 2051 4042 tilium,
2083 3956 2210 4029 Domi·

183 4069 281 4143 gatae
304 4054 486 4122 doctrinae
506 4052 721 4141 intelligunt.
780 4053 928 4126 Constat
950 4058 1045 4125 enim
1066 4055 1170 4128 Salo-
1223 4085 1309 4131 num
1332 4073 1491 4130 nostrum
1514 4057 1628 4127 lesum
1644 4053 1845 4142 Christum,
1869 4070 1910 4127 ut
1932 4058 2125 4127 clementer
2145 4082 2209 4147 gn·

183 4179 325 4223 monem
356 4154 456 4247 loqui
484 4162 529 4224 de
556 4179 596 4225 ea
618 4154 810 4244 sapientia,
841 4183 931 4250 quae
953 4159 1109 4228 clamitat
1132 4157 1169 4226 in
1224 4164 1347 4232 bernet
1371 4160 1882 4239 totumcursumvitaemeae‚
1906 4159 2212 4231 etme-saciator-

184 4257 305 4326 arduis
328 4255 414 4325 lucis
434 4258 587 4326 urbium.
640 4255 714 4328 Alii
734 4260 1170 4350 verniuterpretanturde
1222 4286 1352 4354 ganum
1366 4253 2211 4353 salutareEcclesiae,animaemeaeetpatriae.

129 4419 131 4424 .
183 4356 258 4426 filio
275 4353 363 4438 Dei,
388 4356 471 4446 quia
494 4359 545 4427 ihi
566 4359 714 4430 dicitur:
741 4357 789 4433 Et
809 4362 859 4429 lui
881 4387 960 4440 cum
977 4388 1017 4430 eo
1032 4363 1169 4432 artilex.
1223 4365 1318 4439 Dixi.

183 4455 414 4530 Manifestum
442 4469 512 4537 est,
542 4482 622 4539 cum
653 4463 697 4527 de
723 4463 893 4550 sapientia
917 4461 982 4532 Dei
1007 4464 1171 4533 creatrice

183 4559 341 4638 dicmur,
363 4581 437 4627 non
451 4569 588 4630 tantum
602 4561 857 4649 promulgatam
872 4587 991 4632 vocem
1008 4562 1171 4652 intelligi,
1218 4567 1221 4572 ’

185 4662 247 4732 sed
274 4660 389 4752 ipsum
414 4661 525 4731 filium
551 4657 636 4743 Dei,
667 4661 728 4754 qui
751 4656 834 4755 quia
859 4663 1006 4754 protulit
1026 4689 1068 4734 ex
1089 4664 1171 4734 sinu
1230 4628 1403 4754 Q
1962 4635 2211 4769 'Q

186 4762 321 4833 aeterni
345 4762 454 4853 patris
477 4785 596 4831 vocem
616 4757 820 4853 Evangelii,
845 4765 1064 4856 promulgata
1087 4791 1172 4836 voce
1293 4808 1324 4866 ,n
1340 4807 1470 4865 Mem„
1484 4806 1664 4864 ormontem
1676 4806 1709 4861 T·
1724 4805 1759 4862 v.
1772 4825 1798 4879 P·
1814 4808 1855 4870 ,η
1872 4805 2211 4880 montanismum

188 4865 379 4954 patefactus
399 4876 468 4948 est,
493 4876 528 4932 et
546 4865 644 4933 adest
665 4865 866 4936 ministerio
888 4869 985 4937 vocis
1000 4882 1172 4954 externae,
1327 4881 1378 4934 mir
1396 4899 1422 4950 p.
1439 4881 1505 4950 taq.
1518 4888 1544 4932 a
1557 4877 1630 4949 apua
1644 4875 1770 4931 nictare.
1784 4874 1819 4928 τ.
1833 4876 1867 4934 tt
1881 4895 1907 4947 p.
1920 4875 1982 4931 ast.

187 4978 223 5035 et
244 4988 307 5054 per
326 4964 362 5031 id
384 4978 437 5033 est
451 4965 582 5034 efficax.
633 4964 693 5037 Sic
708 4967 781 5058 ipse
796 4968 911 5060 inquit
926 4969 1173 5056 interrogatus,

188 5066 268 5161 quis
291 5065 352 5134 sit:
382 5060 453 5157 τὴν
473 5061 594 5159 ἀρχὴν
613 5062 671 5139 ὅτι
693 5064 758 5140 καὶ
779 5073 878 5142 λαλῶ
900 5065 1022 5161 tinia?
1055 5069 1173 5141 Pror-

186 5191 247 5238 sus
269 5162 336 5237 hoc
354 5188 431 5234 sum
455 5170 552 5259 quod
574 5169 703 5261 loquor
725 5171 846 5252 vobis,
871 5196 948 5241 sum
974 5166 1031 5241 hic
1054 5165 1173 5271 λόγος,

187 5271 249 5364 qui
271 5270 316 5339 ab
339 5267 443 5338 initio
465 5292 545 5339 cum
566 5265 723 5342 Ecclesia
745 5273 924 5366 loquitur,
948 5286 983 5342 et
1001 5297 1077 5343 eam
1100 5274 1177 5344 col·
2082 5344 2083 5348 ,

187 5372 277 5460 ligit.
328 5367 398 5440 Hic
418 5372 743 5461 delectatpatrem,
766 5387 800 5446 et
822 5374 915 5444 ludit
936 5373 974 5443 in
996 5377 1084 5445 orbe
1102 5389 1176 5445 ter·
1226 5353 1399 5447 Primum
1428 5400 1492 5468 ago
1515 5379 1651 5469 *gratias
1675 5375 1752 5449 Deo
1773 5378 2031 5470 omnipotenti,
2072 5396 2211 5452 aeterno

188 5494 259 5544 rae.
312 5469 383 5545 llic
397 5472 492 5543 filius
505 5486 639 5567 epatre
652 5473 831 5566 diligitur,
855 5488 892 5545 et
906 5477 1179 5567 patereiusmi·
1226 5475 1325 5548 Patri
1348 5479 1496 5551 Domini
1518 5481 1630 5559 nostri
1649 5479 1733 5553 lesu
1747 5477 1901 5569 Christi,
1924 5481 2108 5554 conditori
2126 5480 2209 5554 coeli

245 2390 278 2445 ln
298 2388 461 2462 Quaestion.
479 2391 512 2480 ab
532 2390 621 2445 atero
639 2388 717 2444 editis
735 2409 762 2464 p.
775 2390 824 2447 12!
831 2387 857 2447 δ.
868 2410 928 2463 sqq.

1232 4535 1577 4555 ’.ιο-Μ
1581 4537 2010 4550 Μαι-..ιη-
2015 4532 2210 4554 —Q-ssm

1226 5027 1378 5112 Oratio,
1422 5045 1499 5117 qun
1523 5019 1672 5115 publice
1699 5024 1912 5118 resignavit
1935 5024 2209 5116 Magistratus»

1225 5124 1508 5208 scholasticum,
1563 5127 1613 5196 D}
1660 5122 2148 5195 stantatavauoma
2186 5142 2207 5192 o

1251 5226 1449 5326 (inepto,
1481 5227 1641 5300 Polonus
1661 5233 1758 5314 eto,
1782 5229 1939 5314 lteotor,
1972 5223 2051 5299 Gal.
2077 5227 2184 5338 Moti
