<?xml version="1.0" encoding="UTF-8"?>
<!DOCTYPE html PUBLIC "-//W3C//DTD XHTML 1.0 Transitional//EN"
    "http://www.w3.org/TR/xhtml1/DTD/xhtml1-transitional.dtd">
<html xmlns="http://www.w3.org/1999/xhtml" xml:lang="en" lang="en">
 <head>
  <title>
</title>
<meta http-equiv="Content-Type" content="text/html;charset=utf-8" />
  <meta name='ocr-system' content='tesseract 3.04.00' />
  <meta name='ocr-capabilities' content='ocr_page ocr_carea ocr_par ocr_line ocrx_word'/>
</head>
<body>
  <div class='ocr_page' id='page_1' title='image "./philippimelanth18melagoog/philippimelanth18melagoog_0042.png"; bbox 0 0 4748 6022; ppageno 0'>
   <div class='ocr_carea' id='block_1_1' title="bbox 87 393 2131 502">
    <p class='ocr_par' dir='ltr' id='par_1_1' title="bbox 87 393 2131 502">
     <span class='ocr_line' id='line_1_1' title="bbox 87 393 2131 502; baseline 0 -29"><span class='ocrx_word' id='word_1_1' title='bbox 87 399 139 502; x_wconf 71' lang='lat' dir='ltr'><strong>bi</strong></span> <span class='ocrx_word' id='word_1_2' title='bbox 283 393 740 488; x_wconf 79' lang='lat' dir='ltr'><strong>EPISTOLARUM,</strong></span> <span class='ocrx_word' id='word_1_3' title='bbox 772 396 1147 475; x_wconf 85' lang='lat' dir='ltr'><strong>lUDlCIORUM</strong></span> <span class='ocrx_word' id='word_1_4' title='bbox 1171 394 1249 471; x_wconf 84' lang='lat' dir='ltr'><strong>ET</strong></span> <span class='ocrx_word' id='word_1_5' title='bbox 1273 394 1665 477; x_wconf 84' lang='lat' dir='ltr'><strong>SCRIPTORUM</strong></span> <span class='ocrx_word' id='word_1_6' title='bbox 1714 398 1822 481; x_wconf 78' lang='lat' dir='ltr'><strong>LIB.</strong></span> <span class='ocrx_word' id='word_1_7' title='bbox 1846 401 1947 484; x_wconf 85' lang='lat' dir='ltr'><strong>xlv.</strong></span> <span class='ocrx_word' id='word_1_8' title='bbox 2080 399 2131 475; x_wconf 81' lang='grc'><strong>68</strong></span> 
     </span>
    </p>
   </div>
   <div class='ocr_carea' id='block_1_2' title="bbox 92 569 2130 2386">
    <p class='ocr_par' dir='ltr' id='par_1_2' title="bbox 96 569 2130 1172">
     <span class='ocr_line' id='line_1_2' title="bbox 97 569 2130 664; baseline -0.002 -17"><span class='ocrx_word' id='word_1_9' title='bbox 97 595 183 647; x_wconf 84' lang='lat' dir='ltr'><strong>cura</strong></span> <span class='ocrx_word' id='word_1_10' title='bbox 197 571 388 645; x_wconf 88' lang='lat' dir='ltr'><strong>liberatum</strong></span> <span class='ocrx_word' id='word_1_11' title='bbox 403 594 488 641; x_wconf 87' lang='lat' dir='ltr'><strong>esse.</strong></span> <span class='ocrx_word' id='word_1_12' title='bbox 535 569 628 640; x_wconf 83' lang='lat' dir='ltr'><strong>Dedi</strong></span> <span class='ocrx_word' id='word_1_13' title='bbox 646 571 742 641; x_wconf 90' lang='lat' dir='ltr'><strong>euim</strong></span> <span class='ocrx_word' id='word_1_14' title='bbox 758 574 804 642; x_wconf 88' lang='lat' dir='ltr'><strong>ad</strong></span> <span class='ocrx_word' id='word_1_15' title='bbox 820 582 854 641; x_wconf 90' lang='lat' dir='ltr'><strong>te</strong></span> <span class='ocrx_word' id='word_1_16' title='bbox 871 571 990 643; x_wconf 86' lang='lat' dir='ltr'><strong>literas</strong></span> <span class='ocrx_word' id='word_1_17' title='bbox 1004 570 1085 644; x_wconf 86' lang='lat' dir='ltr'><strong>Ste-</strong></span> <span class='ocrx_word' id='word_1_18' title='bbox 1140 571 1208 643; x_wconf 89' lang='lat' dir='ltr'><strong>tibi</strong></span> <span class='ocrx_word' id='word_1_19' title='bbox 1240 596 1357 664; x_wconf 86' lang='lat' dir='ltr'>nuper</span> <span class='ocrx_word' id='word_1_20' title='bbox 1381 571 1467 642; x_wconf 88' lang='lat' dir='ltr'><strong>misi</strong></span> <span class='ocrx_word' id='word_1_21' title='bbox 1496 572 1814 656; x_wconf 88' lang='lat' dir='ltr'><strong>mendodissimos‚</strong></span> <span class='ocrx_word' id='word_1_22' title='bbox 1846 599 1887 646; x_wconf 91' lang='lat' dir='ltr'><strong>ac</strong></span> <span class='ocrx_word' id='word_1_23' title='bbox 1911 577 2023 647; x_wconf 87' lang='lat' dir='ltr'><strong>factos</strong></span> <span class='ocrx_word' id='word_1_24' title='bbox 2055 597 2130 643; x_wconf 87' lang='lat' dir='ltr'><strong>nou</strong></span> 
     </span>
     <span class='ocr_line' id='line_1_3' title="bbox 97 667 2130 767; baseline 0.002 -25"><span class='ocrx_word' id='word_1_25' title='bbox 97 669 240 767; x_wconf 88' lang='lat' dir='ltr'><strong>phano,</strong></span> <span class='ocrx_word' id='word_1_26' title='bbox 272 674 310 741; x_wconf 95' lang='lat' dir='ltr'><strong>in</strong></span> <span class='ocrx_word' id='word_1_27' title='bbox 344 673 474 766; x_wconf 86' lang='lat' dir='ltr'><strong>quibus</strong></span> <span class='ocrx_word' id='word_1_28' title='bbox 503 667 653 742; x_wconf 64' lang='lat' dir='ltr'><strong>«historia</strong></span> <span class='ocrx_word' id='word_1_29' title='bbox 689 686 741 743; x_wconf 89' lang='lat' dir='ltr'><strong>est</strong></span> <span class='ocrx_word' id='word_1_30' title='bbox 775 696 892 744; x_wconf 88' lang='lat' dir='ltr'><strong>rerum</strong></span> <span class='ocrx_word' id='word_1_31' title='bbox 928 697 1084 743; x_wconf 89' lang='lat' dir='ltr'><strong>mearum</strong></span> <span class='ocrx_word' id='word_1_32' title='bbox 1139 675 1305 765; x_wconf 80' lang='lat' dir='ltr'><strong>propitiis</strong></span> <span class='ocrx_word' id='word_1_33' title='bbox 1327 675 1451 747; x_wconf 90' lang='lat' dir='ltr'><strong>musis.</strong></span> <span class='ocrx_word' id='word_1_34' title='bbox 1502 671 1594 744; x_wconf 87' lang='lat' dir='ltr'><strong>Nam</strong></span> <span class='ocrx_word' id='word_1_35' title='bbox 1617 700 1697 745; x_wconf 90' lang='lat' dir='ltr'><strong>cum</strong></span> <span class='ocrx_word' id='word_1_36' title='bbox 1722 673 1934 747; x_wconf 87' lang='lat' dir='ltr'><strong>Ambrosius</strong></span> <span class='ocrx_word' id='word_1_37' title='bbox 1957 672 2041 746; x_wconf 89' lang='lat' dir='ltr'><strong>hinc</strong></span> <span class='ocrx_word' id='word_1_38' title='bbox 2065 676 2130 746; x_wconf 88' lang='lat' dir='ltr'><strong>ab·</strong></span> 
     </span>
     <span class='ocr_line' id='line_1_4' title="bbox 98 770 2128 871; baseline -0.001 -25"><span class='ocrx_word' id='word_1_39' title='bbox 98 775 273 846; x_wconf 87' lang='lat' dir='ltr'><strong>omnium.</strong></span> <span class='ocrx_word' id='word_1_40' title='bbox 331 773 547 866; x_wconf 80' lang='lat' dir='ltr'><strong>Quanquam</strong></span> <span class='ocrx_word' id='word_1_41' title='bbox 571 790 687 845; x_wconf 91' lang='lat' dir='ltr'><strong>autem</strong></span> <span class='ocrx_word' id='word_1_42' title='bbox 714 799 787 845; x_wconf 91' lang='lat' dir='ltr'><strong>nou</strong></span> <span class='ocrx_word' id='word_1_43' title='bbox 815 770 990 845; x_wconf 81' lang='lat' dir='ltr'>habebam</span> <span class='ocrx_word' id='word_1_44' title='bbox 1018 770 1085 844; x_wconf 91' lang='lat' dir='ltr'><strong>hoc</strong></span> <span class='ocrx_word' id='word_1_45' title='bbox 1139 775 1225 857; x_wconf 85' lang='lat' dir='ltr'><strong>iret,</strong></span> <span class='ocrx_word' id='word_1_46' title='bbox 1252 800 1326 846; x_wconf 93' lang='lat' dir='ltr'><strong>non</strong></span> <span class='ocrx_word' id='word_1_47' title='bbox 1344 778 1562 846; x_wconf 86' lang='lat' dir='ltr'><strong>concedebat</strong></span> <span class='ocrx_word' id='word_1_48' title='bbox 1575 777 1788 847; x_wconf 89' lang='lat' dir='ltr'><strong>emendandi</strong></span> <span class='ocrx_word' id='word_1_49' title='bbox 1804 780 1972 871; x_wconf 88' lang='lat' dir='ltr'><strong>spacium.</strong></span> <span class='ocrx_word' id='word_1_50' title='bbox 2022 774 2128 845; x_wconf 90' lang='lat' dir='ltr'><strong>Misi-</strong></span> 
     </span>
     <span class='ocr_line' id='line_1_5' title="bbox 97 871 2128 972; baseline -0 -24"><span class='ocrx_word' id='word_1_51' title='bbox 97 889 404 970; x_wconf 81' lang='lat' dir='ltr'><strong>temporecertum</strong></span> <span class='ocrx_word' id='word_1_52' title='bbox 429 877 652 946; x_wconf 81' lang='lat' dir='ltr'><strong>tabellarium</strong></span> <span class='ocrx_word' id='word_1_53' title='bbox 678 879 823 949; x_wconf 86' lang='lat' dir='ltr'><strong>advos:</strong></span> <span class='ocrx_word' id='word_1_54' title='bbox 849 891 966 946; x_wconf 89' lang='lat' dir='ltr'><strong>tamen</strong></span> <span class='ocrx_word' id='word_1_55' title='bbox 993 871 1085 946; x_wconf 91' lang='lat' dir='ltr'><strong>hanc</strong></span> <span class='ocrx_word' id='word_1_56' title='bbox 1138 900 1217 946; x_wconf 90' lang='lat' dir='ltr'><strong>mus</strong></span> <span class='ocrx_word' id='word_1_57' title='bbox 1238 891 1356 947; x_wconf 88' lang='lat' dir='ltr'><strong>tamen</strong></span> <span class='ocrx_word' id='word_1_58' title='bbox 1372 902 1447 948; x_wconf 88' lang='lat' dir='ltr'><strong>non</strong></span> <span class='ocrx_word' id='word_1_59' title='bbox 1467 891 1508 949; x_wconf 85' lang='lat' dir='ltr'><strong>ut</strong></span> <span class='ocrx_word' id='word_1_60' title='bbox 1531 903 1652 949; x_wconf 89' lang='lat' dir='ltr'><strong>versus</strong></span> <span class='ocrx_word' id='word_1_61' title='bbox 1672 879 1789 972; x_wconf 89' lang='lat' dir='ltr'><strong>ipsos,</strong></span> <span class='ocrx_word' id='word_1_62' title='bbox 1823 882 1881 950; x_wconf 87' lang='lat' dir='ltr'><strong>sed</strong></span> <span class='ocrx_word' id='word_1_63' title='bbox 1906 894 1947 951; x_wconf 89' lang='lat' dir='ltr'><strong>ut</strong></span> <span class='ocrx_word' id='word_1_64' title='bbox 1967 877 2128 950; x_wconf 82' lang='lat' dir='ltr'><strong>studium</strong></span> 
     </span>
     <span class='ocr_line' id='line_1_6' title="bbox 99 976 2124 1076; baseline 0.001 -28"><span class='ocrx_word' id='word_1_65' title='bbox 99 978 283 1068; x_wconf 88' lang='lat' dir='ltr'><strong>epistolam</strong></span> <span class='ocrx_word' id='word_1_66' title='bbox 307 978 390 1047; x_wconf 89' lang='lat' dir='ltr'><strong>dedi</strong></span> <span class='ocrx_word' id='word_1_67' title='bbox 407 978 547 1046; x_wconf 91' lang='lat' dir='ltr'><strong>cuidam</strong></span> <span class='ocrx_word' id='word_1_68' title='bbox 564 978 798 1068; x_wconf 87' lang='lat' dir='ltr'><strong>proficiscenti</strong></span> <span class='ocrx_word' id='word_1_69' title='bbox 813 977 1082 1067; x_wconf 88' lang='lat' dir='ltr'><strong>Norinbergam,</strong></span> <span class='ocrx_word' id='word_1_70' title='bbox 1135 989 1240 1072; x_wconf 81' lang='lat' dir='ltr'><strong>atque</strong></span> <span class='ocrx_word' id='word_1_71' title='bbox 1262 980 1502 1051; x_wconf 77' lang='lat' dir='ltr'><strong>assiduitatem</strong></span> <span class='ocrx_word' id='word_1_72' title='bbox 1531 1005 1646 1052; x_wconf 88' lang='lat' dir='ltr'><strong>meam</strong></span> <span class='ocrx_word' id='word_1_73' title='bbox 1667 983 1733 1055; x_wconf 90' lang='lat' dir='ltr'><strong>tibi</strong></span> <span class='ocrx_word' id='word_1_74' title='bbox 1766 983 1967 1076; x_wconf 88' lang='lat' dir='ltr'><strong>probarem.</strong></span> <span class='ocrx_word' id='word_1_75' title='bbox 2027 976 2124 1049; x_wconf 86' lang='lat' dir='ltr'><strong>Bene</strong></span> 
     </span>
     <span class='ocr_line' id='line_1_7' title="bbox 96 1079 1225 1172; baseline 0.007 -24"><span class='ocrx_word' id='word_1_76' title='bbox 96 1080 208 1172; x_wconf 90' lang='lat' dir='ltr'><strong>quisi</strong></span> <span class='ocrx_word' id='word_1_77' title='bbox 224 1080 267 1147; x_wconf 93' lang='lat' dir='ltr'><strong>ad</strong></span> <span class='ocrx_word' id='word_1_78' title='bbox 285 1091 318 1149; x_wconf 89' lang='lat' dir='ltr'><strong>te</strong></span> <span class='ocrx_word' id='word_1_79' title='bbox 337 1080 515 1167; x_wconf 82' lang='lat' dir='ltr'><strong>pervenit,</strong></span> <span class='ocrx_word' id='word_1_80' title='bbox 540 1079 642 1148; x_wconf 89' lang='lat' dir='ltr'><strong>facile</strong></span> <span class='ocrx_word' id='word_1_81' title='bbox 656 1100 844 1172; x_wconf 81' lang='lat' dir='ltr'><strong>cognosces</strong></span> <span class='ocrx_word' id='word_1_82' title='bbox 867 1104 924 1150; x_wconf 90' lang='lat' dir='ltr'><strong>me</strong></span> <span class='ocrx_word' id='word_1_83' title='bbox 946 1080 1080 1149; x_wconf 92' lang='lat' dir='ltr'><strong>nnllam</strong></span> <span class='ocrx_word' id='word_1_84' title='bbox 1134 1081 1225 1156; x_wconf 87' lang='lat' dir='ltr'><strong>vale.</strong></span> 
     </span>
    </p>

    <p class='ocr_par' dir='ltr' id='par_1_3' title="bbox 95 1180 1081 1270">
     <span class='ocr_line' id='line_1_8' title="bbox 95 1180 1081 1270; baseline 0.001 -22"><span class='ocrx_word' id='word_1_85' title='bbox 95 1180 274 1248; x_wconf 85' lang='lat' dir='ltr'><strong>scribendi</strong></span> <span class='ocrx_word' id='word_1_86' title='bbox 291 1181 511 1251; x_wconf 86' lang='lat' dir='ltr'><strong>occasionem</strong></span> <span class='ocrx_word' id='word_1_87' title='bbox 531 1181 718 1270; x_wconf 78' lang='lat' dir='ltr'><strong>negligere.</strong></span> <span class='ocrx_word' id='word_1_88' title='bbox 770 1181 852 1252; x_wconf 89' lang='lat' dir='ltr'><strong>Scio</strong></span> <span class='ocrx_word' id='word_1_89' title='bbox 879 1181 973 1250; x_wconf 84' lang='lat' dir='ltr'><strong>enim</strong></span> <span class='ocrx_word' id='word_1_90' title='bbox 999 1183 1081 1249; x_wconf 89' lang='lat' dir='ltr'><strong>nul-</strong></span> 
     </span>
    </p>

    <p class='ocr_par' dir='ltr' id='par_1_4' title="bbox 97 1277 1275 1375">
     <span class='ocr_line' id='line_1_9' title="bbox 97 1277 1275 1375; baseline 0.001 -25"><span class='ocrx_word' id='word_1_91' title='bbox 97 1283 173 1350; x_wconf 92' lang='lat' dir='ltr'><strong>lum</strong></span> <span class='ocrx_word' id='word_1_92' title='bbox 189 1281 345 1351; x_wconf 85' lang='lat' dir='ltr'><strong>officium</strong></span> <span class='ocrx_word' id='word_1_93' title='bbox 361 1277 428 1351; x_wconf 91' lang='lat' dir='ltr'><strong>hoc</strong></span> <span class='ocrx_word' id='word_1_94' title='bbox 441 1281 586 1375; x_wconf 85' lang='lat' dir='ltr'><strong>quidem</strong></span> <span class='ocrx_word' id='word_1_95' title='bbox 606 1297 764 1374; x_wconf 88' lang='lat' dir='ltr'><strong>tempore</strong></span> <span class='ocrx_word' id='word_1_96' title='bbox 786 1282 919 1373; x_wconf 88' lang='lat' dir='ltr'><strong>gratius</strong></span> <span class='ocrx_word' id='word_1_97' title='bbox 941 1307 997 1350; x_wconf 91' lang='lat' dir='ltr'><strong>me</strong></span> <span class='ocrx_word' id='word_1_98' title='bbox 1015 1282 1080 1353; x_wconf 88' lang='lat' dir='ltr'><strong>tibi</strong></span> <span class='ocrx_word' id='word_1_99' title='bbox 1134 1292 1275 1304; x_wconf 78' lang='grc'><em>““““’“</em></span> 
     </span>
    </p>

    <p class='ocr_par' dir='ltr' id='par_1_5' title="bbox 94 1384 1325 1495">
     <span class='ocr_line' id='line_1_10' title="bbox 94 1384 1325 1495; baseline 0.001 -44"><span class='ocrx_word' id='word_1_100' title='bbox 94 1384 209 1452; x_wconf 89' lang='lat' dir='ltr'><strong>facere</strong></span> <span class='ocrx_word' id='word_1_101' title='bbox 224 1407 342 1474; x_wconf 86' lang='lat' dir='ltr'><strong>posse:</strong></span> <span class='ocrx_word' id='word_1_102' title='bbox 370 1408 434 1453; x_wconf 91' lang='lat' dir='ltr'><strong>nec</strong></span> <span class='ocrx_word' id='word_1_103' title='bbox 450 1407 514 1471; x_wconf 90' lang='lat' dir='ltr'><strong>cgo</strong></span> <span class='ocrx_word' id='word_1_104' title='bbox 527 1385 599 1453; x_wconf 93' lang='lat' dir='ltr'><strong>nlla</strong></span> <span class='ocrx_word' id='word_1_105' title='bbox 614 1408 653 1452; x_wconf 92' lang='lat' dir='ltr'><strong>re</strong></span> <span class='ocrx_word' id='word_1_106' title='bbox 669 1385 779 1474; x_wconf 86' lang='lat' dir='ltr'><strong>magis</strong></span> <span class='ocrx_word' id='word_1_107' title='bbox 796 1386 960 1468; x_wconf 88' lang='lat' dir='ltr'><strong>delector,</strong></span> <span class='ocrx_word' id='word_1_108' title='bbox 974 1409 1078 1477; x_wconf 92' lang='lat' dir='ltr'><strong>quam</strong></span> <span class='ocrx_word' id='word_1_109' title='bbox 1131 1419 1199 1494; x_wconf 52' lang='lat' dir='ltr'><strong>No·</strong></span> <span class='ocrx_word' id='word_1_110' title='bbox 1210 1418 1325 1495; x_wconf 46' lang='lat'><strong>7043.</strong></span> 
     </span>
    </p>

    <p class='ocr_par' dir='ltr' id='par_1_6' title="bbox 95 1479 1350 1578">
     <span class='ocr_line' id='line_1_11' title="bbox 95 1479 1350 1578; baseline 0.003 -25"><span class='ocrx_word' id='word_1_111' title='bbox 95 1479 164 1553; x_wconf 88' lang='lat' dir='ltr'><strong>hoc</strong></span> <span class='ocrx_word' id='word_1_112' title='bbox 184 1506 311 1572; x_wconf 82' lang='lat' dir='ltr'><strong>genere</strong></span> <span class='ocrx_word' id='word_1_113' title='bbox 341 1486 588 1575; x_wconf 87' lang='lat' dir='ltr'><strong>epistolarum,</strong></span> <span class='ocrx_word' id='word_1_114' title='bbox 618 1485 658 1553; x_wconf 92' lang='lat' dir='ltr'><strong>in</strong></span> <span class='ocrx_word' id='word_1_115' title='bbox 688 1488 819 1578; x_wconf 91' lang='lat' dir='ltr'><strong>quibus</strong></span> <span class='ocrx_word' id='word_1_116' title='bbox 841 1486 940 1578; x_wconf 85' lang='lat' dir='ltr'><strong>quasi</strong></span> <span class='ocrx_word' id='word_1_117' title='bbox 963 1500 1076 1555; x_wconf 89' lang='lat' dir='ltr'><strong>tecum</strong></span> <span class='ocrx_word' id='word_1_118' title='bbox 1136 1525 1350 1564; x_wconf 55' lang='lat' dir='ltr'><em>w</em></span> 
     </span>
    </p>

    <p class='ocr_par' dir='ltr' id='par_1_7' title="bbox 96 1582 1682 1710">
     <span class='ocr_line' id='line_1_12' title="bbox 96 1582 1682 1710; baseline 0.001 -57"><span class='ocrx_word' id='word_1_119' title='bbox 96 1608 214 1654; x_wconf 93' lang='lat' dir='ltr'><strong>coram</strong></span> <span class='ocrx_word' id='word_1_120' title='bbox 223 1586 345 1654; x_wconf 86' lang='lat' dir='ltr'><strong>videar</strong></span> <span class='ocrx_word' id='word_1_121' title='bbox 359 1587 531 1677; x_wconf 87' lang='lat' dir='ltr'><strong>colloqui:</strong></span> <span class='ocrx_word' id='word_1_122' title='bbox 549 1599 583 1656; x_wconf 90' lang='lat' dir='ltr'><strong>et</strong></span> <span class='ocrx_word' id='word_1_123' title='bbox 598 1587 661 1657; x_wconf 89' lang='lat' dir='ltr'><strong>alit</strong></span> <span class='ocrx_word' id='word_1_124' title='bbox 675 1582 760 1658; x_wconf 92' lang='lat' dir='ltr'><strong>haec</strong></span> <span class='ocrx_word' id='word_1_125' title='bbox 775 1587 978 1657; x_wconf 85' lang='lat' dir='ltr'><strong>exercitatio</strong></span> <span class='ocrx_word' id='word_1_126' title='bbox 992 1587 1079 1656; x_wconf 88' lang='lat' dir='ltr'><strong>scri·</strong></span> <span class='ocrx_word' id='word_1_127' title='bbox 1545 1622 1594 1710; x_wconf 80' lang='grc' dir='ltr'><em>Ν</em></span> <span class='ocrx_word' id='word_1_128' title='bbox 1631 1622 1682 1709; x_wconf 77' lang='grc' dir='ltr'><strong><em>Ν</em></strong></span> 
     </span>
    </p>

    <p class='ocr_par' dir='ltr' id='par_1_8' title="bbox 94 1683 1686 1781">
     <span class='ocr_line' id='line_1_13' title="bbox 94 1683 1686 1781; baseline 0.003 -26"><span class='ocrx_word' id='word_1_129' title='bbox 94 1687 204 1755; x_wconf 86' lang='lat' dir='ltr'><strong>bendi</strong></span> <span class='ocrx_word' id='word_1_130' title='bbox 225 1686 443 1773; x_wconf 78' lang='lat' dir='ltr'><strong>facultatem,</strong></span> <span class='ocrx_word' id='word_1_131' title='bbox 468 1691 511 1757; x_wconf 94' lang='lat' dir='ltr'><strong>de</strong></span> <span class='ocrx_word' id='word_1_132' title='bbox 528 1712 594 1781; x_wconf 89' lang='lat' dir='ltr'><strong>qua</strong></span> <span class='ocrx_word' id='word_1_133' title='bbox 618 1702 657 1759; x_wconf 91' lang='lat' dir='ltr'><strong>tu</strong></span> <span class='ocrx_word' id='word_1_134' title='bbox 673 1690 877 1778; x_wconf 88' lang='lat' dir='ltr'><strong>gravissime</strong></span> <span class='ocrx_word' id='word_1_135' title='bbox 899 1691 1080 1772; x_wconf 86' lang='lat' dir='ltr'><strong>admones,</strong></span> <span class='ocrx_word' id='word_1_136' title='bbox 1535 1696 1539 1704; x_wconf 82' lang='lat'>&#39;</span> <span class='ocrx_word' id='word_1_137' title='bbox 1590 1683 1601 1708; x_wconf 79' lang='lat'>‘</span> <span class='ocrx_word' id='word_1_138' title='bbox 1675 1684 1686 1706; x_wconf 80' lang='lat'>⁸</span> 
     </span>
    </p>

    <p class='ocr_par' dir='ltr' id='par_1_9' title="bbox 94 1777 1564 1883">
     <span class='ocr_line' id='line_1_14' title="bbox 94 1777 1564 1883; baseline -0.001 -27"><span class='ocrx_word' id='word_1_139' title='bbox 94 1801 132 1857; x_wconf 90' lang='lat' dir='ltr'><strong>ut</strong></span> <span class='ocrx_word' id='word_1_140' title='bbox 148 1786 280 1883; x_wconf 79' lang='lat' dir='ltr'><strong>stylum</strong></span> <span class='ocrx_word' id='word_1_141' title='bbox 299 1813 476 1860; x_wconf 87' lang='lat' dir='ltr'><strong>exerceam</strong></span> <span class='ocrx_word' id='word_1_142' title='bbox 490 1789 761 1861; x_wconf 71' lang='lat' dir='ltr'><strong>studiosissime:</strong></span> <span class='ocrx_word' id='word_1_143' title='bbox 776 1815 817 1860; x_wconf 87' lang='lat' dir='ltr'><strong>ac</strong></span> <span class='ocrx_word' id='word_1_144' title='bbox 830 1791 981 1860; x_wconf 93' lang='lat' dir='ltr'><strong>formam</strong></span> <span class='ocrx_word' id='word_1_145' title='bbox 999 1813 1079 1860; x_wconf 91' lang='lat' dir='ltr'><strong>ora·</strong></span> <span class='ocrx_word' id='word_1_146' title='bbox 1237 1777 1338 1834; x_wconf 74' lang='lat' dir='ltr'>M²¹¹ffi</span> <span class='ocrx_word' id='word_1_147' title='bbox 1351 1779 1451 1852; x_wconf 75' lang='lat' dir='ltr'><strong>sarug.</strong></span> <span class='ocrx_word' id='word_1_148' title='bbox 1464 1799 1492 1854; x_wconf 77' lang='lat' dir='ltr'><strong>P·</strong></span> <span class='ocrx_word' id='word_1_149' title='bbox 1504 1781 1564 1839; x_wconf 74' lang='lat'><strong>⁵⁰³·</strong></span> 
     </span>
    </p>

    <p class='ocr_par' dir='ltr' id='par_1_10' title="bbox 92 1889 2120 2386">
     <span class='ocr_line' id='line_1_15' title="bbox 93 1889 1078 1984; baseline -0.001 -24"><span class='ocrx_word' id='word_1_150' title='bbox 93 1889 222 1974; x_wconf 86' lang='lat' dir='ltr'><strong>tionis,</strong></span> <span class='ocrx_word' id='word_1_151' title='bbox 256 1891 300 1959; x_wconf 90' lang='lat' dir='ltr'><strong>ad</strong></span> <span class='ocrx_word' id='word_1_152' title='bbox 329 1916 433 1984; x_wconf 90' lang='lat' dir='ltr'><strong>quam</strong></span> <span class='ocrx_word' id='word_1_153' title='bbox 456 1915 512 1960; x_wconf 88' lang='lat' dir='ltr'><strong>me</strong></span> <span class='ocrx_word' id='word_1_154' title='bbox 535 1906 739 1982; x_wconf 89' lang='lat' dir='ltr'><strong>praeceptor</strong></span> <span class='ocrx_word' id='word_1_155' title='bbox 757 1893 967 1980; x_wconf 85' lang='lat' dir='ltr'><strong>adsuefacit,</strong></span> <span class='ocrx_word' id='word_1_156' title='bbox 993 1891 1078 1962; x_wconf 91' lang='lat' dir='ltr'><strong>reti-</strong></span> 
     </span>
     <span class='ocr_line' id='line_1_16' title="bbox 93 1986 2001 2081; baseline 0.001 -22"><span class='ocrx_word' id='word_1_157' title='bbox 93 2015 211 2066; x_wconf 88' lang='lat' dir='ltr'><strong>neam.</strong></span> <span class='ocrx_word' id='word_1_158' title='bbox 260 1986 338 2081; x_wconf 83' lang='lat' dir='ltr'><strong>Ego</strong></span> <span class='ocrx_word' id='word_1_159' title='bbox 365 2017 450 2061; x_wconf 87' lang='lat' dir='ltr'><strong>vero</strong></span> <span class='ocrx_word' id='word_1_160' title='bbox 481 1993 670 2063; x_wconf 90' lang='lat' dir='ltr'><strong>consilium</strong></span> <span class='ocrx_word' id='word_1_161' title='bbox 693 2007 793 2063; x_wconf 91' lang='lat' dir='ltr'><strong>tuum</strong></span> <span class='ocrx_word' id='word_1_162' title='bbox 819 1993 1080 2073; x_wconf 86' lang='lat' dir='ltr'><strong>suavissimum,</strong></span> <span class='ocrx_word' id='word_1_163' title='bbox 1999 2069 2001 2073; x_wconf 11' lang='grc' dir='ltr'><em>Α</em></span> 
     </span>
     <span class='ocr_line' id='line_1_17' title="bbox 92 2068 2120 2184; baseline -0.001 -25"><span class='ocrx_word' id='word_1_164' title='bbox 92 2104 212 2184; x_wconf 87' lang='lat' dir='ltr'><strong>pater,</strong></span> <span class='ocrx_word' id='word_1_165' title='bbox 238 2116 451 2184; x_wconf 89' lang='lat' dir='ltr'><strong>magnopere</strong></span> <span class='ocrx_word' id='word_1_166' title='bbox 466 2093 591 2183; x_wconf 89' lang='lat' dir='ltr'><strong>probo.</strong></span> <span class='ocrx_word' id='word_1_167' title='bbox 641 2091 749 2162; x_wconf 88' lang='lat' dir='ltr'><strong>Nulla</strong></span> <span class='ocrx_word' id='word_1_168' title='bbox 766 2094 862 2161; x_wconf 90' lang='lat' dir='ltr'><strong>enim</strong></span> <span class='ocrx_word' id='word_1_169' title='bbox 877 2116 934 2161; x_wconf 88' lang='lat' dir='ltr'><strong>res</strong></span> <span class='ocrx_word' id='word_1_170' title='bbox 950 2092 989 2179; x_wconf 69' lang='lat' dir='ltr'><strong>iq</strong></span> <span class='ocrx_word' id='word_1_171' title='bbox 1004 2106 1080 2163; x_wconf 88' lang='lat' dir='ltr'><strong>stu·</strong></span> <span class='ocrx_word' id='word_1_172' title='bbox 1131 2068 1355 2158; x_wconf 72' lang='lat' dir='ltr'><strong>Charissime</strong></span> <span class='ocrx_word' id='word_1_173' title='bbox 1380 2103 1495 2180; x_wconf 90' lang='lat' dir='ltr'><strong>pater:</strong></span> <span class='ocrx_word' id='word_1_174' title='bbox 1546 2085 1595 2161; x_wconf 86' lang='lat' dir='ltr'><strong>Et</strong></span> <span class='ocrx_word' id='word_1_175' title='bbox 1618 2115 1682 2182; x_wconf 88' lang='lat' dir='ltr'><strong>pro</strong></span> <span class='ocrx_word' id='word_1_176' title='bbox 1711 2090 1859 2182; x_wconf 91' lang='lat' dir='ltr'><strong>epistola</strong></span> <span class='ocrx_word' id='word_1_177' title='bbox 1883 2103 1965 2172; x_wconf 88' lang='lat' dir='ltr'><strong>tua,</strong></span> <span class='ocrx_word' id='word_1_178' title='bbox 1995 2101 2028 2158; x_wconf 88' lang='lat' dir='ltr'><strong>et</strong></span> <span class='ocrx_word' id='word_1_179' title='bbox 2054 2110 2120 2179; x_wconf 88' lang='lat' dir='ltr'><strong>pro</strong></span> 
     </span>
     <span class='ocr_line' id='line_1_18' title="bbox 93 2184 2120 2287; baseline -0.003 -25"><span class='ocrx_word' id='word_1_180' title='bbox 93 2192 162 2262; x_wconf 86' lang='lat' dir='ltr'><strong>diis</strong></span> <span class='ocrx_word' id='word_1_181' title='bbox 193 2187 269 2282; x_wconf 85' lang='lat' dir='ltr'><strong>vim</strong></span> <span class='ocrx_word' id='word_1_182' title='bbox 298 2190 405 2263; x_wconf 90' lang='lat' dir='ltr'><strong>habet</strong></span> <span class='ocrx_word' id='word_1_183' title='bbox 437 2193 628 2277; x_wconf 85' lang='lat' dir='ltr'><strong>maiorem,</strong></span> <span class='ocrx_word' id='word_1_184' title='bbox 664 2216 772 2286; x_wconf 90' lang='lat' dir='ltr'><strong>quam</strong></span> <span class='ocrx_word' id='word_1_185' title='bbox 801 2192 929 2287; x_wconf 88' lang='lat' dir='ltr'><strong>stylus:</strong></span> <span class='ocrx_word' id='word_1_186' title='bbox 974 2217 1078 2286; x_wconf 89' lang='lat' dir='ltr'><strong>quem</strong></span> <span class='ocrx_word' id='word_1_187' title='bbox 1132 2187 1259 2257; x_wconf 86' lang='lat' dir='ltr'><strong>viatico</strong></span> <span class='ocrx_word' id='word_1_188' title='bbox 1277 2187 1405 2274; x_wconf 89' lang='lat' dir='ltr'><strong>misso,</strong></span> <span class='ocrx_word' id='word_1_189' title='bbox 1424 2190 1492 2258; x_wconf 90' lang='lat' dir='ltr'><strong>tibi</strong></span> <span class='ocrx_word' id='word_1_190' title='bbox 1509 2191 1727 2280; x_wconf 89' lang='lat' dir='ltr'><strong>gratiasago.</strong></span> <span class='ocrx_word' id='word_1_191' title='bbox 1778 2184 1981 2260; x_wconf 87' lang='lat' dir='ltr'><strong>Novinihil</strong></span> <span class='ocrx_word' id='word_1_192' title='bbox 1998 2188 2120 2257; x_wconf 88' lang='lat' dir='ltr'><strong>audivi</strong></span> 
     </span>
     <span class='ocr_line' id='line_1_19' title="bbox 92 2281 2120 2386; baseline -0.003 -23"><span class='ocrx_word' id='word_1_193' title='bbox 92 2294 273 2386; x_wconf 85' lang='lat' dir='ltr'><strong>praeclare</strong></span> <span class='ocrx_word' id='word_1_194' title='bbox 301 2290 447 2362; x_wconf 87' lang='lat' dir='ltr'><strong>Crassus</strong></span> <span class='ocrx_word' id='word_1_195' title='bbox 482 2295 575 2385; x_wconf 89' lang='lat' dir='ltr'><strong>apud</strong></span> <span class='ocrx_word' id='word_1_196' title='bbox 609 2291 817 2364; x_wconf 87' lang='lat' dir='ltr'><strong>Ciceronem</strong></span> <span class='ocrx_word' id='word_1_197' title='bbox 852 2306 954 2365; x_wconf 90' lang='lat' dir='ltr'><strong>vocat</strong></span> <span class='ocrx_word' id='word_1_198' title='bbox 987 2294 1080 2385; x_wconf 86' lang='lat' dir='ltr'><strong>opti·</strong></span> <span class='ocrx_word' id='word_1_199' title='bbox 1132 2281 1355 2375; x_wconf 89' lang='lat' dir='ltr'><strong>hisdiebus,</strong></span> <span class='ocrx_word' id='word_1_200' title='bbox 1389 2290 1485 2382; x_wconf 92' lang='lat' dir='ltr'><strong>quod</strong></span> <span class='ocrx_word' id='word_1_201' title='bbox 1511 2291 1660 2379; x_wconf 91' lang='lat' dir='ltr'><strong>dignum</strong></span> <span class='ocrx_word' id='word_1_202' title='bbox 1683 2290 1796 2362; x_wconf 87' lang='lat' dir='ltr'><strong>literis</strong></span> <span class='ocrx_word' id='word_1_203' title='bbox 1821 2290 2017 2359; x_wconf 89' lang='lat' dir='ltr'><strong>videretur:</strong></span> <span class='ocrx_word' id='word_1_204' title='bbox 2049 2289 2120 2358; x_wconf 88' lang='lat' dir='ltr'><strong>nisi</strong></span> 
     </span>
    </p>
   </div>
   <div class='ocr_carea' id='block_1_3' title="bbox 93 2383 2118 2586">
    <p class='ocr_par' dir='ltr' id='par_1_11' title="bbox 93 2383 2118 2586">
     <span class='ocr_line' id='line_1_20' title="bbox 93 2383 2117 2485; baseline -0.002 -21"><span class='ocrx_word' id='word_1_205' title='bbox 93 2420 191 2467; x_wconf 72' lang='lat' dir='ltr'><strong>nrum</strong></span> <span class='ocrx_word' id='word_1_206' title='bbox 206 2395 352 2464; x_wconf 89' lang='lat' dir='ltr'><strong>dicendi</strong></span> <span class='ocrx_word' id='word_1_207' title='bbox 370 2394 573 2464; x_wconf 84' lang='lat' dir='ltr'><strong>effectorem</strong></span> <span class='ocrx_word' id='word_1_208' title='bbox 588 2418 627 2464; x_wconf 94' lang='lat' dir='ltr'><strong>ac</strong></span> <span class='ocrx_word' id='word_1_209' title='bbox 641 2394 860 2485; x_wconf 88' lang='lat' dir='ltr'><strong>magistrum.</strong></span> <span class='ocrx_word' id='word_1_210' title='bbox 1130 2390 1227 2480; x_wconf 92' lang='lat' dir='ltr'><strong>quod</strong></span> <span class='ocrx_word' id='word_1_211' title='bbox 1258 2383 1469 2483; x_wconf 79' lang='lat' dir='ltr'><strong>Dryander</strong></span> <span class='ocrx_word' id='word_1_212' title='bbox 1499 2391 1643 2482; x_wconf 83' lang='lat' dir='ltr'><strong>scribit,</strong></span> <span class='ocrx_word' id='word_1_213' title='bbox 1683 2415 1720 2461; x_wconf 88' lang='lat' dir='ltr'><strong>se</strong></span> <span class='ocrx_word' id='word_1_214' title='bbox 1752 2413 1874 2461; x_wconf 88' lang='lat' dir='ltr'><strong>recens</strong></span> <span class='ocrx_word' id='word_1_215' title='bbox 1908 2389 2117 2480; x_wconf 87' lang='lat' dir='ltr'><strong>Moguntiae</strong></span> 
     </span>
     <span class='ocr_line' id='line_1_21' title="bbox 457 2486 2118 2586; baseline 0.002 -31"><span class='ocrx_word' id='word_1_216' title='bbox 457 2486 460 2493; x_wconf 82' lang='grc'><strong>’</strong></span> <span class='ocrx_word' id='word_1_217' title='bbox 1130 2492 1225 2580; x_wconf 91' lang='lat' dir='ltr'><strong>apud</strong></span> <span class='ocrx_word' id='word_1_218' title='bbox 1245 2486 1462 2583; x_wconf 82' lang='lat' dir='ltr'><strong>Episcopum</strong></span> <span class='ocrx_word' id='word_1_219' title='bbox 1475 2491 1600 2562; x_wconf 89' lang='lat' dir='ltr'><strong>fuisse:</strong></span> <span class='ocrx_word' id='word_1_220' title='bbox 1627 2517 1732 2586; x_wconf 89' lang='lat' dir='ltr'><strong>quem</strong></span> <span class='ocrx_word' id='word_1_221' title='bbox 1754 2504 1875 2564; x_wconf 89' lang='lat' dir='ltr'><strong>narrat</strong></span> <span class='ocrx_word' id='word_1_222' title='bbox 1889 2489 2118 2564; x_wconf 80' lang='lat' dir='ltr'><strong>Academiam</strong></span> 
     </span>
    </p>
   </div>
   <div class='ocr_carea' id='block_1_4' title="bbox 1127 2589 2118 3579">
    <p class='ocr_par' dir='ltr' id='par_1_12' title="bbox 1127 2589 2118 3579">
     <span class='ocr_line' id='line_1_22' title="bbox 1131 2589 2117 2687; baseline 0.002 -28"><span class='ocrx_word' id='word_1_223' title='bbox 1131 2603 1289 2660; x_wconf 84' lang='lat' dir='ltr'><strong>nostram</strong></span> <span class='ocrx_word' id='word_1_224' title='bbox 1304 2592 1485 2678; x_wconf 88' lang='lat' dir='ltr'><strong>laudasse,</strong></span> <span class='ocrx_word' id='word_1_225' title='bbox 1509 2593 1572 2687; x_wconf 91' lang='lat' dir='ltr'><strong>qui</strong></span> <span class='ocrx_word' id='word_1_226' title='bbox 1587 2589 1756 2664; x_wconf 87' lang='lat' dir='ltr'><strong>Ecclesiis</strong></span> <span class='ocrx_word' id='word_1_227' title='bbox 1781 2609 1965 2666; x_wconf 86' lang='lat' dir='ltr'><strong>conservat</strong></span> <span class='ocrx_word' id='word_1_228' title='bbox 1986 2594 2117 2665; x_wconf 87' lang='lat' dir='ltr'><strong>studia:</strong></span> 
     </span>
     <span class='ocr_line' id='line_1_23' title="bbox 1130 2690 2115 2791; baseline 0.002 -30"><span class='ocrx_word' id='word_1_229' title='bbox 1130 2714 1169 2761; x_wconf 87' lang='lat' dir='ltr'><strong>ac</strong></span> <span class='ocrx_word' id='word_1_230' title='bbox 1185 2693 1394 2764; x_wconf 86' lang='lat' dir='ltr'><strong>detestatum</strong></span> <span class='ocrx_word' id='word_1_231' title='bbox 1417 2717 1491 2765; x_wconf 84' lang='lat' dir='ltr'><strong>esse</strong></span> <span class='ocrx_word' id='word_1_232' title='bbox 1511 2696 1762 2787; x_wconf 88' lang='lat' dir='ltr'><strong>negligentiam</strong></span> <span class='ocrx_word' id='word_1_233' title='bbox 1784 2698 2008 2791; x_wconf 87' lang='lat' dir='ltr'><strong>quorundam</strong></span> <span class='ocrx_word' id='word_1_234' title='bbox 2025 2690 2115 2786; x_wconf 82' lang='lat' dir='ltr'><strong>Epi·</strong></span> 
     </span>
     <span class='ocr_line' id='line_1_24' title="bbox 1129 2791 2115 2886; baseline 0.004 -24"><span class='ocrx_word' id='word_1_235' title='bbox 1129 2816 1316 2885; x_wconf 85' lang='lat' dir='ltr'><strong>scaporum</strong></span> <span class='ocrx_word' id='word_1_236' title='bbox 1338 2795 1376 2864; x_wconf 91' lang='lat' dir='ltr'><strong>in</strong></span> <span class='ocrx_word' id='word_1_237' title='bbox 1400 2791 1530 2866; x_wconf 88' lang='lat' dir='ltr'><strong>scholis</strong></span> <span class='ocrx_word' id='word_1_238' title='bbox 1552 2799 1713 2882; x_wconf 87' lang='lat' dir='ltr'><strong>tuendis,</strong></span> <span class='ocrx_word' id='word_1_239' title='bbox 1737 2822 1777 2867; x_wconf 92' lang='lat' dir='ltr'><strong>ac</strong></span> <span class='ocrx_word' id='word_1_240' title='bbox 1798 2799 1946 2882; x_wconf 84' lang='lat' dir='ltr'><strong>dixisse,</strong></span> <span class='ocrx_word' id='word_1_241' title='bbox 1969 2818 2115 2886; x_wconf 89' lang='lat' dir='ltr'><strong>magnas</strong></span> 
     </span>
     <span class='ocr_line' id='line_1_25' title="bbox 1130 2891 2118 2991; baseline 0.004 -28"><span class='ocrx_word' id='word_1_242' title='bbox 1130 2906 1163 2963; x_wconf 90' lang='lat' dir='ltr'><strong>ct</strong></span> <span class='ocrx_word' id='word_1_243' title='bbox 1187 2891 1359 2966; x_wconf 84' lang='lat' dir='ltr'><strong>Ethuicas</strong></span> <span class='ocrx_word' id='word_1_244' title='bbox 1388 2900 1552 2968; x_wconf 87' lang='lat' dir='ltr'><strong>tenebras</strong></span> <span class='ocrx_word' id='word_1_245' title='bbox 1579 2898 1619 2967; x_wconf 91' lang='lat' dir='ltr'><strong>in</strong></span> <span class='ocrx_word' id='word_1_246' title='bbox 1640 2896 1897 2991; x_wconf 81' lang='lat' dir='ltr'><strong>Episcoporum</strong></span> <span class='ocrx_word' id='word_1_247' title='bbox 1919 2899 2118 2968; x_wconf 88' lang='lat' dir='ltr'><strong>ditionibus</strong></span> 
     </span>
     <span class='ocr_line' id='line_1_26' title="bbox 1129 2998 2117 3081; baseline 0.002 -16"><span class='ocrx_word' id='word_1_248' title='bbox 1129 3021 1170 3065; x_wconf 93' lang='lat' dir='ltr'><strong>ex</strong></span> <span class='ocrx_word' id='word_1_249' title='bbox 1194 3021 1233 3067; x_wconf 85' lang='lat' dir='ltr'><strong>ea</strong></span> <span class='ocrx_word' id='word_1_250' title='bbox 1250 2999 1389 3069; x_wconf 89' lang='lat' dir='ltr'><strong>inscitia</strong></span> <span class='ocrx_word' id='word_1_251' title='bbox 1406 3013 1584 3070; x_wconf 87' lang='lat' dir='ltr'><strong>secuturas</strong></span> <span class='ocrx_word' id='word_1_252' title='bbox 1601 3025 1685 3071; x_wconf 85' lang='lat' dir='ltr'><strong>esse.</strong></span> <span class='ocrx_word' id='word_1_253' title='bbox 1735 2998 1838 3071; x_wconf 89' lang='lat' dir='ltr'><strong>Hanc</strong></span> <span class='ocrx_word' id='word_1_254' title='bbox 1861 3001 2117 3081; x_wconf 88' lang='lat' dir='ltr'><strong>narrationem,</strong></span> 
     </span>
     <span class='ocr_line' id='line_1_27' title="bbox 1129 3098 2115 3191; baseline 0.004 -25"><span class='ocrx_word' id='word_1_255' title='bbox 1129 3098 1212 3191; x_wconf 90' lang='lat' dir='ltr'><strong>quia</strong></span> <span class='ocrx_word' id='word_1_256' title='bbox 1236 3100 1304 3191; x_wconf 83' lang='lat' dir='ltr'><strong>tibi</strong></span> <span class='ocrx_word' id='word_1_257' title='bbox 1325 3125 1399 3170; x_wconf 88' lang='lat' dir='ltr'><strong>non</strong></span> <span class='ocrx_word' id='word_1_258' title='bbox 1424 3100 1655 3173; x_wconf 88' lang='lat' dir='ltr'><strong>iniucundam</strong></span> <span class='ocrx_word' id='word_1_259' title='bbox 1680 3104 1755 3173; x_wconf 87' lang='lat' dir='ltr'><strong>fore</strong></span> <span class='ocrx_word' id='word_1_260' title='bbox 1779 3102 1995 3183; x_wconf 88' lang='lat' dir='ltr'><strong>arbitrabar,</strong></span> <span class='ocrx_word' id='word_1_261' title='bbox 2028 3103 2115 3171; x_wconf 91' lang='lat' dir='ltr'><strong>scri-</strong></span> 
     </span>
     <span class='ocr_line' id='line_1_28' title="bbox 1128 3200 2116 3298; baseline 0.005 -31"><span class='ocrx_word' id='word_1_262' title='bbox 1128 3200 1283 3269; x_wconf 90' lang='lat' dir='ltr'><strong>bendam</strong></span> <span class='ocrx_word' id='word_1_263' title='bbox 1300 3225 1374 3273; x_wconf 87' lang='lat' dir='ltr'><strong>esse</strong></span> <span class='ocrx_word' id='word_1_264' title='bbox 1390 3205 1487 3275; x_wconf 85' lang='lat' dir='ltr'><strong>duxi.</strong></span> <span class='ocrx_word' id='word_1_265' title='bbox 1537 3201 1586 3274; x_wconf 87' lang='lat' dir='ltr'><strong>Et</strong></span> <span class='ocrx_word' id='word_1_266' title='bbox 1607 3219 1789 3276; x_wconf 90' lang='lat' dir='ltr'><strong>aeternum</strong></span> <span class='ocrx_word' id='word_1_267' title='bbox 1815 3217 1951 3298; x_wconf 87' lang='lat' dir='ltr'><strong>patrem</strong></span> <span class='ocrx_word' id='word_1_268' title='bbox 1966 3201 2116 3274; x_wconf 90' lang='lat' dir='ltr'><strong>Domini</strong></span> 
     </span>
     <span class='ocr_line' id='line_1_29' title="bbox 1128 3300 2115 3397; baseline 0.004 -28"><span class='ocrx_word' id='word_1_269' title='bbox 1128 3303 1244 3372; x_wconf 86' lang='lat' dir='ltr'><strong>nostri</strong></span> <span class='ocrx_word' id='word_1_270' title='bbox 1262 3300 1340 3374; x_wconf 91' lang='lat' dir='ltr'><strong>lesu</strong></span> <span class='ocrx_word' id='word_1_271' title='bbox 1358 3300 1494 3378; x_wconf 88' lang='lat' dir='ltr'><strong>Christi</strong></span> <span class='ocrx_word' id='word_1_272' title='bbox 1512 3307 1648 3376; x_wconf 88' lang='lat' dir='ltr'><strong>fontem</strong></span> <span class='ocrx_word' id='word_1_273' title='bbox 1664 3303 1856 3397; x_wconf 82' lang='lat' dir='ltr'><strong>sapientiae</strong></span> <span class='ocrx_word' id='word_1_274' title='bbox 1869 3331 1955 3388; x_wconf 90' lang='lat' dir='ltr'><strong>oro,</strong></span> <span class='ocrx_word' id='word_1_275' title='bbox 1981 3319 2021 3375; x_wconf 91' lang='lat' dir='ltr'><strong>ut</strong></span> <span class='ocrx_word' id='word_1_276' title='bbox 2038 3328 2115 3374; x_wconf 88' lang='lat' dir='ltr'><strong>mea</strong></span> 
     </span>
     <span class='ocr_line' id='line_1_30' title="bbox 1127 3404 2113 3499; baseline 0.003 -27"><span class='ocrx_word' id='word_1_277' title='bbox 1127 3417 1163 3473; x_wconf 88' lang='lat' dir='ltr'><strong>et</strong></span> <span class='ocrx_word' id='word_1_278' title='bbox 1178 3404 1323 3493; x_wconf 86' lang='lat' dir='ltr'><strong>publica</strong></span> <span class='ocrx_word' id='word_1_279' title='bbox 1332 3409 1448 3477; x_wconf 85' lang='lat' dir='ltr'><strong>studia</strong></span> <span class='ocrx_word' id='word_1_280' title='bbox 1465 3423 1578 3499; x_wconf 90' lang='lat' dir='ltr'><strong>regat:</strong></span> <span class='ocrx_word' id='word_1_281' title='bbox 1606 3425 1639 3479; x_wconf 86' lang='lat' dir='ltr'><strong>et</strong></span> <span class='ocrx_word' id='word_1_282' title='bbox 1655 3421 1706 3493; x_wconf 88' lang='lat' dir='ltr'><strong>te,</strong></span> <span class='ocrx_word' id='word_1_283' title='bbox 1723 3409 1936 3479; x_wconf 83' lang='lat' dir='ltr'><strong>carissimam</strong></span> <span class='ocrx_word' id='word_1_284' title='bbox 1952 3420 2113 3499; x_wconf 80' lang='lat' dir='ltr'><strong>matrem,</strong></span> 
     </span>
     <span class='ocr_line' id='line_1_31' title="bbox 1127 3506 2113 3579; baseline 0.007 -8"><span class='ocrx_word' id='word_1_285' title='bbox 1127 3518 1162 3573; x_wconf 79' lang='lat' dir='ltr'><strong>et</strong></span> <span class='ocrx_word' id='word_1_286' title='bbox 1173 3506 1393 3574; x_wconf 87' lang='lat' dir='ltr'><strong>dulcissimos</strong></span> <span class='ocrx_word' id='word_1_287' title='bbox 1408 3509 1534 3577; x_wconf 89' lang='lat' dir='ltr'><strong>fratres</strong></span> <span class='ocrx_word' id='word_1_288' title='bbox 1553 3523 1586 3578; x_wconf 89' lang='lat' dir='ltr'><strong>et</strong></span> <span class='ocrx_word' id='word_1_289' title='bbox 1601 3533 1757 3577; x_wconf 84' lang='lat' dir='ltr'><strong>sororem</strong></span> <span class='ocrx_word' id='word_1_290' title='bbox 1778 3523 1893 3579; x_wconf 88' lang='lat' dir='ltr'><strong>servet</strong></span> <span class='ocrx_word' id='word_1_291' title='bbox 1906 3509 2113 3578; x_wconf 86' lang='lat' dir='ltr'><strong>incolumes.</strong></span> 
     </span>
    </p>
   </div>
   <div class='ocr_carea' id='block_1_5' title="bbox 1078 3598 1851 3682">
    <p class='ocr_par' dir='ltr' id='par_1_13' title="bbox 1078 3598 1851 3682">
     <span class='ocr_line' id='line_1_32' title="bbox 1078 3598 1851 3682; baseline 0.01 -12"><span class='ocrx_word' id='word_1_292' title='bbox 1078 3598 1081 3603; x_wconf 48' lang='grc'>“</span> <span class='ocrx_word' id='word_1_293' title='bbox 1127 3600 1225 3671; x_wconf 82' lang='lat' dir='ltr'><strong>Bene</strong></span> <span class='ocrx_word' id='word_1_294' title='bbox 1240 3616 1276 3674; x_wconf 89' lang='lat' dir='ltr'><strong>et</strong></span> <span class='ocrx_word' id='word_1_295' title='bbox 1287 3605 1435 3674; x_wconf 84' lang='lat' dir='ltr'><strong>feliciter</strong></span> <span class='ocrx_word' id='word_1_296' title='bbox 1450 3610 1539 3678; x_wconf 90' lang='lat' dir='ltr'><strong>vale.</strong></span> <span class='ocrx_word' id='word_1_297' title='bbox 1591 3606 1660 3676; x_wconf 90' lang='lat' dir='ltr'><strong>Die</strong></span> <span class='ocrx_word' id='word_1_298' title='bbox 1673 3610 1735 3682; x_wconf 80' lang='lat'><strong>22.</strong></span> <span class='ocrx_word' id='word_1_299' title='bbox 1748 3608 1851 3678; x_wconf 87' lang='lat' dir='ltr'><strong>Maii.</strong></span> 
     </span>
    </p>
   </div>
   <div class='ocr_carea' id='block_1_6' title="bbox 1303 1933 1942 2019">
    <p class='ocr_par' dir='ltr' id='par_1_14' title="bbox 1303 1933 1942 2019">
     <span class='ocr_line' id='line_1_33' title="bbox 1303 1933 1942 2019; baseline 0.013 -10"><span class='ocrx_word' id='word_1_300' title='bbox 1303 1933 1417 2012; x_wconf 83' lang='lat' dir='ltr'><strong>Patri</strong></span> <span class='ocrx_word' id='word_1_301' title='bbox 1438 1965 1506 2016; x_wconf 81' lang='lat' dir='ltr'><strong>suo</strong></span> <span class='ocrx_word' id='word_1_302' title='bbox 1527 1938 1723 2014; x_wconf 79' lang='lat' dir='ltr'><strong>carissimo</strong></span> <span class='ocrx_word' id='word_1_303' title='bbox 1744 1937 1798 2019; x_wconf 85' lang='lat' dir='ltr'><strong>N.</strong></span> <span class='ocrx_word' id='word_1_304' title='bbox 1838 1941 1876 2019; x_wconf 93' lang='lat' dir='ltr'><strong>S.</strong></span> <span class='ocrx_word' id='word_1_305' title='bbox 1895 1938 1942 2017; x_wconf 87' lang='lat' dir='ltr'><strong>D.</strong></span> 
     </span>
    </p>
   </div>
   <div class='ocr_carea' id='block_1_7' title="bbox 88 2527 1080 3611">
    <p class='ocr_par' dir='ltr' id='par_1_15' title="bbox 88 2527 1080 3611">
     <span class='ocr_line' id='line_1_34' title="bbox 194 2527 1078 2622; baseline 0.001 -25"><span class='ocrx_word' id='word_1_306' title='bbox 194 2527 249 2598; x_wconf 90' lang='lat' dir='ltr'><strong>De</strong></span> <span class='ocrx_word' id='word_1_307' title='bbox 262 2550 389 2618; x_wconf 85' lang='lat' dir='ltr'><strong>genere</strong></span> <span class='ocrx_word' id='word_1_308' title='bbox 403 2540 520 2598; x_wconf 89' lang='lat' dir='ltr'><strong>autem</strong></span> <span class='ocrx_word' id='word_1_309' title='bbox 538 2527 711 2597; x_wconf 86' lang='lat' dir='ltr'><strong>orationis</strong></span> <span class='ocrx_word' id='word_1_310' title='bbox 727 2528 776 2598; x_wconf 90' lang='lat' dir='ltr'><strong>ita</strong></span> <span class='ocrx_word' id='word_1_311' title='bbox 790 2539 929 2610; x_wconf 88' lang='lat' dir='ltr'><strong>statuo,</strong></span> <span class='ocrx_word' id='word_1_312' title='bbox 954 2530 1078 2622; x_wconf 88' lang='lat' dir='ltr'><strong>procul</strong></span> 
     </span>
     <span class='ocr_line' id='line_1_35' title="bbox 89 2624 1080 2723; baseline 0.004 -24"><span class='ocrx_word' id='word_1_313' title='bbox 89 2624 214 2699; x_wconf 79' lang='lat' dir='ltr'><strong>adhuc</strong></span> <span class='ocrx_word' id='word_1_314' title='bbox 235 2651 288 2696; x_wconf 85' lang='lat' dir='ltr'><strong>me</strong></span> <span class='ocrx_word' id='word_1_315' title='bbox 309 2631 354 2699; x_wconf 91' lang='lat' dir='ltr'><strong>ab</strong></span> <span class='ocrx_word' id='word_1_316' title='bbox 378 2652 417 2698; x_wconf 94' lang='lat' dir='ltr'><strong>ea</strong></span> <span class='ocrx_word' id='word_1_317' title='bbox 438 2629 554 2698; x_wconf 90' lang='lat' dir='ltr'><strong>forma</strong></span> <span class='ocrx_word' id='word_1_318' title='bbox 568 2630 709 2714; x_wconf 83' lang='lat' dir='ltr'><strong>abesse,</strong></span> <span class='ocrx_word' id='word_1_319' title='bbox 735 2655 840 2723; x_wconf 90' lang='lat' dir='ltr'><strong>quam</strong></span> <span class='ocrx_word' id='word_1_320' title='bbox 857 2647 1017 2722; x_wconf 89' lang='lat' dir='ltr'><strong>expecto:</strong></span> <span class='ocrx_word' id='word_1_321' title='bbox 1045 2645 1080 2703; x_wconf 89' lang='lat' dir='ltr'><strong>et</strong></span> 
     </span>
     <span class='ocr_line' id='line_1_36' title="bbox 91 2731 1078 2822; baseline 0.001 -20"><span class='ocrx_word' id='word_1_322' title='bbox 91 2733 138 2802; x_wconf 89' lang='lat' dir='ltr'><strong>ad</strong></span> <span class='ocrx_word' id='word_1_323' title='bbox 165 2750 269 2822; x_wconf 83' lang='lat' dir='ltr'><strong>quam</strong></span> <span class='ocrx_word' id='word_1_324' title='bbox 294 2731 549 2820; x_wconf 88' lang='lat' dir='ltr'><strong>effingendam,</strong></span> <span class='ocrx_word' id='word_1_325' title='bbox 574 2731 746 2801; x_wconf 88' lang='lat' dir='ltr'><strong>acerrimo</strong></span> <span class='ocrx_word' id='word_1_326' title='bbox 769 2733 907 2814; x_wconf 87' lang='lat' dir='ltr'><strong>studio,</strong></span> <span class='ocrx_word' id='word_1_327' title='bbox 941 2756 1078 2803; x_wconf 85' lang='lat' dir='ltr'><strong>summa</strong></span> 
     </span>
     <span class='ocr_line' id='line_1_37' title="bbox 92 2831 1078 2926; baseline 0.003 -25"><span class='ocrx_word' id='word_1_328' title='bbox 92 2854 194 2916; x_wconf 88' lang='lat' dir='ltr'><strong>cura,</strong></span> <span class='ocrx_word' id='word_1_329' title='bbox 219 2832 372 2924; x_wconf 89' lang='lat' dir='ltr'><strong>denique</strong></span> <span class='ocrx_word' id='word_1_330' title='bbox 388 2831 555 2901; x_wconf 86' lang='lat' dir='ltr'><strong>omuibus</strong></span> <span class='ocrx_word' id='word_1_331' title='bbox 575 2833 686 2901; x_wconf 86' lang='lat' dir='ltr'><strong>animi</strong></span> <span class='ocrx_word' id='word_1_332' title='bbox 709 2844 814 2926; x_wconf 87' lang='lat' dir='ltr'><strong>atque</strong></span> <span class='ocrx_word' id='word_1_333' title='bbox 836 2834 969 2924; x_wconf 89' lang='lat' dir='ltr'><strong>ingenii</strong></span> <span class='ocrx_word' id='word_1_334' title='bbox 991 2835 1078 2904; x_wconf 89' lang='lat' dir='ltr'><strong>viri-</strong></span> 
     </span>
     <span class='ocr_line' id='line_1_38' title="bbox 88 2928 1076 3027; baseline 0.005 -25"><span class='ocrx_word' id='word_1_335' title='bbox 88 2935 156 3011; x_wconf 85' lang='lat' dir='ltr'><strong>bus</strong></span> <span class='ocrx_word' id='word_1_336' title='bbox 172 2933 379 3002; x_wconf 90' lang='lat' dir='ltr'><strong>enitendum</strong></span> <span class='ocrx_word' id='word_1_337' title='bbox 396 2928 487 3001; x_wconf 91' lang='lat' dir='ltr'><strong>mihi</strong></span> <span class='ocrx_word' id='word_1_338' title='bbox 503 2954 576 3003; x_wconf 82' lang='lat' dir='ltr'><strong>esse</strong></span> <span class='ocrx_word' id='word_1_339' title='bbox 591 2934 764 3025; x_wconf 88' lang='lat' dir='ltr'><strong>intelligo.</strong></span> <span class='ocrx_word' id='word_1_340' title='bbox 789 2931 838 3007; x_wconf 86' lang='lat' dir='ltr'><strong>Et</strong></span> <span class='ocrx_word' id='word_1_341' title='bbox 854 2937 1076 3027; x_wconf 87' lang='lat' dir='ltr'><strong>contigerunt</strong></span> 
     </span>
     <span class='ocr_line' id='line_1_39' title="bbox 90 3029 1076 3119; baseline 0.003 -15"><span class='ocrx_word' id='word_1_342' title='bbox 90 3029 179 3104; x_wconf 92' lang='lat' dir='ltr'><strong>mihi</strong></span> <span class='ocrx_word' id='word_1_343' title='bbox 200 3032 269 3104; x_wconf 86' lang='lat' dir='ltr'><strong>Dei</strong></span> <span class='ocrx_word' id='word_1_344' title='bbox 292 3034 462 3103; x_wconf 87' lang='lat' dir='ltr'><strong>beneficio</strong></span> <span class='ocrx_word' id='word_1_345' title='bbox 486 3035 532 3103; x_wconf 90' lang='lat' dir='ltr'><strong>ad</strong></span> <span class='ocrx_word' id='word_1_346' title='bbox 558 3029 659 3119; x_wconf 50' lang='lat' dir='ltr'><strong>hanc,</strong></span> <span class='ocrx_word' id='word_1_347' title='bbox 678 3037 877 3107; x_wconf 87' lang='lat' dir='ltr'><strong>studiorum</strong></span> <span class='ocrx_word' id='word_1_348' title='bbox 902 3038 1076 3109; x_wconf 89' lang='lat' dir='ltr'><strong>rationem</strong></span> 
     </span>
     <span class='ocr_line' id='line_1_40' title="bbox 90 3132 1077 3230; baseline 0.002 -25"><span class='ocrx_word' id='word_1_349' title='bbox 90 3136 197 3205; x_wconf 89' lang='lat' dir='ltr'><strong>duces</strong></span> <span class='ocrx_word' id='word_1_350' title='bbox 217 3136 430 3226; x_wconf 81' lang='lat' dir='ltr'><strong>probabiles.</strong></span> <span class='ocrx_word' id='word_1_351' title='bbox 490 3132 611 3222; x_wconf 84' lang='lat' dir='ltr'><strong>Quare</strong></span> <span class='ocrx_word' id='word_1_352' title='bbox 631 3136 697 3207; x_wconf 91' lang='lat' dir='ltr'><strong>tibi</strong></span> <span class='ocrx_word' id='word_1_353' title='bbox 719 3138 852 3228; x_wconf 89' lang='lat' dir='ltr'><strong>optima</strong></span> <span class='ocrx_word' id='word_1_354' title='bbox 875 3140 946 3209; x_wconf 87' lang='lat' dir='ltr'><strong>fide</strong></span> <span class='ocrx_word' id='word_1_355' title='bbox 969 3140 1077 3230; x_wconf 92' lang='lat' dir='ltr'><strong>polli-</strong></span> 
     </span>
     <span class='ocr_line' id='line_1_41' title="bbox 93 3235 1073 3328; baseline 0.002 -23"><span class='ocrx_word' id='word_1_356' title='bbox 93 3260 191 3317; x_wconf 88' lang='lat' dir='ltr'><strong>ceor,</strong></span> <span class='ocrx_word' id='word_1_357' title='bbox 230 3260 287 3305; x_wconf 91' lang='lat' dir='ltr'><strong>me</strong></span> <span class='ocrx_word' id='word_1_358' title='bbox 319 3260 464 3328; x_wconf 88' lang='lat' dir='ltr'><strong>operam</strong></span> <span class='ocrx_word' id='word_1_359' title='bbox 499 3239 684 3324; x_wconf 89' lang='lat' dir='ltr'><strong>daturum,</strong></span> <span class='ocrx_word' id='word_1_360' title='bbox 715 3264 759 3308; x_wconf 89' lang='lat' dir='ltr'><strong>ne</strong></span> <span class='ocrx_word' id='word_1_361' title='bbox 788 3235 1073 3313; x_wconf 85' lang='lat' dir='ltr'><strong>adhortationem</strong></span> 
     </span>
     <span class='ocr_line' id='line_1_42' title="bbox 90 3338 1074 3431; baseline 0.003 -23"><span class='ocrx_word' id='word_1_362' title='bbox 90 3351 188 3408; x_wconf 87' lang='lat' dir='ltr'><strong>tuam</strong></span> <span class='ocrx_word' id='word_1_363' title='bbox 209 3352 271 3408; x_wconf 89' lang='lat' dir='ltr'><strong>aut</strong></span> <span class='ocrx_word' id='word_1_364' title='bbox 294 3338 436 3408; x_wconf 92' lang='lat' dir='ltr'><strong>illorum</strong></span> <span class='ocrx_word' id='word_1_365' title='bbox 462 3353 642 3429; x_wconf 88' lang='lat' dir='ltr'><strong>praecepta</strong></span> <span class='ocrx_word' id='word_1_366' title='bbox 672 3342 941 3431; x_wconf 86' lang='lat' dir='ltr'><strong>contempsisse,</strong></span> <span class='ocrx_word' id='word_1_367' title='bbox 976 3358 1009 3414; x_wconf 92' lang='lat' dir='ltr'><strong>et</strong></span> <span class='ocrx_word' id='word_1_368' title='bbox 1036 3345 1074 3412; x_wconf 92' lang='lat' dir='ltr'><strong>in</strong></span> 
     </span>
     <span class='ocr_line' id='line_1_43' title="bbox 90 3437 1074 3517; baseline 0.009 -10"><span class='ocrx_word' id='word_1_369' title='bbox 90 3451 185 3507; x_wconf 87' lang='lat' dir='ltr'><strong>tauta</strong></span> <span class='ocrx_word' id='word_1_370' title='bbox 218 3440 401 3510; x_wconf 88' lang='lat' dir='ltr'><strong>occasione</strong></span> <span class='ocrx_word' id='word_1_371' title='bbox 435 3440 594 3508; x_wconf 89' lang='lat' dir='ltr'><strong>discendi</strong></span> <span class='ocrx_word' id='word_1_372' title='bbox 629 3437 717 3510; x_wconf 91' lang='lat' dir='ltr'><strong>mihi</strong></span> <span class='ocrx_word' id='word_1_373' title='bbox 751 3443 903 3514; x_wconf 87' lang='lat' dir='ltr'><strong>defuisse</strong></span> <span class='ocrx_word' id='word_1_374' title='bbox 941 3445 1074 3517; x_wconf 88' lang='lat' dir='ltr'><strong>videar.</strong></span> 
     </span>
     <span class='ocr_line' id='line_1_44' title="bbox 90 3537 295 3611; baseline 0.005 -3"><span class='ocrx_word' id='word_1_375' title='bbox 90 3537 187 3609; x_wconf 89' lang='lat' dir='ltr'><strong>Bene</strong></span> <span class='ocrx_word' id='word_1_376' title='bbox 206 3541 295 3611; x_wconf 84' lang='lat' dir='ltr'><strong>vale.</strong></span> 
     </span>
    </p>
   </div>
   <div class='ocr_carea' id='block_1_8' title="bbox 89 3773 423 3791">
    <p class='ocr_par' dir='ltr' id='par_1_16' title="bbox 89 3773 423 3791">
     <span class='ocr_line' id='line_1_45' title="bbox 89 3773 423 3791; baseline 0.009 -3"><span class='ocrx_word' id='word_1_377' title='bbox 89 3773 423 3791; x_wconf 58' lang='lat' dir='ltr'><strong>m</strong></span> 
     </span>
    </p>
   </div>
   <div class='ocr_carea' id='block_1_9' title="bbox 84 3930 284 4010">
    <p class='ocr_par' dir='ltr' id='par_1_17' title="bbox 84 3930 284 4010">
     <span class='ocr_line' id='line_1_46' title="bbox 84 3930 284 4010; baseline 0.015 -6"><span class='ocrx_word' id='word_1_378' title='bbox 84 3930 149 4010; x_wconf 82' lang='lat' dir='ltr'><strong>No.</strong></span> <span class='ocrx_word' id='word_1_379' title='bbox 167 3930 284 4008; x_wconf 76' lang='lat'><strong>7047.</strong></span> 
     </span>
    </p>
   </div>
   <div class='ocr_carea' id='block_1_10' title="bbox 90 3978 1331 4075">
    <p class='ocr_par' dir='ltr' id='par_1_18' title="bbox 90 3978 1331 4075">
     <span class='ocr_line' id='line_1_47' title="bbox 90 3978 1331 4075; baseline 0.009 -14"><span class='ocrx_word' id='word_1_380' title='bbox 90 4028 260 4062; x_wconf 53' lang='lat' dir='ltr'><strong>w-</strong></span> <span class='ocrx_word' id='word_1_381' title='bbox 612 4012 617 4020; x_wconf 90' lang='lat'><strong>·</strong></span> <span class='ocrx_word' id='word_1_382' title='bbox 893 3978 1065 4069; x_wconf 58' lang='lat' dir='ltr'><strong>:L</strong></span> <span class='ocrx_word' id='word_1_383' title='bbox 1134 3999 1200 4074; x_wconf 76' lang='lat' dir='ltr'><strong>uo.</strong></span> <span class='ocrx_word' id='word_1_384' title='bbox 1218 4000 1331 4075; x_wconf 82' lang='lat'><strong>7049.</strong></span> 
     </span>
    </p>
   </div>
   <div class='ocr_carea' id='block_1_11' title="bbox 513 4100 1401 4227">
    <p class='ocr_par' dir='ltr' id='par_1_19' title="bbox 513 4100 1401 4227">
     <span class='ocr_line' id='line_1_48' title="bbox 513 4100 1401 4227; baseline 0.005 -1"><span class='ocrx_word' id='word_1_385' title='bbox 513 4139 650 4227; x_wconf 77' lang='lat' dir='ltr'><strong>un</strong></span> <span class='ocrx_word' id='word_1_386' title='bbox 1131 4100 1401 4143; x_wconf 48' lang='grc' dir='ltr'><strong>Μ’</strong></span> 
     </span>
    </p>
   </div>
   <div class='ocr_carea' id='block_1_12' title="bbox 150 4203 1665 4376">
    <p class='ocr_par' dir='ltr' id='par_1_20' title="bbox 150 4203 1665 4376">
     <span class='ocr_line' id='line_1_49' title="bbox 150 4203 1665 4376; baseline -0.042 -19"><span class='ocrx_word' id='word_1_387' title='bbox 150 4301 251 4357; x_wconf 72' lang='lat' dir='ltr'><strong>Manlii</strong></span> <span class='ocrx_word' id='word_1_388' title='bbox 263 4284 365 4373; x_wconf 79' lang='lat' dir='ltr'><strong>farrsg.</strong></span> <span class='ocrx_word' id='word_1_389' title='bbox 380 4319 408 4373; x_wconf 88' lang='lat' dir='ltr'><strong>p.</strong></span> <span class='ocrx_word' id='word_1_390' title='bbox 421 4301 483 4357; x_wconf 72' lang='grc' dir='ltr'><strong>δα),</strong></span> <span class='ocrx_word' id='word_1_391' title='bbox 519 4301 665 4374; x_wconf 51' lang='grc' dir='ltr'><strong>Δρομῑῃ</strong></span> <span class='ocrx_word' id='word_1_392' title='bbox 678 4302 741 4359; x_wconf 51' lang='lat' dir='ltr'><strong>cog·</strong></span> <span class='ocrx_word' id='word_1_393' title='bbox 755 4302 850 4362; x_wconf 45' lang='lat' dir='ltr'><strong>Mem</strong></span> <span class='ocrx_word' id='word_1_394' title='bbox 862 4303 910 4359; x_wconf 71' lang='lat' dir='ltr'><strong>m</strong></span> <span class='ocrx_word' id='word_1_395' title='bbox 920 4304 1000 4376; x_wconf 65' lang='lat' dir='ltr'><strong>Mb.</strong></span> <span class='ocrx_word' id='word_1_396' title='bbox 1058 4336 1060 4341; x_wconf 68' lang='lat'><strong>,</strong></span> <span class='ocrx_word' id='word_1_397' title='bbox 1528 4203 1583 4292; x_wconf 82' lang='lat' dir='ltr'><strong>N·</strong></span> <span class='ocrx_word' id='word_1_398' title='bbox 1610 4203 1665 4295; x_wconf 78' lang='lat' dir='ltr'><strong>N·</strong></span> 
     </span>
    </p>
   </div>
   <div class='ocr_carea' id='block_1_13' title="bbox 187 4379 1601 4537">
    <p class='ocr_par' dir='ltr' id='par_1_21' title="bbox 187 4379 1601 4537">
     <span class='ocr_line' id='line_1_50' title="bbox 1224 4379 1601 4455; baseline 0.003 -17"><span class='ocrx_word' id='word_1_399' title='bbox 1224 4379 1327 4438; x_wconf 77' lang='lat' dir='ltr'><strong>Manlii</strong></span> <span class='ocrx_word' id='word_1_400' title='bbox 1335 4381 1436 4453; x_wconf 77' lang='lat' dir='ltr'><strong>farrag.</strong></span> <span class='ocrx_word' id='word_1_401' title='bbox 1447 4400 1475 4454; x_wconf 87' lang='lat' dir='ltr'><strong>p.</strong></span> <span class='ocrx_word' id='word_1_402' title='bbox 1491 4382 1543 4438; x_wconf 74' lang='lat'><strong>505</strong></span> <span class='ocrx_word' id='word_1_403' title='bbox 1558 4400 1601 4455; x_wconf 84' lang='lat' dir='ltr'><strong>sq.</strong></span> 
     </span>
     <span class='ocr_line' id='line_1_51' title="bbox 187 4453 997 4537; baseline 0.007 -7"><span class='ocrx_word' id='word_1_404' title='bbox 187 4453 348 4531; x_wconf 83' lang='lat' dir='ltr'><strong>Parentr‘</strong></span> <span class='ocrx_word' id='word_1_405' title='bbox 358 4483 428 4531; x_wconf 83' lang='lat' dir='ltr'><strong>sao</strong></span> <span class='ocrx_word' id='word_1_406' title='bbox 444 4459 639 4532; x_wconf 83' lang='lat' dir='ltr'><strong>carissimo</strong></span> <span class='ocrx_word' id='word_1_407' title='bbox 651 4455 690 4533; x_wconf 89' lang='grc' dir='ltr'><strong>Ι.</strong></span> <span class='ocrx_word' id='word_1_408' title='bbox 706 4456 780 4536; x_wconf 90' lang='lat' dir='ltr'><strong>W.</strong></span> <span class='ocrx_word' id='word_1_409' title='bbox 791 4455 843 4537; x_wconf 83' lang='lat' dir='ltr'><strong>R.</strong></span> <span class='ocrx_word' id='word_1_410' title='bbox 895 4462 934 4536; x_wconf 86' lang='lat' dir='ltr'><strong>S.</strong></span> <span class='ocrx_word' id='word_1_411' title='bbox 950 4461 997 4536; x_wconf 82' lang='lat' dir='ltr'><strong>D.</strong></span> 
     </span>
    </p>
   </div>
   <div class='ocr_carea' id='block_1_14' title="bbox 82 4596 2114 4803">
    <p class='ocr_par' dir='ltr' id='par_1_22' title="bbox 82 4596 2114 4803">
     <span class='ocr_line' id='line_1_52' title="bbox 82 4596 1070 4702; baseline 0.001 -22"><span class='ocrx_word' id='word_1_412' title='bbox 82 4596 242 4680; x_wconf 87' lang='lat' dir='ltr'><strong>Nullum</strong></span> <span class='ocrx_word' id='word_1_413' title='bbox 255 4621 432 4678; x_wconf 86' lang='lat' dir='ltr'><strong>mercator</strong></span> <span class='ocrx_word' id='word_1_414' title='bbox 450 4633 490 4677; x_wconf 89' lang='lat' dir='ltr'><strong>ex</strong></span> <span class='ocrx_word' id='word_1_415' title='bbox 507 4608 680 4679; x_wconf 88' lang='lat' dir='ltr'><strong>nundinis</strong></span> <span class='ocrx_word' id='word_1_416' title='bbox 700 4603 852 4702; x_wconf 79' lang='lat' dir='ltr'><strong>L&#39;ipsicis</strong></span> <span class='ocrx_word' id='word_1_417' title='bbox 874 4623 945 4681; x_wconf 85' lang='lat' dir='ltr'><strong>tam</strong></span> <span class='ocrx_word' id='word_1_418' title='bbox 966 4611 1070 4681; x_wconf 82' lang='lat' dir='ltr'><strong>avide</strong></span> 
     </span>
     <span class='ocr_line' id='line_1_53' title="bbox 84 4673 2114 4803; baseline 0.003 -23"><span class='ocrx_word' id='word_1_419' title='bbox 84 4712 221 4780; x_wconf 91' lang='lat' dir='ltr'><strong>lucrum</strong></span> <span class='ocrx_word' id='word_1_420' title='bbox 246 4723 419 4801; x_wconf 81' lang='lat' dir='ltr'><strong>expectat,</strong></span> <span class='ocrx_word' id='word_1_421' title='bbox 452 4734 556 4803; x_wconf 90' lang='lat' dir='ltr'><strong>quam</strong></span> <span class='ocrx_word' id='word_1_422' title='bbox 583 4734 648 4779; x_wconf 89' lang='lat' dir='ltr'><strong>nos</strong></span> <span class='ocrx_word' id='word_1_423' title='bbox 676 4712 829 4782; x_wconf 85' lang='lat' dir='ltr'><strong>solermrs</strong></span> <span class='ocrx_word' id='word_1_424' title='bbox 851 4713 970 4783; x_wconf 89' lang='lat' dir='ltr'><strong>literas</strong></span> <span class='ocrx_word' id='word_1_425' title='bbox 991 4728 1069 4783; x_wconf 92' lang='lat' dir='ltr'><strong>tuas</strong></span> <span class='ocrx_word' id='word_1_426' title='bbox 1121 4673 1344 4764; x_wconf 60' lang='lat' dir='ltr'><strong>chaffffime</strong></span> <span class='ocrx_word' id='word_1_427' title='bbox 1360 4686 1516 4792; x_wconf 64' lang='lat' dir='ltr'><strong>P³¹⁰¹*)·</strong></span> <span class='ocrx_word' id='word_1_428' title='bbox 1566 4689 1618 4766; x_wconf 67' lang='grc' dir='ltr'><strong>Εἴ</strong></span> <span class='ocrx_word' id='word_1_429' title='bbox 1634 4691 1747 4764; x_wconf 57' lang='lat' dir='ltr'><strong>inimi</strong></span> <span class='ocrx_word' id='word_1_430' title='bbox 1770 4692 2023 4783; x_wconf 59' lang='lat' dir='ltr'><strong>brilfiiudin‘ffl</strong></span> <span class='ocrx_word' id='word_1_431' title='bbox 2047 4697 2114 4768; x_wconf 63' lang='lat' dir='ltr'><strong>libi</strong></span> 
     </span>
    </p>
   </div>
   <div class='ocr_carea' id='block_1_15' title="bbox 73 4794 2126 5623">
    <p class='ocr_par' dir='ltr' id='par_1_23' title="bbox 75 4794 2126 5515">
     <span class='ocr_line' id='line_1_54' title="bbox 81 4794 2112 4914; baseline 0.004 -32"><span class='ocrx_word' id='word_1_432' title='bbox 81 4825 278 4902; x_wconf 86' lang='lat' dir='ltr'><strong>expectare:</strong></span> <span class='ocrx_word' id='word_1_433' title='bbox 301 4834 425 4880; x_wconf 90' lang='lat' dir='ltr'><strong>verum</strong></span> <span class='ocrx_word' id='word_1_434' title='bbox 449 4814 627 4902; x_wconf 89' lang='lat' dir='ltr'><strong>praeclare</strong></span> <span class='ocrx_word' id='word_1_435' title='bbox 644 4814 845 4886; x_wconf 77' lang='lat' dir='ltr'><strong>satisfecisti</strong></span> <span class='ocrx_word' id='word_1_436' title='bbox 863 4815 968 4885; x_wconf 89' lang='lat' dir='ltr'><strong>nobis</strong></span> <span class='ocrx_word' id='word_1_437' title='bbox 983 4816 1069 4883; x_wconf 87' lang='lat' dir='ltr'><strong>mis·</strong></span> <span class='ocrx_word' id='word_1_438' title='bbox 1122 4807 1347 4913; x_wconf 69' lang='lat' dir='ltr'><strong>perpetuam,</strong></span> <span class='ocrx_word' id='word_1_439' title='bbox 1373 4794 1449 4866; x_wconf 72' lang='lat'><strong>⁰⁸⁰</strong></span> <span class='ocrx_word' id='word_1_440' title='bbox 1464 4797 1629 4879; x_wconf 43' lang='lat' dir='ltr'><strong>iuml&amp;</strong></span> <span class='ocrx_word' id='word_1_441' title='bbox 1655 4794 1857 4914; x_wconf 49' lang='lat' dir='ltr'><strong>Prae⁸¹³¹1⁰³</strong></span> <span class='ocrx_word' id='word_1_442' title='bbox 1883 4808 1917 4866; x_wconf 57' lang='grc' dir='ltr'><strong>Εἴ</strong></span> <span class='ocrx_word' id='word_1_443' title='bbox 1932 4820 2029 4868; x_wconf 75' lang='lat'><strong>⁰⁰⁰⁰</strong></span> <span class='ocrx_word' id='word_1_444' title='bbox 2047 4823 2112 4891; x_wconf 62' lang='lat'><strong>[¹⁸⁰</strong></span> 
     </span>
     <span class='ocr_line' id='line_1_55' title="bbox 81 4896 2126 5006; baseline 0.007 -22"><span class='ocrx_word' id='word_1_445' title='bbox 81 4936 120 4984; x_wconf 91' lang='lat' dir='ltr'><strong>so</strong></span> <span class='ocrx_word' id='word_1_446' title='bbox 139 4912 299 4983; x_wconf 86' lang='lat' dir='ltr'><strong>Nicolao.</strong></span> <span class='ocrx_word' id='word_1_447' title='bbox 362 4911 484 5006; x_wconf 90' lang='lat' dir='ltr'><strong>ltaque</strong></span> <span class='ocrx_word' id='word_1_448' title='bbox 508 4914 573 4985; x_wconf 92' lang='lat' dir='ltr'><strong>tibi</strong></span> <span class='ocrx_word' id='word_1_449' title='bbox 599 4914 734 5004; x_wconf 90' lang='lat' dir='ltr'><strong>agimus</strong></span> <span class='ocrx_word' id='word_1_450' title='bbox 757 4917 886 5005; x_wconf 89' lang='lat' dir='ltr'><strong>gratias</strong></span> <span class='ocrx_word' id='word_1_451' title='bbox 910 4916 1069 5005; x_wconf 87' lang='lat' dir='ltr'><strong>ingentes</strong></span> <span class='ocrx_word' id='word_1_452' title='bbox 1121 4915 1271 4983; x_wconf 60' lang='grc' dir='ltr'><strong>ΡΒ01111ιᾶ</strong></span> <span class='ocrx_word' id='word_1_453' title='bbox 1296 4918 1403 4966; x_wconf 69' lang='lat' dir='ltr'><strong>m¹⁸⁸³</strong></span> <span class='ocrx_word' id='word_1_454' title='bbox 1428 4898 1558 4987; x_wconf 51' lang='lat'><strong>&amp;²5³⁸</strong></span> <span class='ocrx_word' id='word_1_455' title='bbox 1579 4917 1662 4986; x_wconf 68' lang='lat'><strong>⁸8⁰²</strong></span> <span class='ocrx_word' id='word_1_456' title='bbox 1706 4896 1955 4994; x_wconf 63' lang='lat' dir='ltr'><strong>l’fffiflffln‘lue</strong></span> <span class='ocrx_word' id='word_1_457' title='bbox 1976 4922 2126 4997; x_wconf 63' lang='lat' dir='ltr'><strong>⁸¹¹me</strong></span> 
     </span>
     <span class='ocr_line' id='line_1_56' title="bbox 83 4995 2114 5110; baseline 0.005 -53"><span class='ocrx_word' id='word_1_458' title='bbox 83 5038 146 5108; x_wconf 66' lang='lat' dir='ltr'><strong>pm</strong></span> <span class='ocrx_word' id='word_1_459' title='bbox 161 5010 229 5084; x_wconf 73' lang='lat' dir='ltr'><strong>h„c</strong></span> <span class='ocrx_word' id='word_1_460' title='bbox 244 5027 307 5084; x_wconf 65' lang='lat' dir='ltr'><strong>m„</strong></span> <span class='ocrx_word' id='word_1_461' title='bbox 328 5013 463 5097; x_wconf 51' lang='lat' dir='ltr'><strong>officio,</strong></span> <span class='ocrx_word' id='word_1_462' title='bbox 490 5016 588 5107; x_wconf 71' lang='lat' dir='ltr'><strong>quod</strong></span> <span class='ocrx_word' id='word_1_463' title='bbox 612 5015 723 5085; x_wconf 63' lang='lat' dir='ltr'><strong>libro,</strong></span> <span class='ocrx_word' id='word_1_464' title='bbox 746 5018 867 5102; x_wconf 55' lang='lat' dir='ltr'><strong>nobis,</strong></span> <span class='ocrx_word' id='word_1_465' title='bbox 891 5040 980 5110; x_wconf 70' lang='lat' dir='ltr'><strong>quo,</strong></span> <span class='ocrx_word' id='word_1_466' title='bbox 1004 5042 1069 5087; x_wconf 66' lang='lat' dir='ltr'><strong>vo,</strong></span> <span class='ocrx_word' id='word_1_467' title='bbox 1120 4995 1325 5085; x_wconf 89' lang='lat' dir='ltr'><strong>diligentia,</strong></span> <span class='ocrx_word' id='word_1_468' title='bbox 1351 5011 1392 5067; x_wconf 93' lang='lat' dir='ltr'><strong>ut</strong></span> <span class='ocrx_word' id='word_1_469' title='bbox 1411 4998 1480 5066; x_wconf 87' lang='lat' dir='ltr'><strong>mei</strong></span> <span class='ocrx_word' id='word_1_470' title='bbox 1497 5020 1614 5067; x_wconf 85' lang='lat' dir='ltr'><strong>mores</strong></span> <span class='ocrx_word' id='word_1_471' title='bbox 1632 5010 1666 5067; x_wconf 87' lang='lat' dir='ltr'><strong>et</strong></span> <span class='ocrx_word' id='word_1_472' title='bbox 1681 4997 1797 5068; x_wconf 84' lang='lat' dir='ltr'><strong>studia</strong></span> <span class='ocrx_word' id='word_1_473' title='bbox 1824 4998 1890 5073; x_wconf 90' lang='lat' dir='ltr'><strong>tibi</strong></span> <span class='ocrx_word' id='word_1_474' title='bbox 1905 5002 2114 5101; x_wconf 74' lang='lat' dir='ltr'><strong>probentur,</strong></span> 
     </span>
     <span class='ocr_line' id='line_1_57' title="bbox 78 5093 2115 5214; baseline 0.006 -56"><span class='ocrx_word' id='word_1_475' title='bbox 78 5116 240 5187; x_wconf 57' lang='lat' dir='ltr'><strong>lebamus</strong></span> <span class='ocrx_word' id='word_1_476' title='bbox 255 5114 396 5188; x_wconf 52' lang='lat' dir='ltr'>tumst·</span> <span class='ocrx_word' id='word_1_477' title='bbox 445 5114 618 5207; x_wconf 53' lang='lat' dir='ltr'><strong>mgnum</strong></span> <span class='ocrx_word' id='word_1_478' title='bbox 634 5139 724 5185; x_wconf 65' lang='lat'><strong>00⁰,</strong></span> <span class='ocrx_word' id='word_1_479' title='bbox 740 5117 878 5207; x_wconf 59' lang='lat' dir='ltr'>imponi</span> <span class='ocrx_word' id='word_1_480' title='bbox 894 5118 997 5186; x_wconf 64' lang='lat' dir='ltr'><strong>nobi,</strong></span> <span class='ocrx_word' id='word_1_481' title='bbox 1012 5117 1069 5186; x_wconf 62' lang='lat' dir='ltr'><strong>in,</strong></span> <span class='ocrx_word' id='word_1_482' title='bbox 1119 5109 1161 5165; x_wconf 89' lang='lat' dir='ltr'><strong>ut</strong></span> <span class='ocrx_word' id='word_1_483' title='bbox 1172 5121 1278 5214; x_wconf 78' lang='lat' dir='ltr'><strong>⁸saepe</strong></span> <span class='ocrx_word' id='word_1_484' title='bbox 1295 5093 1387 5167; x_wconf 87' lang='lat' dir='ltr'><strong>milri</strong></span> <span class='ocrx_word' id='word_1_485' title='bbox 1405 5098 1495 5168; x_wconf 90' lang='lat' dir='ltr'><strong>illud</strong></span> <span class='ocrx_word' id='word_1_486' title='bbox 1503 5095 1777 5190; x_wconf 85' lang='lat' dir='ltr'><strong>Epaminondae</strong></span> <span class='ocrx_word' id='word_1_487' title='bbox 1791 5101 1925 5174; x_wconf 88' lang='lat' dir='ltr'><strong>dictum</strong></span> <span class='ocrx_word' id='word_1_488' title='bbox 1942 5126 2115 5192; x_wconf 88' lang='lat' dir='ltr'><strong>propono,</strong></span> 
     </span>
     <span class='ocr_line' id='line_1_58' title="bbox 77 5193 2114 5309; baseline 0.003 -21"><span class='ocrx_word' id='word_1_489' title='bbox 77 5218 287 5308; x_wconf 68' lang='lat' dir='ltr'><strong>attigimus,</strong></span> <span class='ocrx_word' id='word_1_490' title='bbox 320 5230 360 5288; x_wconf 88' lang='lat' dir='ltr'><strong>ut</strong></span> <span class='ocrx_word' id='word_1_491' title='bbox 388 5218 512 5290; x_wconf 89' lang='lat' dir='ltr'><strong>demus</strong></span> <span class='ocrx_word' id='word_1_492' title='bbox 541 5241 702 5309; x_wconf 89' lang='lat' dir='ltr'><strong>operam,</strong></span> <span class='ocrx_word' id='word_1_493' title='bbox 734 5233 774 5289; x_wconf 84' lang='lat' dir='ltr'><strong>nt</strong></span> <span class='ocrx_word' id='word_1_494' title='bbox 800 5233 882 5289; x_wconf 89' lang='lat' dir='ltr'><strong>tuae</strong></span> <span class='ocrx_word' id='word_1_495' title='bbox 910 5242 1068 5290; x_wconf 89' lang='lat' dir='ltr'><strong>summae</strong></span> <span class='ocrx_word' id='word_1_496' title='bbox 1120 5222 1183 5287; x_wconf 72' lang='lat' dir='ltr'><strong>‘lu-¹</strong></span> <span class='ocrx_word' id='word_1_497' title='bbox 1198 5193 1431 5291; x_wconf 65' lang='lat' dir='ltr'><strong>in‘lusthunc</strong></span> <span class='ocrx_word' id='word_1_498' title='bbox 1447 5223 1485 5270; x_wconf 71' lang='lat'><strong>⁸0</strong></span> <span class='ocrx_word' id='word_1_499' title='bbox 1503 5200 1695 5272; x_wconf 67' lang='lat' dir='ltr'><strong>“¹³¹3mum</strong></span> <span class='ocrx_word' id='word_1_500' title='bbox 1719 5202 1874 5273; x_wconf 49' lang='lat' dir='ltr'>smmum</span> <span class='ocrx_word' id='word_1_501' title='bbox 1896 5225 2041 5271; x_wconf 71' lang='lat' dir='ltr'><strong>⁸¹¹⁰ffl¹¹¹</strong></span> <span class='ocrx_word' id='word_1_502' title='bbox 2060 5203 2114 5273; x_wconf 71' lang='lat'><strong>¹³·</strong></span> 
     </span>
     <span class='ocr_line' id='line_1_59' title="bbox 77 5297 2116 5411; baseline 0.006 -24"><span class='ocrx_word' id='word_1_503' title='bbox 77 5320 281 5390; x_wconf 84' lang='lat' dir='ltr'><strong>liberalitati</strong></span> <span class='ocrx_word' id='word_1_504' title='bbox 299 5332 419 5389; x_wconf 82' lang='lat' dir='ltr'><strong>nostra</strong></span> <span class='ocrx_word' id='word_1_505' title='bbox 442 5318 480 5388; x_wconf 92' lang='lat' dir='ltr'><strong>in</strong></span> <span class='ocrx_word' id='word_1_506' title='bbox 496 5322 623 5391; x_wconf 85' lang='lat' dir='ltr'><strong>studiis</strong></span> <span class='ocrx_word' id='word_1_507' title='bbox 637 5318 822 5410; x_wconf 88' lang='lat' dir='ltr'><strong>diligentia</strong></span> <span class='ocrx_word' id='word_1_508' title='bbox 845 5323 1067 5411; x_wconf 86' lang='lat' dir='ltr'><strong>respondeat.</strong></span> <span class='ocrx_word' id='word_1_509' title='bbox 1117 5299 1245 5370; x_wconf 90' lang='lat' dir='ltr'><strong>borum</strong></span> <span class='ocrx_word' id='word_1_510' title='bbox 1271 5323 1417 5392; x_wconf 62' lang='lat' dir='ltr'><strong>‘alim’</strong></span> <span class='ocrx_word' id='word_1_511' title='bbox 1454 5301 1518 5398; x_wconf 68' lang='lat' dir='ltr'><strong>‘lui</strong></span> <span class='ocrx_word' id='word_1_512' title='bbox 1540 5297 1659 5377; x_wconf 56' lang='lat' dir='ltr'><strong>adhuc</strong></span> <span class='ocrx_word' id='word_1_513' title='bbox 1680 5299 1827 5376; x_wconf 53' lang='lat' dir='ltr'><strong>Isthmi</strong></span> <span class='ocrx_word' id='word_1_514' title='bbox 1849 5315 2013 5397; x_wconf 66' lang='lat' dir='ltr'><strong>P³¹⁰¹¹¹⁹⁸</strong></span> <span class='ocrx_word' id='word_1_515' title='bbox 2034 5327 2116 5398; x_wconf 67' lang='lat'>⁸1³⁹·</span> 
     </span>
     <span class='ocr_line' id='line_1_60' title="bbox 75 5421 1339 5515; baseline 0.003 -24"><span class='ocrx_word' id='word_1_516' title='bbox 75 5423 196 5515; x_wconf 84' lang='lat' dir='ltr'><strong>Atque</strong></span> <span class='ocrx_word' id='word_1_517' title='bbox 217 5444 280 5512; x_wconf 89' lang='lat' dir='ltr'><strong>ego</strong></span> <span class='ocrx_word' id='word_1_518' title='bbox 302 5421 447 5514; x_wconf 89' lang='lat' dir='ltr'><strong>quidem</strong></span> <span class='ocrx_word' id='word_1_519' title='bbox 471 5423 657 5514; x_wconf 87' lang='lat' dir='ltr'><strong>polliceor,</strong></span> <span class='ocrx_word' id='word_1_520' title='bbox 683 5446 741 5494; x_wconf 90' lang='lat' dir='ltr'><strong>me</strong></span> <span class='ocrx_word' id='word_1_521' title='bbox 775 5447 839 5514; x_wconf 88' lang='lat' dir='ltr'><strong>pro</strong></span> <span class='ocrx_word' id='word_1_522' title='bbox 865 5423 961 5494; x_wconf 88' lang='lat' dir='ltr'><strong>virili</strong></span> <span class='ocrx_word' id='word_1_523' title='bbox 986 5423 1067 5495; x_wconf 82' lang='lat' dir='ltr'><strong>offi-</strong></span> <span class='ocrx_word' id='word_1_524' title='bbox 1115 5454 1339 5472; x_wconf 78' lang='lat'><strong>---··-··</strong></span> 
     </span>
    </p>

    <p class='ocr_par' dir='ltr' id='par_1_24' title="bbox 73 5522 1922 5623">
     <span class='ocr_line' id='line_1_61' title="bbox 73 5522 1922 5623; baseline 0.006 -28"><span class='ocrx_word' id='word_1_525' title='bbox 73 5522 169 5595; x_wconf 85' lang='lat' dir='ltr'><strong>cium</strong></span> <span class='ocrx_word' id='word_1_526' title='bbox 196 5523 372 5619; x_wconf 88' lang='lat' dir='ltr'><strong>facturum</strong></span> <span class='ocrx_word' id='word_1_527' title='bbox 396 5545 487 5593; x_wconf 85' lang='lat' dir='ltr'><strong>esse:</strong></span> <span class='ocrx_word' id='word_1_528' title='bbox 510 5527 619 5618; x_wconf 85' lang='lat' dir='ltr'><strong>pudet</strong></span> <span class='ocrx_word' id='word_1_529' title='bbox 641 5523 746 5616; x_wconf 85' lang='lat' dir='ltr'><strong>plane</strong></span> <span class='ocrx_word' id='word_1_530' title='bbox 758 5529 948 5614; x_wconf 67' lang='lat' dir='ltr'><strong>sersuum‘,</strong></span> <span class='ocrx_word' id='word_1_531' title='bbox 974 5548 1065 5620; x_wconf 90' lang='lat' dir='ltr'><strong>quos</strong></span> <span class='ocrx_word' id='word_1_532' title='bbox 1151 5548 1182 5616; x_wconf 78' lang='lat' dir='ltr'><strong>s)</strong></span> <span class='ocrx_word' id='word_1_533' title='bbox 1201 5544 1403 5622; x_wconf 58' lang='lat' dir='ltr'><strong>massephat-0</strong></span> <span class='ocrx_word' id='word_1_534' title='bbox 1418 5546 1614 5623; x_wconf 67' lang='lat' dir='ltr'><strong>Meisubaegto</strong></span> <span class='ocrx_word' id='word_1_535' title='bbox 1628 5545 1794 5621; x_wconf 67' lang='lat' dir='ltr'><strong>pmicetpsa</strong></span> <span class='ocrx_word' id='word_1_536' title='bbox 1806 5546 1922 5606; x_wconf 62' lang='lat' dir='ltr'><strong>Mune.</strong></span> 
     </span>
    </p>
   </div>
   <div class='ocr_carea' id='block_1_16' title="bbox 1208 4496 1899 4627">
    <p class='ocr_par' dir='ltr' id='par_1_25' title="bbox 1208 4496 1899 4627">
     <span class='ocr_line' id='line_1_62' title="bbox 1208 4496 1899 4627; baseline 0.003 -17"><span class='ocrx_word' id='word_1_537' title='bbox 1208 4572 1216 4580; x_wconf 91' lang='lat'><em>·</em></span> <span class='ocrx_word' id='word_1_538' title='bbox 1244 4496 1248 4506; x_wconf 27' lang='grc' dir='ltr'><strong><em>Ι</em></strong></span> <span class='ocrx_word' id='word_1_539' title='bbox 1333 4533 1447 4611; x_wconf 82' lang='lat' dir='ltr'><strong>Patri</strong></span> <span class='ocrx_word' id='word_1_540' title='bbox 1465 4562 1534 4611; x_wconf 87' lang='lat' dir='ltr'><strong>sno</strong></span> <span class='ocrx_word' id='word_1_541' title='bbox 1554 4533 1780 4627; x_wconf 73' lang='lat' dir='ltr'><strong>charissimo</strong></span> <span class='ocrx_word' id='word_1_542' title='bbox 1801 4537 1839 4615; x_wconf 87' lang='lat' dir='ltr'><strong>S.</strong></span> <span class='ocrx_word' id='word_1_543' title='bbox 1854 4538 1899 4612; x_wconf 86' lang='lat' dir='ltr'><strong>D.</strong></span> 
     </span>
    </p>
   </div>
   <div class='ocr_carea' id='block_1_17' title="bbox 0 0 2378 6022">
    <p class='ocr_par' dir='ltr' id='par_1_26' title="bbox 0 0 2378 6022">
     <span class='ocr_line' id='line_1_63' title="bbox 0 0 2378 6022; baseline 0 6"><span class='ocrx_word' id='word_1_544' title='bbox 0 0 2378 6022; x_wconf 95' lang='lat' dir='ltr'><strong> </strong></span> 
     </span>
    </p>
   </div>
  </div>
 </body>
</html>
