4748 6022
98 230 172 305 tot

94 403 173 494 gnis
194 399 381 471 doloribus
403 394 539 483 cordis,
575 410 615 468 et
634 408 779 489 propter
799 396 885 467 alias
908 395 1083 489 quasdam

95 525 233 582 causas,
274 514 402 570 natura
422 509 542 568 tamen
567 499 739 590 expellere
763 510 896 568 stercus
918 510 1079 575 conatur,

96 605 194 701 quod
218 626 298 672 cum
317 623 392 670 non
406 599 575 691 recipitur
588 601 633 671 ab
649 598 878 669 inferioribus
890 596 1080 680 intestinis,

95 722 190 779 retro
213 703 359 795 pellitur
380 724 421 770 ex
444 701 691 792 gracilioribus
715 701 892 771 intestinis
912 701 958 771 ad
982 698 1080 769 orifi-

95 811 191 880 cium
207 802 416 886 ventriculi,
440 805 537 872 unde
553 805 596 872 ad
614 802 733 893 gulam
751 803 919 875 aseendit.

196 906 278 977 Huc
292 902 443 984 accedit,
469 917 510 972 ut
522 900 683 974 Galenus
700 903 805 988 dicit,
826 905 920 997 quod
944 899 1080 972 ventri-

96 1011 214 1094 culus,
240 1018 405 1077 manente
420 1004 496 1074 eius
516 1005 671 1074 naturali
697 1005 844 1085 virtute,
875 1005 981 1075 etiam
1006 1003 1081 1094 pel-

95 1113 137 1182 lit
159 1134 315 1192 sursum,
342 1131 418 1176 eam
441 1106 647 1197 praesertim
670 1107 846 1192 illuviem,
872 1130 961 1200 quae
982 1126 1082 1174 mor-

96 1216 157 1284 det
171 1207 427 1293 ventriculum,
452 1207 574 1299 qualis·
584 1221 676 1278 certe
690 1221 742 1279 est
756 1208 909 1292 illuvies,
933 1207 991 1276 eui
1005 1219 1081 1276 atra

95 1314 181 1383 bilis
197 1314 381 1394 miscetur,
407 1332 497 1401 quae
512 1310 655 1402 quidem
672 1309 811 1379 moveri
826 1309 915 1378 solet
929 1309 969 1377 in
985 1330 1083 1377 moe-

98 1416 209 1485 sticia.
260 1413 355 1483 Haec
371 1409 540 1480 videntur
555 1410 734 1504 aliquibus
749 1409 982 1502 probabiliter
998 1408 1082 1493 dici,

97 1516 157 1588 sed
173 1541 192 1584 a
208 1528 260 1598 te,
293 1513 348 1581 vir
363 1508 616 1596 eruditissime,
637 1508 685 1584 D.
702 1507 881 1598 Erasms,
907 1509 1082 1602 copiosio-

96 1642 172 1695 rem
187 1613 456 1707 explicationem
470 1612 679 1702 flagitamus,

200 1715 368 1786 iuventus
389 1736 474 1783 vero
501 1709 568 1784 boc
594 1715 773 1805 singulare
797 1737 910 1806 genus
936 1736 1083 1806 poenae,

100 1841 169 1912 qua
196 1812 392 1908 blasphemi
416 1815 533 1885 affecti
550 1816 741 1907 leguntur,
772 1815 1017 1899 meminerint,
1049 1827 1084 1883 et

99 1943 136 1988 se
152 1919 284 2010 singuli
304 1916 562 2004 adsuefaciunt,
587 1933 627 1988 ut
648 1941 731 1987 vera
754 1917 866 1987 animi
887 1915 1083 1987 reverentia

97 2019 214 2092 Deum
235 2021 372 2100 colant,
399 2031 434 2088 et
456 2017 535 2087 eius
554 2016 790 2109 Evangelium
816 2019 1084 2112 amplectantur.

98 2120 196 2198 Dixi,

112 2472 177 2545 No.
197 2475 245 2547 ss
500 2433 504 2439 ⁵
597 2453 627 2555 j
666 2581 676 2595 .
739 2484 771 2547 a.
796 2481 1085 2566 saumana.

109 2569 281 2607 Μ
365 2612 382 2636 ⁸
739 2579 1078 2621 m

143 2712 145 2716 a
166 2670 199 2726 ln
213 2669 375 2741 Quaestios.
386 2669 491 2794 pili.
534 2670 602 2726 ltem
617 2671 647 2726 in
661 2671 765 2728 (lossii.
779 2672 846 2728 stet.
860 2672 892 2729 P.
905 2670 928 2729 1.
945 2692 974 2746 p.
987 2674 1049 2732 688.
1061 2684 1088 2728 et

203 2739 232 2794 in
246 2739 374 2796 Declam-
411 2738 483 2796 ‚tlt
502 2739 615 2796 Briord.
629 2741 682 2799 iol.
698 2742 726 2797 9.
741 2744 770 2798 7.
876 2755 880 2763 “

101 2904 332 2989 Quaesisse
348 2896 559 2971 Iohanne
574 2897 786 2972 Lutitero
806 2848 1088 2994 propositum-

135 3006 230 3075 etori
249 3006 390 3074 Petro
405 3005 447 3073 11
451 3023 639 3098 agemon
645 3052 662 3090 ,
688 2999 723 3073 d.
740 2999 801 3078 l‘i·
816 3006 920 3096 Sept.
940 3004 1049 3079 1545.

98 3122 260 3208 Nostrae
275 3134 398 3207 aetatis
413 3134 638 3205 imbecillitas
650 3129 725 3205 non
741 3149 855 3228 potest
870 3135 1029 3207 iudicare
1045 3137 1089 3205 de

98 3238 213 3307 causis
238 3237 375 3326 legum,
400 3237 461 3305 sed
487 3261 610 3328 parere
624 3261 691 3308 nos
705 3239 805 3308 decet
819 3237 961 3308 iudiciis
976 3251 1010 3308 et
1024 3263 1090 3309 vo-

100 3337 232 3409 luntati
254 3349 441 3429 parentum
462 3349 496 3408 et
520 3333 817 3429 gubernatorum,
857 3363 1011 3433 quorum
1032 3340 1092 3409 vi-

99 3441 223 3510 demus
238 3439 407 3510 virtutem
421 3452 456 3510 et
472 3439 706 3529 integritatem
720 3442 765 3512 ab
787 3435 945 3511 honestis
969 3437 1089 3511 horni-

100 3541 207 3611 nibus
224 3541 459 3632 comprobari.
493 3537 572 3632 Ego
588 3542 699 3632 igitur
714 3565 787 3611 non
810 3565 977 3634 quaeram
1004 3567 1090 3613 cau-

683 214 1102 318 Qutusrtouus
1135 212 1536 295 acauuutcau.

2043 218 2120 293 '162
2142 221 2144 223 ’

1129 388 1213 477 nis,
1238 398 1271 460 et
1289 385 1494 472 similium,
1520 387 1616 478 tales
1639 387 1752 461 etiam
1770 386 1944 490 placeant
1959 387 2061 471 Deo,
2084 399 2118 461 et

1129 490 1207 563 sint
1222 485 1398 562 haeredes
1415 491 1510 563 sitae
1522 491 1720 564 aeternae?
1754 493 1856 566 Hanc
1871 495 2114 591 quaestionem

1130 594 1285 666 arbitror
1299 594 1380 665 ideo
1404 595 1548 685 dignam
1568 606 1642 665 e'sse
1664 597 1914 687 explicatione,
1937 611 1978 668 ut
1999 597 2115 666 disca·
2224 670 2226 675 ,

1129 718 1228 777 mus,
1249 696 1315 767 ubi
1328 710 1365 767 et
1376 721 1466 789 quae
1479 698 1526 768 sit
1540 695 1696 768 Ecclesia
1709 696 1795 784 De'i,
1819 714 1853 771 et
1866 725 1956 794 quae
1971 700 2016 771 sit
2031 721 2115 767 vera

1131 798 1328 883 invocatio,
1345 822 1436 891 quae
1451 800 1593 891 propria
1611 796 1790 871 Ecclesiae
1806 803 1991 875 doctrina*
2026 875 2032 881 ,

1230 898 1392 969 Primum
1414 901 1509 970 enim
1532 926 1597 992 pro
1627 903 1790 991 gentibus
1817 904 1931 975 multa
1960 899 2116 995 speciose

1131 1000 1309 1075 dicuntur.
1351 999 1433 1072 Non
1450 1003 1617 1092 ignorant
1631 1001 1763 1090 Deum,
1787 1007 1849 1076 sed
1861 1029 1983 1075 revera
1998 1002 2116 1073 sciunt
2158 1008 2160 1013 “

1130 1127 1239 1173 unam
1254 1125 1327 1173 esse
1339 1117 1515 1173 artemam
1528 1119 1684 1176 mentem
1694 1106 1853 1197 opificem
1866 1106 2005 1177 mundi.
2039 1100 2116 1170 lmo

1133 1219 1168 1276 et
1183 1195 1286 1275 Plato
1304 1206 1539 1275 eruditissime
1554 1207 1678 1277 definit
1691 1205 1807 1277 Deum
1823 1210 2003 1302 inquiens:
2021 1201 2117 1274 Deus

1132 1318 1185 1377 est
1198 1330 1298 1376 mens
1322 1321 1478 1393 aeterna,
1511 1331 1613 1379 causa
1628 1309 1715 1378 boni
1737 1309 1777 1378 in
1800 1324 1938 1381 natura.
1991 1305 2119 1380 Sciunt

1132 1408 1238 1479 etiam
1257 1409 1367 1498 legem
1384 1406 1471 1494 Dei,
1493 1423 1527 1479 et
1549 1411 1654 1481 multi
1674 1412 1957 1481 antecelluerunt
1978 1408 2119 1498 sapien-

1133 1510 1201 1595 tia,
1227 1511 1376 1594 virtute,
1395 1512 1640 1601 magnitudine
1655 1528 1980 1604 rerumgestarum,
2004 1511 2119 1599 impe·

1132 1610 1216 1696 riis,
1241 1612 1475 1697 successibus,
1500 1614 1562 1707 qui
1579 1626 1663 1684 sunt
1677 1615 1845 1685 beneficia
1861 1615 1948 1698 Dei,
1971 1624 2006 1681 et
2020 1609 2118 1680 testi·
2222 1611 2227 1620 “

1133 1713 1253 1782 monia
1270 1715 1486 1804 praesentiae
1500 1711 1580 1788 Dei.
1630 1712 1727 1805 Ergo
1751 1712 1791 1785 hi
1815 1739 1957 1809 quoque
1977 1713 2121 1805 placue-

1134 1828 1220 1907 runt
1250 1807 1344 1884 Deo:
1386 1839 1452 1885 nee
1479 1816 1622 1886 videtur
1652 1831 1946 1902 consentaneum,
1983 1825 2144 1886 tautam·

1133 1915 1418 2002 multitudinem,
1440 1917 1555 1987 solum
1569 1920 1617 2002 ad
1631 1935 1814 1989 aeternum
1833 1919 1979 1989 exitium
1996 1911 2122 1985 eondi-

1135 2033 1315 2103 tamesae,
1339 2032 1399 2088 aut
1415 2019 1524 2089 tantis
1538 2019 1732 2090 virtutibus
1748 2023 1878 2093 frustra
1896 2043 1956 2094 eos
1976 2027 2122 2093 ornatos

1135 2119 1254 2193 fuisse.
1316 2114 1364 2188 Et
1396 2118 1530 2190 Paulus
1559 2120 1694 2215 inquit:
1735 2121 1864 2192 Nonne
1897 2136 1932 2193 et
1963 2118 2121 2209 gentium

1136 2218 1233 2291 Deus
1250 2218 1325 2287 est?
1553 2240 1560 2250 ’

1237 2318 1452 2411 Quanquam
1476 2335 1594 2392 autem
1615 2315 1704 2392 haec
1735 2347 1800 2413 pro
1832 2321 1998 2412 gentibus
2017 2314 2124 2391 multi

1138 2443 1240 2512 saepe
1252 2419 1542 2511 disputaverunt,
1564 2422 1669 2492 etiam
1684 2437 1766 2494 ante
1780 2425 1892 2494 multa
1908 2422 2044 2503 secula,
2070 2431 2124 2488 ta-

1138 2545 1219 2591 men
1234 2542 1301 2590 nos
1313 2523 1352 2590 in
1360 2517 1633 2599 Ecclesiatalem
1647 2525 1890 2595 confusionem
1905 2520 2125 2594 nullomodo
2173 2539 2176 2543 ·

1138 2623 1214 2693 lieri
1228 2623 1475 2699 concedamus,
1525 2622 1566 2694 Si
1582 2626 1715 2714 pariter
1736 2638 1881 2718 possent
1902 2649 1975 2695 esse
2000 2619 2126 2712 haere-
2239 2656 2242 2660 ·

1138 2726 1206 2794 des
1219 2723 1311 2794 vitae
1330 2737 1493 2794 aeternae
1514 2724 1717 2814 ignorantes
1731 2723 1932 2811 Christum,
1958 2739 1992 2796 et
2014 2745 2145 2813 argus),->

1139 2838 1292 2910 scentes,
1316 2825 1447 2895 frustra
1461 2828 1584 2896 datum
1610 2850 1683 2897 esse
1698 2825 1953 2919 Evangelium,
1978 2850 2044 2894 nec
2068 2846 2126 2893 ree

1139 2927 1245 2998 tineri
1267 2948 1357 3017 opus
1379 2941 1485 3008 esset,
1516 2942 1551 2998 et
1572 2930 1734 2999 omnium
1755 2931 1913 3021 gentium
1935 2927 2126 3018 religiones

1140 3028 1272 3122 pariter
1284 3042 1398 3099 essent
1410 3029 1626 3120 probandae.

1242 3124 1416 3200 Orandus
1434 3143 1488 3201 est
1509 3145 1628 3203 autem
1647 3131 1764 3229 Deus,
1789 3154 1841 3201 ue⁴
1858 3130 1897 3200 in
1919 3129 2007 3201 tales
2026 3128 2128 3200 iuro·

1140 3252 1196 3300 res
1217 3229 1432 3316 incidamus,
1462 3246 1596 3304 uttam
1620 3233 1721 3303 tetris
1753 3234 1935 3303 erroribus
1959 3232 2127 3303 assentia-

1140 3355 1234 3402 mur.
1303 3329 1505 3402 Teneamus
1543 3333 1653 3423 igitur
1689 3333 1824 3404 dietum
1860 3334 2129 3427 Apostolorum,

1140 3435 1238 3527 quod
1254 3432 1293 3501 in
1308 3427 1407 3503 Actis
1423 3456 1497 3523 cap.
1517 3450 1644 3527 quarto
1661 3434 1833 3525 scriptum
1857 3449 1921 3506 est.
1971 3433 2054 3506 Non
2076 3447 2130 3505 est

1139 3534 1238 3604 aliud
1266 3556 1419 3617 nomen,
1463 3535 1597 3628 inquo
1625 3547 1764 3626 oportet
1789 3535 1904 3608 salvos
1930 3536 2026 3620 beri,
2058 3532 2131 3604 nisi

98 3664 193 3728 sam,
217 3665 282 3711 cur
295 3642 551 3727 adolescentes,
577 3640 617 3710 in
639 3643 702 3712 tali
725 3663 891 3712 consessu
912 3642 1088 3713 maiorum
1140 3659 1272 3705 nomen
1289 3634 1440 3704 Domini
1456 3637 1569 3707 nostri
1579 3637 1658 3706 Iesu
1670 3630 1814 3707 Christi.
1840 3633 1999 3728 Agnosci
2015 3634 2131 3704 lilium

101 3756 207 3822 natu,
247 3742 469 3834 quaestiones
493 3735 716 3834 proponant:
748 3744 810 3812 sed
836 3744 993 3815 modeste
1022 3745 1090 3814 oh.
1134 3733 1207 3806 vDei
1223 3757 1363 3804 necesse
1378 3749 1445 3806 est:
1472 3749 1508 3807 et
1530 3737 1721 3807 discrimen
1745 3737 1982 3809 invocationis
2004 3734 2131 3807 memi-

100 3842 303 3932 temperabo
326 3841 498 3914 carissimi
516 3843 626 3934 patris
655 3844 726 3913 mei
755 3843 952 3930 volontati,
989 3847 1089 3916 cuius
1139 3837 1308 3910 nerimus.
1360 3834 1513 3908 Etiamsi
1534 3838 1636 3910 Plato
1659 3851 1723 3908 aut
1746 3836 1859 3909 Turci
1881 3839 2061 3939 iactitant,
2093 3859 2131 3908 se

99 3941 323 4013 autoritatem
352 3963 415 4012 vos
436 3967 577 4037 quoque
598 3945 760 4015 venerari
781 3945 871 4032 scio,
908 3960 944 4018 et
969 3948 1090 4039 publi.
1140 3939 1305 4009 invocare
1326 3935 1441 4009 Deum
1457 3964 1570 4010 ontrm
1595 3940 1818 4012 conditorem
1842 3965 1983 4026 rerum,
2012 3953 2131 4010 tamen

98 4067 160 4115 cae
191 4044 462 4130 consuetudini,
496 4068 602 4140 quam
623 4069 644 4116 a
665 4047 767 4117 vobis
787 4050 1009 4139 comprobari
1034 4053 1094 4141 vi-y
1139 4064 1264 4110 evero
1287 4037 1364 4116 Deo
1394 4041 1580 4124 aberrant,
1607 4042 1706 4137 'quie
1736 4037 1833 4113 hunt
1853 4067 1929 4113 11011
1948 4042 2132 4125 invocent,

97 4148 187 4227 deo,
219 4168 355 4214 morem
381 4168 511 4236 geram,
574 4144 649 4218 Nec
679 4147 887 4223 indecorum
914 4162 982 4234 est,
1022 4175 1089 4220 nne
1139 4141 1200 4235 qui
1215 4166 1252 4210 se
1268 4141 1430 4232 patefecit
1447 4142 1556 4213 misso
1570 4145 1664 4228 filio,
1688 4166 1755 4213 nec
1769 4146 1940 4237 accedunt
1954 4145 1999 4215 ad
2014 4140 2132 4217 Deum

98 4245 236 4339 aliquid
262 4245 482 4337 interrogare
510 4247 555 4318 de
585 4247 747 4319 doctrina
767 4245 974 4341 Evangelii,
1007 4276 1087 4322 com
1140 4244 1294 4315 ducente
1308 4244 1516 4319 mediatore.

98 4342 262 4419 Christos
277 4350 322 4416 de
335 4364 456 4420 nostra
472 4362 584 4420 aetate
605 4351 752 4422 dixerit:
786 4349 900 4423 Sinite
921 4354 1088 4443 parvulos
1239 4342 1296 4415 Sit
1317 4343 1425 4434 igitur
1447 4344 1553 4415 infixa
1576 4345 1758 4417 mentibus
1779 4346 1913 4418 nostris
1933 4370 2001 4416 vor
2023 4340 2133 4418 Chri·

13 4453 18 4460 '
97 4450 142 4518 sd
163 4473 219 4518 me
237 4449 370 4536 venire,
385 4451 510 4522 talium
526 4464 577 4523 est
592 4475 741 4542 regnum
756 4453 950 4528 coelorum,
984 4453 1087 4527 Certe
1138 4444 1201 4515 sti:
1229 4444 1304 4533 Qui
1329 4469 1404 4515 non
1426 4439 1578 4517 honorat
1600 4444 1754 4532 Filium,
1788 4471 1863 4519 non
1890 4443 2045 4518 honorat
2061 4446 2132 4517 Pa·

98 4571 238 4619 necesse
252 4563 305 4618 est
318 4575 385 4620 nos
403 4555 446 4623 ad
471 4553 584 4624 lilium
601 4553 691 4639 Dei,
716 4554 903 4625 dominum
923 4570 1086 4627 nostrum
1138 4559 1247 4631 irem,
1280 4546 1341 4618 Sit
1362 4549 1570 4619 1111θᾶ11111
1594 4550 1638 4617 ed
1661 4546 1825 4635 Patrem,
1850 4563 1891 4620 ut
1912 4550 2041 4620 fiducia
2056 4572 2132 4618 me-

100 4648 218 4722 lesum
234 4645 415 4722 Christum
439 4655 643 4725 crucifixum
668 4680 734 4748 pro
753 4655 859 4726 nobis
883 4670 918 4728 et
936 4660 1087 4729 resusei-
1138 4647 1287 4719 dielorb
1320 4672 1401 4719 eum
1424 4649 1640 4721 invocemus
1696 4647 1775 4721 Hoc
1803 4650 1866 4743 qui
1890 4651 2134 4741 11011111111111ι

98 4762 211 4821 tatum
230 4751 379 4836 adduci,
403 4747 471 4823 hoc
485 4769 555 4839 est,
580 4759 689 4828 multa
706 4761 751 4827 de
765 4783 807 4828 eo
822 4760 946 4830 audire
962 4773 995 4830 et
1019 4761 1086 4830 eei.
1138 4773 1204 4819 nec
1227 4750 1397 4820 invocant
1412 4748 1550 4836 Deum,
1575 4775 1640 4820 nec
1663 4765 1745 4820 sont
1770 4746 1940 4820 haeredes
1958 4752 2050 4821 vitae
2072 4775 2133 4820 ae-

98 4851 237 4934 scitari,
270 4867 311 4922 nt
331 4876 411 4922 eum
434 4877 516 4923 vere
537 4878 777 4945 agnoscamus,
836 4857 921 4929 Ideo
946 4884 1087 4954 quaeso,
1138 4862 1277 4932 ternae,
1319 4873 1384 4920 nec
1407 4853 1570 4920 membra
1590 4848 1779 4923 Ecclesiae.
1844 4848 1916 4920 Sed
1942 4864 1976 4920 te
1997 4848 2133 4921 Doctor

99 4966 139 5024 ut
153 4976 267 5023 meam
284 4953 600 5051 interrogationem
613 4982 726 5053 aequo
739 4958 860 5028 animo
876 4961 1041 5030 audiatis,
1137 4941 1240 5018 Petra
1257 4953 1301 5020 de
1315 4946 1381 5020 hac
1398 4939 1604 5044 quaestione
1621 4951 1798 5040 copiosius
1817 4952 2049 5023 disserentem
2066 4978 2133 5024 au.-
2261 4959 2265 5011 ἑ

207 5053 390 5146 interrogo
416 5070 551 5126 autem:
592 5054 652 5126 An
684 5083 764 5128 cum
792 5082 939 5151 magna
971 5064 1088 5132 virtus
1138 5052 1215 5122 dire
1230 5052 1378 5124 studiosi
1400 5053 1543 5126 vellent.
1593 5051 1687 5126 Dixi.

91 5153 213 5254 suerit
238 5165 269 5225 et
291 5153 341 5226 sii
363 5153 584 5238 multorum,
617 5158 685 5256 qui
708 5182 783 5228 non
805 5168 941 5228 norunt
953 5155 1086 5252 filium

97 5253 179 5326 Dei
209 5252 398 5327 dominum
432 5266 598 5328 nostrum
627 5254 752 5328 Iesum
780 5252 997 5344 Christum,
1047 5273 1087 5335 ut

40 5419 49 5427 ,
96 5355 246 5436 Numae
269 5353 465 5459 Pompilii,
489 5356 700 5448 Aristides,
725 5357 910 5452 Socratis,
934 5361 1086 5464 Scc'pio·
