4748 6022
168 205 256 283 sos
741 152 1169 294 Quausrroucs
1221 176 1629 262 acnuamcan.
2129 186 2213 266 am·

167 374 342 452 chen-ima
365 373 541 447 Ecclesiae
562 374 601 444 in
620 369 688 446 hac
712 374 803 459 vita,
832 395 922 468 quae
947 385 999 443 est
1023 368 1159 440 inclusa
1277 349 1453 440 lisam&
1473 348 1518 416 “tl
1540 347 1766 431 omnim
1789 344 1907 439 Ruri,
1940 355 1988 423 D.
2012 350 2139 459 Bauli

165 481 365 553 ministerio
388 478 508 563 verbi,
533 502 608 548 non
632 478 753 561 aliter,
778 500 884 567 quam
904 476 1019 545 foetus
1031 469 1160 566 panni·
1625 432 1791 501 mm·
1852 450 1855 455 ¹

166 584 257 654 tulis
278 582 367 651 suis:
399 581 448 650 ita
480 581 586 651 etiam
618 574 704 650 haec
733 577 850 648 cordis
880 575 1099 664 refrigeratio
1125 584 1161 641 et
1302 568 1370 671 Est
1385 570 1531 639 omnino
1542 584 1583 640 ut
1598 571 1705 655 dicis,
1725 572 2017 669 carissimepuer,
2040 585 2199 674 quaestio

168 685 358 777 spirituum
385 683 545 753 vitalium
562 679 759 772 generatio,
784 701 875 772 quae
888 678 928 748 fit
954 677 1031 746 sine
1044 676 1160 767 spira·
1189 675 1316 765 digna
1346 672 1597 762 explicatione,
1638 698 1743 765 quam
1778 673 1955 768 proponis
1978 705 2018 750 ex
2048 681 2200 772 Galeno,

166 788 264 857 tione
294 784 493 875 pulmonis,
530 782 671 853 videtur
706 802 780 849 esse
804 781 920 869 imago
956 776 1161 848 donationis
1208 777 1267 846 cui
1287 774 1404 845 autori
1427 786 1466 843 ut
1490 774 1526 842 in
1545 773 1615 842 alia
1633 787 1704 845 tota
1721 773 1861 848 Medica
1885 795 1960 851 arte
1977 785 2103 855 merito
2117 787 2198 879 plu.

167 886 322 978 Spiritus
345 886 456 955 sancti
479 900 513 954 et
536 883 784 954 vivificationis
809 882 847 951 in
866 881 1007 952 sanctis.
1060 877 1161 950 Sicut
1209 879 1339 947 rimum
1358 875 1569 960 tribuimus,
1595 877 1644 944 ita
1665 871 1723 944 bic
1739 902 1881 972 qnoque
1896 884 2001 973 plane
2014 869 2199 973 assentior,

168 989 263 1060 enim
287 987 407 1056 infans
427 1009 501 1054 non
526 980 644 1056 haurit
666 985 867 1055 immediate
890 980 1033 1055 vitalem
1056 981 1160 1050 illum
1208 977 1400 1048 affirmanti
1423 977 1593 1046 infantem
1616 978 1655 1046 in
1679 992 1779 1049 utero
1801 994 1960 1053 materno
1983 987 2101 1059 vivere
2122 991 2199 1063 sine

168 1087 319 1160 halitum
342 1111 382 1155 er
404 1081 471 1155 hoc
487 1089 586 1172 aere,
610 1086 672 1155 sed
693 1110 734 1154 ex
749 1098 860 1154 matre
882 1097 1021 1155 tanturn
1035 1081 1161 1172 accipit
1208 1080 1458 1171 respiratione,
1490 1103 1580 1172 quae
1603 1074 1756 1165 thoracis
1781 1105 1821 1150 ac
1844 1085 2023 1174 pulmonis
2039 1097 2202 1186 συστολῇ

169 1215 234 1283 per
257 1192 381 1278 longos
402 1189 611 1259 arteriarum
630 1189 756 1257 ductus
772 1181 889 1257 aerem
911 1185 1010 1277 prius
1025 1198 1160 1273 tempe·
1208 1178 1271 1254 καὶ
1298 1178 1475 1273 διαστολῇ
1497 1180 1694 1270 perficitur,
1727 1188 1932 1271 praesertim
1949 1214 2029 1258 cum
2058 1191 2201 1264 eiusrei
2308 1165 2313 1181 ¹

168 1307 307 1374 ratum,
333 1304 367 1360 et
392 1304 509 1359 tamen
534 1290 707 1359 efficacem
725 1288 769 1356 ad
790 1288 1025 1377 mitigandum
1044 1284 1161 1355 cordis
1209 1295 1313 1354 testes
1337 1278 1465 1352 babeat
1501 1275 1688 1363 αὐτόπτας
1711 1281 1961 1372 Anatomicos‚
1999 1294 2062 1385 qui
2097 1319 2200 1386 expe.

170 1409 321 1475 aestum,
354 1393 447 1460 etad
470 1392 638 1462 tuendam
654 1390 779 1459 vitam:
806 1390 855 1459 ita
870 1390 908 1457 in
922 1386 1079 1457 Ecclesia
1096 1388 1161 1456 da·
1210 1386 1358 1455 rientiae
1379 1385 1534 1474 allegant
1554 1385 1815 1471 testimonium,
1850 1388 1918 1458 lide
1941 1392 2200 1481 dignissimum.

169 1507 229 1564 tur
254 1492 408 1584 Spiritus
432 1505 573 1562 sanctus
595 1515 659 1582 per
683 1489 832 1560 verbum
860 1503 894 1561 et
915 1515 978 1582 per
999 1488 1161 1559 ministe-
1210 1486 1401 1577 Quomodo
1422 1501 1540 1555 autem
1562 1500 1722 1556 constare
1738 1501 1772 1557 et
1787 1490 1916 1558 durare
1931 1494 2042 1582 possit
2056 1497 2127 1567 vita
2143 1496 2200 1568 in-

168 1596 263 1666 rium
281 1594 379 1661 verbi
393 1594 536 1663 vocalis.
587 1591 675 1663 Nam
691 1590 846 1683 Spiritus
860 1605 1000 1662 sanctus
1021 1615 1095 1659 non
1110 1603 1162 1660 est
1209 1589 1316 1658 fantis
1339 1589 1377 1656 in
1400 1600 1501 1658 utero
1525 1587 1601 1655 sine
1624 1583 1689 1658 bac
1710 1591 1961 1681 respiratione,
1987 1595 2092 1685 longa
2112 1615 2201 1671 esset
2313 1616 2316 1621 '

171 1697 292 1765 efficax
313 1708 408 1764 extra
426 1695 591 1780 verbum,
616 1706 650 1764 et
664 1708 760 1764 extra
784 1707 924 1765 coetum
942 1707 1161 1775 vocatorum,
1210 1690 1443 1781 explicatione
1463 1690 1591 1780 opus?
1602 1692 1631 1756 si
1655 1688 1786 1760 Galcni
1808 1696 2017 1764 sententiam
2036 1702 2080 1767 dc
2097 1723 2201 1789 pecu-

171 1798 210 1866 in
226 1798 533 1867 contemnentibus
550 1810 611 1867 aut
632 1797 891 1886 negligentibus
906 1795 1074 1878 verbum,
1100 1794 1160 1862 sed
1211 1793 1359 1861 liaribus
1374 1791 1568 1874 meatibus,
1594 1792 1724 1882 quibus
1744 1794 1885 1883 sanguis
1900 1811 1933 1866 et
1950 1799 2094 1890 spiritns
2112 1803 2203 1873 vita·
2274 1869 2276 1873 ,

172 1899 274 1969 affert
298 1899 405 1968 vitam
429 1923 469 1969 ac
491 1898 790 1977 consolationem,
822 1910 856 1966 et
870 1894 1032 1967 accendit
1049 1916 1162 1965 novos
1210 1893 1255 1962 lis
1287 1895 1325 1960 in
1352 1892 1558 1983 pulmonem
1591 1889 1793 1979 invehitur,
1830 1918 1993 1969 enarrare
2025 1903 2201 1977 deberem.

173 2014 288 2070 motus
303 2024 342 2069 ac
360 2023 488 2068 novam
504 2000 618 2068 lucem
633 1999 672 2067 iu
695 2000 740 2067 iis
756 2011 913 2080 tantum,
937 1996 999 2090 qui
1015 1995 1163 2085 pie'aru7
1211 1991 1261 2065 Et
1273 2008 1325 2065 est
1341 1994 1495 2086 profecto
1511 2017 1549 2062 ea
1564 2016 1619 2062 res
1631 1994 1801 2066 miraculo
1816 1997 2002 2086 similima,
2023 2003 2201 2096 sicutipse

170 2102 375 2196 plectuntur
408 2099 555 2168 verbum
585 2095 654 2168 Dei
683 2100 728 2169 de
760 2097 853 2169 Filio
881 2096 971 2178 Dei,
1004 2095 1162 2168 Domino
1212 2119 1355 2189 quoque
1393 2093 1553 2165 Galenus
1586 2095 1773 2182 exclamat,
1813 2099 1850 2166 id
1882 2125 1954 2171 esse
1990 2098 2202 2197 θαυμάτων

171 2216 295 2273 nostro
317 2199 395 2269 lesu
414 2194 578 2282 Christo,
603 2199 696 2271 illud
721 2214 859 2287 amant,
882 2200 1024 2291 legunt,
1048 2199 1163 2269 medi·
1211 2191 1366 2269 πάντων
1387 2192 1563 2294 μέγιστον
1570 2247 1582 2279 ,
1616 2201 1711 2287 quod
1739 2199 1792 2267 illi
1812 2217 1944 2272 meatus
1960 2230 2065 2275 cavae
2082 2231 2202 2291 venae,

173 2317 314 2384 tantur,
342 2300 608 2390 magnifaciunt.
1212 2309 1246 2369 et
1262 2294 1425 2368 Arteriae
1447 2320 1613 2385 magnae,
1651 2298 1888 2386 ingredientes
1905 2304 1943 2372 in
1960 2329 2040 2374 vasa
2061 2309 2202 2398 pulmo-

408 2484 412 2490 ·
1214 2401 1289 2484 nis,
1313 2399 1352 2467 in
1369 2399 1564 2467 infantibus
1586 2402 1766 2490 conspicui
1788 2415 1822 2472 et
1837 2406 2012 2475 manifesti
2030 2425 2106 2498 post
2120 2434 2203 2500 par·

276 2485 400 2556 Postea
418 2510 500 2554 vero
513 2485 604 2558 sicut
620 2485 738 2555 infans
754 2499 929 2559 extractus
945 2512 985 2556 ex
1003 2483 1164 2556 claustris
1212 2517 1287 2573 mm
1296 2552 1308 2584 ‚
1335 2524 1416 2569 cum
1434 2500 1567 2591 spirare
1580 2506 1673 2589 ¹puer
1687 2498 1860 2572 Thoracis
1880 2522 1977 2577 motu
1995 2512 2127 2598 coepit,
2154 2513 2202 2585 ita

175 2589 325 2658 materni
350 2589 459 2667 uteri,
493 2602 638 2658 nonest
664 2603 870 2668 contentus,
905 2588 1163 2657 nutrimentum
1213 2613 1442 2684 evanescant,
1468 2614 1577 2670 utne
1603 2603 1787 2690 vestigium
1813 2605 1956 2694 quidem
1979 2612 2203 2701 arnpfiusul.

175 2715 218 2760 ex
244 2691 414 2759 uberibus
435 2689 557 2758 matris
579 2690 755 2780 accipere,
786 2692 847 2759 scd
874 2690 948 2779 ipse
971 2689 1042 2758 iam
1063 2688 1165 2755 avide
1214 2704 1289 2773 lum
1307 2727 1428 2770 eorum
1446 2714 1626 2792 appareat,

176 2787 419 2861 hauritaerem
436 2784 532 2857 hunc
547 2803 747 2870 externum,
766 2793 945 2882 perfusum
961 2789 1164 2859 coelestium
1315 2802 1385 2874 Sed
1410 2802 1492 2895 quia
1517 2803 1685 2891 temporis
1697 2803 1870 2893 ‘angustia
1896 2833 1968 2878 non
1987 2813 2119 2901 patitur
2136 2810 2203 2889 boe

174 2917 364 2984 corporum
387 2891 513 2960 radiis:
545 2890 594 2962 lta
612 2904 693 2980 post
708 2887 800 2960 hanc
822 2895 930 2961 vitam
944 2892 1031 2959 laeti
1045 2913 1164 2958 coram
1214 2906 1253 2974 in
1275 2905 1353 2973 loco
1377 2903 1571 2991 longiorem
1599 2907 1643 2972 de
1665 2930 1704 2973 ea
1727 2931 1764 2975 re
1789 2930 1987 2981 sermonem
2011 2915 2206 3004 instituere,

176 2997 335 3063 fruemur
350 2992 605 3061 consuetudine
621 3006 655 3061 et
668 2992 1071 3082 complexu-dulcissimo
1090 2990 1167 3072 Dei,
1214 3008 1281 3076 ispa
1298 3006 1529 3098 explicatione
1543 3006 1670 3074 omissa
1689 3007 1845 3079 transibo
1862 3015 1904 3080 ,d
1921 3015 2016 3084 ,liud
2036 3021 2206 3091 orationis

176 3108 210 3163 et
227 3096 479 3212 perfundemnr
494 3108 527 3211 et
548 3094 1026 3212 illtrstrabinrurimmediate
1039 3092 1166 3207 spiritu
1215 3130 1345 3196 gem,
1367 3108 1477 3195 magi,
1492 3108 1743 3187 necessarium,
1778 3116 1944 3206 quodque
1961 3140 2025 3206 ,go
2044 3123 2205 3191 omnium

175 3195 261 3276 Μ’
288 3220 351 3287 l’er
371 3220 476 3288 ‘luem
499 3218 537 3263 ¹¹¹
558 3208 765 3265 ³²¹⁰r¹¹¹li¹¹⁰
788 3219 964 3279 V¹V0¹1¹⁰⁸s
997 3208 1032 3264 ‘l
1047 3217 1111 3285 (1⁰¹
1127 3214 1167 3259 ¹⁰
1216 3208 1449 3279 libentissime
1466 3204 1524 3278 bic
1540 3209 1680 3297 publice
1698 3235 1848 3300 usurpo,
1872 3217 2049 3305 videlicet,
2070 3238 2111 3293 ut
2126 3244 2207 3313 gra.

175 3293 243 3366 hac
265 3297 452 3391 temporali
465 3297 547 3413 'vita
569 3298 826 3388 propemodum
849 3298 937 3368 muti
961 3318 1083 3413 sumus
1107 3317 1168 3411 cp:
1216 3311 1285 3380 fia,
1306 3333 1404 3398 agam
1433 3311 1718 3399 praeceptoribus
1742 3314 1849 3398 meis,
1876 3342 2028 3409 quorum
2050 3349 2157 3416 opera
2173 3341 2207 3397 et

173 3424 253 3468 ram
275 3398 370 3482 Deo,
402 3411 441 3467 ut
464 3398 581 3467 rnt‘ans
603 3399 641 3466 in
661 3412 781 3482 utero,
813 3413 874 3469 aut
894 3392 987 3465 nilnl
1009 3397 1169 3466 ferenrsr
1219 3413 1344 3482 fidem]
1362 3407 1865 3500 huncgmdumevectugfflm
1885 3435 1948 3490 epe,
2148 3434 2150 3438 ⁴

178 3501 340 3594 querelas
362 3503 406 3569 de
432 3514 550 3570 nostra
566 3501 705 3568 miseria
722 3514 756 3569 et
777 3498 988 3587 indignitate
1004 3494 1169 3567 mussita-

178 3626 272 3671 mus:
308 3616 392 3671 tnnc
408 3616 577 3692 concepto
603 3603 696 3670 intra
720 3614 858 3690 pectora
877 3615 997 3669 nostra
1016 3599 1079 3666 illo
1096 3597 1169 3687 spi-

177 3706 250 3772 ritu
274 3700 359 3784 Dei,
385 3725 611 3790 errrmpemus
635 3703 674 3769 in
698 3701 939 3781 laetasvoces,
965 3714 998 3769 et
1017 3698 1169 3769 aeternis

178 3804 345 3872 laudibus
376 3802 632 3872 celebrabimus
659 3802 867 3870 immensam
891 3800 1169 3871 misericordiam

179 3903 261 3976 Dei.
313 3900 429 3991 Quem
453 3903 567 3972 Deum
588 3918 769 3973 aeternum
789 3918 922 3992 patrem
938 3901 1086 3989 Domini
1103 3926 1170 3970 uo-
1225 3956 1390 3982 w„

179 4006 243 4078 stri
276 4002 355 4075 lesu
382 3997 517 4074 Christi
547 4029 631 4091 oro,
662 4019 702 4074 ut
733 4029 829 4076 nunc
861 4030 1002 4099 quoque
1034 4006 1073 4075 in
1104 3999 1170 4072 hac

178 4131 386 4177 aerumnosa
407 4105 479 4176 vita
498 4121 595 4196 regat
617 4119 651 4179 et
664 4105 843 4176 illuminet
858 4131 922 4177 suo
942 4105 1082 4175 vivifico
1097 4103 1170 4195 spi-

179 4211 252 4280 ritu
267 4233 332 4278 nos
351 4209 500 4277 miseros
525 4220 560 4276 et
577 4208 773 4278 imbecillos
790 4210 975 4298 puerulos,
1003 4223 1044 4277 ut
1057 4205 1172 4298 possi·¹
1224 4250 1402 4333 Quaestio
1436 4268 1461 4316 a
1493 4248 1637 4317 Paulo
1669 4243 1769 4344 'wop
1825 4254 1942 4322 θΉ
2010 4259 2018 4275 .

181 4336 259 4382 mus
278 4311 354 4379 lieri
378 4333 459 4379 vasa
482 4309 760 4393 misericordiae,
792 4324 827 4380 et
850 4334 980 4399 organa
1003 4306 1170 4377 salutaria
1754 4297 1768 4339 ⁹
1804 4272 1881 4321 Μ’
1901 4273 1925 4322 ⁰
1945 4274 1970 4322 ⁰
2003 4278 2044 4326 ”⁸
2069 4281 2212 4332 renum

1093 4409 1102 4425 .
1141 4409 1151 4426 .
1223 4354 1391 4421 citatione
1423 4350 1536 4420 Dum.
1568 4352 1743 4421 Doctoris
1777 4350 2008 4426 lobannis
2040 4361 2213 4443 Satur.

182 4413 335 4483 nobiset
350 4413 439 4482 aliis.
491 4409 653 4483 Tueatur
666 4411 769 4480 etiam
787 4427 820 4481 et
834 4424 1017 4481 conservet
1032 4432 1172 4529 carissi·
1222 4451 1329 4524 “ab
1372 4448 1534 4524 Noriber
1557 4443 1677 4522 emus
1705 4451 1744 4528 9·
1761 4450 1797 4523 d·
1813 4454 2007 4529 Decem·
2104 4461 2204 4540 lm

183 4538 260 4582 mos
291 4527 454 4604 parentes
483 4526 517 4583 et
546 4526 788 4606 praeceptores
816 4526 975 4598 nostros,
1008 4537 1069 4605 qur
1088 4522 1172 4580 sunt
1333 4504 1346 4537 ’
1531 4471 1557 4546 9
1664 4502 1680 4539 ³
1951 4579 1954 4585 ι
2025 4483 2087 4532 ⁰²¹·
2204 4513 2214 4535 ·

182 4616 303 4684 duim
332 4615 386 4682 illl
416 4614 572 4701 canales,
604 4641 666 4707 per
688 4638 777 4709 quos
804 4615 908 4685 nobis
937 4615 1096 4684 coelestis
1116 4636 1172 4682 ⁸³·
1224 4601 1349 4690 Credo
1374 4610 1625 4684 honestissimo
1649 4617 1800 4687 consilio
1826 4621 2026 4693 institutum
2051 4652 2141 4718 esse,
2175 4649 2214 4705 ur

183 4715 316 4808 pientia
338 4714 465 4790 etvita
489 4720 759 4796 transmittitur,
797 4732 832 4788 et
856 4717 1023 4787 defendat
1046 4717 1084 4783 in
1117 4709 1173 4781 his
1224 4720 1329 4789 nobis
1352 4716 1471 4809 pueris
1496 4716 1534 4785 in
1551 4712 1607 4785 his
1621 4719 1844 4808 spectaculis,
1870 4722 1909 4789 in
1932 4726 2062 4814 quibus
2078 4706 2213 4820 gravis,-

183 4817 365 4888 furoribus
390 4815 545 4896 diaboli,
578 4842 619 4886 ac
640 4821 755 4888 foveat
785 4820 945 4908 politiae,
979 4812 1116 4886 scholas
1141 4827 1174 4882 et
1226 4821 1307 4889 simi
1328 4820 1416 4903 viri,
1447 4833 1604 4902 senecta,
1634 4819 1805 4909 sapientia
1825 4822 2012 4894 etstvtrrute
2034 4838 2213 4918 praestab-

183 4917 378 5002 Ecclesias‚
409 4940 499 5009 quae
530 4932 613 4986 sunt
634 4919 839 5008 panniculi,
871 4920 1002 5011 quibus
1022 4913 1175 4983 involuti
1227 4902 1280 4992 tie
1302 4920 1537 5002 conveniunt,
1568 4919 1708 4987 dicendi
1734 4932 1850 5009 partes
1872 4924 1977 4993 etiam
1999 4914 2214 5013 tribuantur.

142 5069 146 5078 ·
185 5021 340 5090 suaviter
361 5033 554 5109 gestamur,
587 5021 787 5103 nutrimur,
819 5018 993 5108 rigamur,
1028 5030 1062 5084 et
1085 5014 1176 5083 vivi-
1228 5019 1356 5091 Voluit
1376 5021 1472 5090 enim
1491 5019 1630 5109 sapiens
1646 5019 1838 5112 antiquitas
1859 5046 1925 5094 nos
1941 5031 2058 5100 statim
2077 5044 2101 5103 a'
2117 5053 2215 5106 teno-
2278 5089 2280 5094 -

187 5126 333 5193 ficemur
349 5119 491 5190 coelesti
509 5143 600 5187 rore.
651 5118 746 5191 Dixi.
1167 5195 1177 5204 ,
1228 5124 1278 5193 ris
1300 5147 1374 5191 esse
1401 5135 1612 5214 spectatores
1635 5116 1775 5204 horum
1789 5128 2059 5214 congressuum,
2091 5153 2122 5205 et
2149 5135 2215 5212 hoe

181 5248 188 5257 ·
1229 5224 1391 5315 exemplo
1418 5236 1454 5291 et
1469 5221 1647 5291 similibus
1662 5223 1815 5295 invitare
1834 5231 1878 5300 ad
1895 5229 2077 5301 literarum
2100 5252 2134 5308 et
2152 5244 2218 5313 do.
2282 5275 2283 5278 π

1230 5326 1365 5397 ctrinae
1378 5323 1665 5496 admigapipuem.
1715 5323 1808 5397 Cum
1824 5344 1940 5400 autem
1956 5333 2063 5407 fuerit
2075 5333 2221 5416 honesta

2119 3690 2190 3703 η..

1232 3857 1300 3934 No.
1324 3858 1385 3933 46.
1642 3844 1645 3851 ’
1990 3873 2209 3947 amaruan.

2001 3965 2211 4006 Q

1290 4069 1323 4122 ln
1343 4069 1494 4141 Quaeres„
1513 4089 1541 4141 p.
1560 4069 1644 4126 roas.
1663 4047 1690 4124 'a
1707 4069 1736 4124 as
1757 4071 1825 4126 uer.
1844 4074 1949 4129 cama
1966 4075 1998 4132 r.
2015 4078 2050 4133 ιι.
2069 4099 2097 4152 p.
2112 4077 2170 4141 rra
