4748 6022
162 160 237 303 sss
745 198 1163 301 Quansrronns
1200 187 1599 272 acaunurcan
1863 165 1865 169 ’
2110 193 2189 267 aso

164 391 301 474 sebar,
325 411 366 458 se
383 377 691 455 summanum
705 389 886 474 rannus,
909 377 1015 459 fens,
1041 372 1150 468 qua-
1197 391 1304 463 quam
1326 381 1368 438 ue
1389 389 1410 436 a
1430 387 1488 436 ms
1509 364 1695 436 sommare
1717 330 1885 455 apuam
1907 373 2034 458 quaa,
2065 363 2192 450 aas„

165 493 253 591 quid
267 489 365 563 Deus
387 484 544 569 dederit,
569 480 725 572 Quando
744 480 873 575 cuique
895 473 1034 550 homini
1056 475 1150 545 divi·
1197 493 1277 540 eam
1293 471 1337 539 ad
1355 468 1543 540 dominum
1557 465 1752 540 Decannm.
1802 463 1898 538 Dixi.

165 597 264 668 nitus
277 587 456 685 proposita
470 586 516 659 sit
529 597 624 656 meta
637 584 748 662 vitae,
774 606 881 676 quam
905 605 1010 650 nemo
1034 594 1151 650 trans-

167 699 220 770 ire
241 694 370 789 possit,
404 688 615 782 nequidem
639 685 729 754 siin
756 707 860 755 cavea
886 705 922 754 se
948 682 1150 751 concludat.
2226 747 2230 753 Ι

167 798 259 872 Cum
284 791 446 891 tyrannis
468 813 552 859 vero
575 788 716 858 nullum
737 786 881 866 foedus,
916 783 1057 853 nullum
1086 783 1153 868 ius,
1202 823 1257 895 No
1281 822 1342 894 30·
1378 768 1383 781 ’
1942 824 1992 889 w·
2000 821 2087 910 Sept.
2096 825 2163 891 ¹54
2164 828 2186 892 5

167 895 430 989 nihildenique
450 914 639 968 commune
658 911 750 972 esse,
776 901 816 958 ut
838 909 859 956 a
881 887 1012 982 quibus
1032 882 1152 955 omnia
1205 877 1342 946 vim
1957 874 2196 956 m·

168 1004 269 1087 iura,
293 1000 406 1090 leges,
428 992 652 1087 etquidquid
674 990 772 1082 pium
794 1003 855 1060 aut
878 1000 1039 1058 sanctum
1060 986 1154 1055 inter
1273 999 1306 1052 tn
1321 996 1483 1067 Qosesttoa.
1497 998 1627 1074 μᾶσαι.
1662 1001 1730 1058 tren
1744 998 1892 1057 tecamt.
1903 1000 1972 1058 Mat.
1983 1001 2017 1058 Ρ.
2033 1004 2058 1059 1.
2077 1003 2186 1076 pesas.

169 1101 335 1176 homines
350 1108 528 1180 censetur,
553 1094 776 1185 profanatum
794 1115 833 1161 ac
856 1091 1036 1161 sublatum
1055 1099 1154 1170 esset,
1242 1140 1244 1149 .

170 1203 220 1279 Et
232 1206 278 1275 ad
291 1223 380 1297 quos
394 1198 563 1270 delendos
577 1194 675 1267 velut
692 1195 736 1263 ad
750 1192 932 1285 publicum
948 1189 1154 1273 incendium
1206 1161 1382 1243 owenh)
1409 1165 1602 1284 ΨθΡθξῗῑξῐ
1629 1163 1679 1235 D·
1700 1165 1891 1236 Erutmu
1920 1161 2077 1286 qucls,
2111 1185 2200 1238 cum

173 1329 296 1379 omnes
320 1299 483 1374 homines
507 1320 716 1369 concurrere
745 1297 928 1368 deberent.
987 1288 1155 1362 Occurrit
1207 1258 1474 1333 decernerem?
1497 1286 1532 1335 ⁸¹
1558 1265 1694 1336 illuit&
1716 1266 1926 1338 Doctorum
1946 1289 1989 1338 m
2009 1275 2093 1340 urle
2115 1289 2203 1342 asse·

171 1404 241 1481 hoc
259 1406 364 1477 etiam
384 1401 477 1491 illis,
502 1398 532 1471 si
554 1397 752 1469 crudelitati
776 1398 979 1490 tyrannicae
1004 1392 1157 1485 patroci-
1399 1362 1500 1436 dica·
1550 1367 1621 1439 An·
1641 1364 1753 1443 lata
1782 1366 1843 1443 1⁰.
1856 1367 1984 1460 Septa.

173 1522 324 1593 nentur,
348 1527 455 1600 quam
472 1501 709 1595 periculosum
724 1499 769 1569 ad
785 1513 942 1588 posteros
957 1495 1155 1586 exemplum
1208 1487 1377 1569 Aetatem
1398 1512 1557 1569 nostram
1577 1502 1729 1571 maxime
1745 1503 1845 1574 decet
1859 1504 2091 1591 verecundia,
2104 1523 2202 1600 quac

174 1634 257 1683 snae
273 1630 415 1705 quoque
431 1603 565 1696 patriae
579 1601 738 1672 relicturi
756 1600 838 1684 sint,
861 1625 950 1694 quae
963 1623 1042 1670 cnm
1061 1597 1155 1665 iuxta
1209 1613 1303 1670 certe
1328 1599 1476 1691 impedit
1501 1625 1650 1692 pueros,
1677 1605 1835 1674 modesta
1857 1605 1981 1677 indole
2007 1609 2204 1699 praeditos,

174 1714 287 1803 legem
311 1731 429 1781 rerum
454 1701 710 1789 humanarum,
743 1701 868 1770 iisdem
890 1703 971 1773 telis
994 1703 1157 1771 lortunae
1208 1725 1255 1771 ne
1269 1700 1308 1767 in
1323 1703 1521 1794 frequentia
1536 1705 1715 1774 seniomm
1732 1718 1767 1775 et
1788 1707 2077 1795 gravissimorum
2098 1711 2204 1778 viro-

175 1812 333 1905 exposita
353 1810 420 1893 sit,
451 1821 486 1877 et
504 1806 599 1874 idem
629 1803 684 1873 illi
714 1803 872 1874 accidere
901 1804 1027 1896 possit,
1061 1798 1157 1893 quod
1209 1825 1291 1872 rum
1313 1802 1428 1871 dicere
1452 1805 1582 1878 ausint.
1639 1805 1761 1894 Quare
1780 1808 1930 1880 miretur
1948 1810 2096 1904 aliquis,
2135 1833 2204 1880 cnr
2246 1864 2252 1872 .

177 1916 311 1986 virtute
343 1925 449 2004 atque
479 1907 607 1999 opibus
641 1905 911 1977 florentissimae
936 1899 1159 1977 Athenarum
1209 1902 1336 1973 Pueris
1350 1904 1602 1996 praecipiatur,
1629 1920 1669 1977 ιιι
1680 1903 1748 1978 hoc
1762 1911 1840 1979 locu
1861 1912 2081 2004 quaestiones
2106 1910 2205 1983 rcci-

174 2017 260 2090 urbi
281 2011 478 2084 accidisset:
517 2006 694 2079 Videbant
712 2010 806 2092 lore,
831 2007 1045 2078 utomnium
1064 2001 1160 2072 iudi·
1210 2016 1298 2078 tent.
1348 2003 1419 2075 Sed
1436 2000 1503 2076 hoe
1521 2031 1662 2102 qnoque
1677 2012 1869 2081 verecundi
1883 2012 2013 2103 ingenii
2026 2027 2094 2097 est,
2117 2036 2201 2082 non

177 2120 233 2191 cio
247 2115 374 2186 merito
390 2109 495 2205 plecti
522 2107 745 2195 dicerentur,
773 2109 834 2201 qui
856 2108 924 2200 ipsi
946 2104 1039 2178 hanc
1060 2102 1159 2200 quasi
1212 2108 1393 2198 disputare
1409 2109 1452 2176 de
1468 2112 1581 2178 causis
1605 2113 1743 2200 legum,
1776 2113 1838 2182 sed
1861 2115 2014 2184 modeste
2036 2115 2201 2197 obedire,

175 2222 287 2312 legem
304 2217 373 2287 sihi
386 2212 606 2296 statuissent,
628 2211 711 2303 quia
735 2212 939 2306 tyrannicae
960 2206 1161 2278 immanita·
1213 2208 1278 2277 etsi
1291 2230 1430 2277 causam
1445 2204 1538 2281 hanc
1555 2235 1628 2282 esse
1650 2225 1754 2303 puto,
1786 2227 1827 2284 ut
1850 2238 1870 2283 a
1893 2216 2023 2286 teneris
2044 2215 2201 2306 incipia-

177 2321 225 2394 tis
248 2321 428 2390 adiutores
449 2337 486 2384 se
509 2337 549 2382 ac
565 2315 767 2384 defensores
788 2312 1041 2403 praebuissent.
1094 2305 1163 2376 His
1212 2330 1291 2380 mus
1307 2311 1531 2381 considerare
1545 2308 1610 2382 hos
1623 2326 1758 2384 vestros
1774 2338 1999 2405 congressus,
2025 2330 2058 2387 et
2077 2317 2201 2409 aliquo

177 2424 344 2517 inquam,
368 2433 403 2488 et
418 2415 594 2488 similibus
609 2416 723 2484 causis
741 2413 828 2484 moti
844 2412 1010 2483 videntur
1027 2410 1085 2481 isti
1106 2409 1162 2478 iu·
1213 2412 1321 2481 modo
1338 2411 1537 2481 studiorum
1553 2409 1708 2484 honores
1721 2416 1856 2487 mirari.
1906 2417 1981 2489 Vos
1997 2418 2107 2508 igitur
2125 2441 2202 2502 oro,

177 2525 292 2607 dices,
316 2535 358 2593 ut
373 2518 585 2590 Pausaniam
602 2517 676 2587 suis
689 2515 833 2587 calculis
847 2515 1082 2584 absolverent.
1215 2527 1254 2584 ut
1271 2511 1442 2603 puerilem
1455 2515 1652 2586 orationem
1667 2539 1782 2587 meam
1803 2534 1949 2610 propter
1969 2517 2202 2591 consuetudi·

282 2622 353 2695 Sed
369 2644 445 2691 non
458 2619 649 2689 uetuerunt
666 2632 700 2689 et
716 2616 820 2688 alteri
839 2617 931 2708 parti
945 2625 1165 2704 argumenta,
1214 2637 1296 2682 nem
1311 2608 1494 2684 honestam
1508 2619 1682 2708 patienter
1698 2620 1860 2694 audiatis.

178 2726 311 2822 quibus
343 2721 567 2793 autoritatem
609 2740 692 2792 snae
732 2717 927 2791 sententiae
969 2728 1165 2788 tuerentur.
1315 2712 1489 2786 Recitabo
1507 2732 1622 2789 autem
1639 2716 1824 2792 historiam
1845 2720 1970 2793 utilem
1992 2718 2136 2813 pietati,
2160 2742 2201 2788 ex
2244 2708 2247 2713 ⁵

178 2826 295 2902 Erant
316 2822 460 2920 tyranni
484 2819 570 2890 socii
593 2819 871 2915 Spartanorum,
905 2832 1007 2889 erant
1024 2818 1166 2886 loedere
1215 2839 1285 2912 qua
1301 2816 1415 2886 oritur
1430 2821 1588 2911 quaestio
1604 2817 1765 2916 Physica.

181 2927 313 3008 iuncti,
336 2937 437 2996 erant
452 2924 653 2993 defensores
669 2920 822 3014 partium
836 2919 1103 3004 Laconicarum‚
1128 2918 1166 2984 in
1319 2915 1497 3011 Tempore
1512 2920 1641 2992 iuliani
1657 2922 1884 3015 Imperatoris
1904 2922 2099 3014 praefectus
2122 2919 2204 3014 qni·

180 3032 271 3104 urbe
283 3027 428 3098 inimica
443 3024 658 3107 videbantur
672 3048 745 3095 non
760 3023 868 3091 luisse
884 3020 1079 3092 deserendi.
1119 3014 1166 3088 Et
1216 3023 1318 3098 dam,
1346 3014 1453 3091 homo
1470 3020 1677 3115 prophanus
1692 3041 1725 3095 et
1742 3026 1874 3108 audax,
1901 3024 1963 3118 qui
1980 3024 2098 3117 palam
2123 3047 2204 3114 per.

182 3134 309 3205 iactata
333 3141 386 3200 est
406 3121 501 3198 haud
529 3125 638 3197 dubie
662 3125 722 3196 illa
746 3149 814 3194 vor
839 3124 985 3195 alterius
1000 3120 1166 3215 Spartani
1217 3117 1334 3191 hiberi
1348 3123 1488 3193 volebat
1501 3120 1612 3196 hostis
1626 3126 1691 3196 filii
1707 3123 1794 3212 Dei,
1819 3123 1968 3197 Domini
1990 3124 2106 3196 nostri
2121 3120 2205 3217 lesu

181 3231 379 3324 Principis,
413 3227 476 3323 qui
505 3229 660 3300 dixerat:
698 3225 898 3299 Honestum
927 3248 1001 3296 esse
1031 3218 1167 3295 haben·
1216 3218 1369 3308 Christi,
1410 3226 1585 3317 spoliabat
1605 3228 1777 3320 templum
1799 3222 2012 3300 Antiochiae
2033 3227 2073 3295 in
2087 3224 2207 3323 Syria,

183 3337 291 3421 dnm,
315 3331 491 3429 quidquid
505 3329 654 3421 Spartae
674 3330 761 3399 utile
778 3340 877 3402 esset.
928 3324 1025 3399 Utile
1049 3339 1166 3396 autem
1210 3325 1314 3394 iussu
1335 3323 1571 3417 imperatoris.
1622 3326 1714 3400 Cum
1728 3343 1854 3410 ,antem
1876 3329 1930 3423 pii
1951 3329 2208 3419 gubernatores

183 3437 373 3508 videbatur
386 3434 430 3502 ad
445 3432 669 3503 retinendum
686 3429 875 3523 imperium
893 3426 1073 3513 Graeciae,
1087 3427 1168 3521 qui·
1217 3422 1393 3519 Ecclesiae
1406 3443 1564 3518 peterent
1579 3430 1772 3524 supplices,
1797 3455 1843 3500 ne
1858 3431 2025 3523 pecunia,
2050 3453 2123 3524 qua
2137 3428 2210 3497 mi·

183 3539 393 3630 buscunque
431 3532 585 3604 vinculis
622 3533 846 3604 constrictam
886 3544 1005 3601 tenere
1043 3531 1167 3599 urbem
1218 3527 1320 3596 nistri
1333 3523 1532 3622 Evangelii,
1548 3547 1584 3605 et
1598 3533 1702 3604 multi
1716 3533 1837 3602 miseri
1853 3533 1946 3603 cives
1960 3533 2080 3602 alendi
2096 3543 2211 3616 erant,

185 3633 463 3720 Atheniensem,
485 3658 550 3704 nec
564 3636 779 3726 permittere,
805 3647 844 3703 nt
859 3632 919 3702 illa
936 3656 1093 3725 unquam
1112 3652 1168 3698 re-
1218 3630 1430 3700 anlerretur:
1454 3632 1654 3706 Praefectus
1669 3635 1781 3705 multa
1808 3632 2060 3705 contumeliose
2078 3634 2212 3703 adver-

184 3741 319 3833 spirare
340 3752 402 3809 ant
426 3750 530 3828 caput
561 3736 693 3825 erigere
716 3748 843 3826 posset.
903 3731 1170 3806 Commemora·
1218 3754 1278 3801 sus
1310 3726 1491 3805 Christum
1530 3737 1700 3831 loquutus
1732 3736 1836 3807 urina
1871 3734 2066 3827 conspersit
2097 3759 2212 3805 amm.

47 3862 51 3868 “
99 3928 102 3944 Ι
184 3842 319 3913 bantur
348 3839 483 3910 multae
519 3838 635 3907 clades
670 3838 775 3919 belli,
813 3834 945 3930 quibus
971 3835 1099 3926 Sparta
1125 3834 1170 3902 ab
1220 3832 1347 3903 Statim
1363 3847 1479 3906 autem
1496 3837 1686 3931 exportatis
1701 3833 1893 3921 thesauris,
1917 3839 2045 3908 morbo
2059 3858 2212 3929 oppres-

187 3940 469 4018 Atheniensibus
483 3938 607 4010 affecta
631 3953 722 4019 erat,
749 3956 782 4010 et
806 3937 978 4030 pericula,
1003 3958 1093 4029 quae
1116 3935 1171 4003 illi
1220 3956 1279 4002 sus
1296 3946 1367 4015 est,
1390 3934 1429 4005 in
1446 3965 1516 4033 quo
1535 3939 1712 4011 intestinis
1729 3939 1819 4011 insta
1843 3938 1981 4023 effusis,
2002 3961 2211 4010 extremm.

186 4045 453 4137 impenderent,
477 4041 508 4112 si
530 4041 616 4112 urbs
640 4038 760 4112 Attica
781 4062 940 4133 unquam
966 4037 1059 4106 vires
1081 4036 1172 4107 recl-
1220 4050 1296 4105 tum
1319 4058 1394 4105 nun
1414 4039 1598 4128 deorsum,
1637 4044 1700 4112 sed
1723 4065 1863 4112 sursum
1885 4065 1949 4133 per
1968 4041 2085 4131 gulam
2111 4051 2146 4109 et
2168 4062 2211 4108 os

188 4158 296 4239 peret.
350 4142 394 4214 ln
411 4139 478 4214 hoc
494 4144 604 4233 igitur
617 4144 764 4214 salntem
781 4141 915 4232 patriae
937 4140 1029 4212 verti
1052 4161 1170 4209 cense-
1221 4137 1353 4223 emisit,
1378 4153 1419 4210 ιιι
1434 4144 1703 4225 admoneretur,
1728 4144 1848 4238 quales
1871 4144 1994 4213 sordes
2018 4154 2119 4212 antea
2142 4162 2213 4232 per

187 4248 294 4328 bant,
318 4260 360 4318 ut
375 4240 610 4316 Athenienses
626 4270 730 4340 quam
750 4244 899 4313 maxime
917 4255 1172 4334 premerentur,
1221 4261 1261 4309 os
1284 4239 1468 4327 edidisset,
1501 4271 1581 4318 cum
1604 4241 1801 4316 horrendas
1826 4240 2061 4338 blasphemias
2084 4255 2215 4314 contra

188 4350 286 4445 qnod
311 4372 375 4439 per
399 4360 568 4441 tyrannos
590 4347 875 4418 commodissime
897 4345 973 4415 fieri
997 4367 1097 4436 posse
1118 4343 1172 4409 vi·
1221 4340 1335 4410 lilium
1351 4339 1419 4414 Dei
1434 4347 1534 4423 dixit.

190 4453 354 4523 debatur.
406 4447 485 4517 Non
510 4447 617 4538 igitur
641 4444 709 4519 hoc
730 4448 870 4518 lrennm
897 4447 1061 4516 inimicae
1089 4444 1172 4513 urbi
1322 4439 1536 4541 Exemplum
1553 4452 1721 4520 admonet
1736 4471 1879 4536 omnes,
1904 4441 1950 4517 ne
1968 4446 2089 4518 dicant
2106 4442 2215 4516 Blas-

189 4553 381 4626 laxandum
396 4549 524 4634 luisse,
548 4552 608 4619 sed
623 4551 754 4621 arctius
772 4550 1063 4641 adstringendum
1078 4545 1173 4614 indi-
1221 4539 1389 4638 phemias.
2128 4538 2132 4544 ’

93 4683 96 4689 ·
189 4657 327 4728 cabant
379 4651 544 4744 Speciose
559 4651 625 4722 ista
643 4666 677 4723 et
694 4647 788 4722 hand
810 4652 919 4722 dubie
939 4671 1019 4718 cum
1042 4646 1174 4718 multo-
1326 4646 1395 4718 Sed
1430 4651 1475 4719 de
1503 4649 1680 4720 meatibus
1714 4646 1819 4720 etiam
1851 4648 2061 4740 interrogari
2086 4661 2218 4742 potest,

119 4773 123 4781 ’
189 4782 270 4832 rum
287 4777 430 4828 assensu
443 4754 538 4826 dicta
554 4769 649 4830 sunt.
700 4750 912 4825 Praesertim
940 4752 979 4821 in
1000 4749 1089 4821 urbe
1113 4771 1175 4818 su·
1223 4750 1404 4844 quomodo
1418 4764 1552 4822 stercus
1567 4773 1706 4821 sursum
1722 4751 1876 4843 pellatur
1890 4752 1928 4820 in
1942 4750 2087 4842 gulam?
2137 4747 2216 4821 Re·

189 4862 321 4953 perba,
350 4870 386 4929 et
407 4857 540 4928 recenti
568 4879 727 4927 successu
754 4878 873 4926 rerum
898 4854 1009 4936 elata,
1042 4851 1173 4944 inqua
1223 4850 1307 4921 citat
1322 4854 1519 4945 exemplum
1531 4867 1563 4924 et
1574 4851 1733 4923 Galenus
1748 4853 1909 4923 incansis
1924 4854 2217 4948 symptomatum,

188 4963 302 5034 animi
317 4961 401 5030 odio
412 4954 685 5031 Atheniensium
703 4957 892 5028 exulcerati
907 4952 1022 5031 erant,
1044 4966 1077 5023 et
1094 4952 1174 5021 vot.
1224 4965 1259 5024 et
1274 4971 1394 5025 nostra
1410 4969 1505 5026 aetas
1520 4956 1684 5024 meminit
1697 4955 1855 5049 aliquos,
1882 4955 1942 5049 qui
1960 4978 2040 5024 cum
2064 4954 2217 5024 inissent

189 5064 338 5136 neribus
352 5060 439 5132 belli
452 5063 613 5132 nondum
632 5060 784 5131 obducta
801 5059 956 5130 cicatrix.
995 5052 1092 5125 Haec
1109 5055 1175 5146 igi·
1223 5055 1388 5128 maledici
1420 5060 1589 5128 adversus
1619 5054 1807 5148 Evangelii
1841 5056 2059 5142 doctrinam,
2107 5054 2217 5128 simili

189 5179 250 5239 tur
272 5163 446 5236 sententia
472 5161 729 5252 proculdubio
751 5160 864 5251 magis
889 5161 962 5229 visa
984 5171 1035 5228 cst
1058 5180 1132 5227 esse
1156 5181 1175 5226 e
1222 5160 1330 5227 modu
1348 5158 1571 5232 interierunt.

188 5265 408 5358 Republica,
448 5263 559 5334 altera
581 5287 664 5332 vero
686 5262 895 5333 clementior
923 5274 959 5332 et
980 5256 1174 5331 honestior.
1224 5264 1227 5269 ’
1324 5257 1475 5331 Causam
1492 5273 1609 5330 autem
1626 5256 1718 5330 hanc
1738 5280 1810 5329 esse
1825 5272 1925 5351 puto,
1949 5284 2029 5330 cum
2044 5260 2221 5331 interiora

188 5367 261 5442 Sed
275 5392 356 5441 curn
373 5367 439 5438 ista
455 5364 693 5436 controversia
710 5366 852 5454 gravior
864 5391 904 5436 ac
918 5362 1100 5436 difficilior
1116 5361 1176 5448 sit,
1224 5375 1259 5432 et
1275 5362 1443 5433 crassiora
1459 5363 1627 5434 intestina
1642 5361 1751 5433 &usn
1764 5376 1867 5447 sunt,
1893 5364 1990 5457 qnod
2013 5363 2052 5434 lit
2072 5363 2114 5433 in
2140 5386 2222 5432 ma·
