4748 6022
163 265 238 336 ³07
520 254 776 330 SCRIPTA
811 253 885 329 Al)
922 252 1119 327 vl'rAM
1152 250 1228 326 ET
1264 249 1503 326 OBlTllM
1538 249 1842 329 MELANTH.
1971 250 1979 271 ’
2127 254 2228 336 808

164 457 364 516 cernerem,
390 431 503 524 iisque
523 454 580 498 me
603 436 705 522 saepe
729 430 887 515 oblecto;
914 453 954 501 ac
975 451 1076 521 spero
1101 449 1158 496 me
1210 448 1317 518 quam
1339 427 1425 496 adeo
1450 425 1520 496 fuit
1539 426 1658 509 ferox,
1684 431 1773 500 adeo
1798 432 1994 520 barbarus,
2019 435 2139 507 nullus
2157 438 2209 509 ita
2248 457 2251 464 ·

147 561 228 608 ¹suo
253 551 426 625 tempore,
453 534 535 603 illos
560 534 599 600 in
624 535 724 602 bema
748 531 809 601 illa
827 533 899 601 vita
919 535 1037 601 denuo
1059 531 1159 599 visu·
1210 542 1418 614 commotus,
1443 529 1594 621 quinon
1610 531 1686 602 viso
1701 534 1758 601 vel
1773 535 1879 604 etiarn
1893 537 2015 608 audito
2024 532 2205 632 Philippo,

164 664 265 724 rum,
291 637 580 731 colloquuturum
598 659 638 705 ac
653 648 956 704 conversaturum.
1211 631 1330 700 statim
1355 652 1392 700 sc
1413 631 1631 722 reprimeret.
1683 633 1785 723 Quin
1813 638 1920 708 etiam
1945 640 2128 711 interdum
2147 654 2206 714 tu-

1212 733 1344 802 multus
1369 733 1532 818 maximi,
1566 734 1771 809 interventu
1793 744 2032 835 praeceptoris
2060 742 2206 815 inermis

268 841 339 914 Sed
354 865 426 936 quo
440 864 498 910 me
515 840 649 930 abripit
662 839 833 910 affectus?
857 837 1060 910 Redeamus
1077 859 1159 926 ergo
1210 835 1371 926 dissipati
1387 848 1488 922 sunt,
1514 859 1689 931 nusquam
1704 844 1890 915 autoribus
1906 847 2205 938 comparentibus.

166 950 211 1018 ad
236 946 450 1016 institutum.
500 939 586 1012 Dixi
609 944 654 1011 de
675 942 819 1026 studiis,
851 953 885 1010 ct
907 941 1092 1011 laboribus
1112 937 1159 1012 D.

166 1043 338 1139 Philippi,
366 1070 454 1140 quos
469 1046 657 1115 continuos
673 1045 711 1111 in
726 1044 824 1115 tenui
838 1043 1061 1136 corpusculo,
1084 1042 1160 1112 sine
1314 1036 1456 1134 Scripta
1471 1041 1546 1110 eius
1565 1064 1672 1134 quam
1690 1045 1794 1114 avide
1812 1048 1858 1118 ab
1872 1048 2041 1119 omnibus
2059 1050 2134 1121 sint
2147 1074 2209 1120 ex-

167 1151 242 1222 ulla
258 1149 519 1220 intermissione
535 1147 716 1231 sustinuit,
737 1147 796 1215 vix
810 1160 850 1216 ut
864 1146 1035 1237 respirare
1051 1145 1161 1213 licue-
1212 1141 1332 1232 petita,
1353 1153 1389 1211 et
1401 1142 1501 1228 lecta,
1521 1157 1690 1241 quantam
1704 1139 1859 1220 habeant
1875 1153 1971 1243 apud
1988 1174 2112 1222 omnes
2127 1172 2210 1241 gra-

169 1255 227 1324 rit.
279 1251 454 1324 Similiter
469 1265 503 1320 et
519 1251 562 1318 de
580 1248 762 1319 doctrinae
785 1271 931 1339 genere,
957 1250 1053 1342 quod
1077 1270 1161 1338 pro-
1212 1243 1317 1328 tiam,
1342 1257 1377 1314 et
1399 1245 1496 1314 bono
1520 1246 1637 1316 studio
1660 1247 1698 1315 in
1724 1249 1812 1320 alias
1834 1268 1940 1347 atque
1963 1254 2049 1326 alias
2073 1254 2210 1324 formas
2278 1288 2287 1300 =

167 1357 355 1427 lessus-est.
391 1351 523 1424 Verum
539 1364 729 1445 antequam
744 1351 789 1421 ad
804 1351 871 1420 alia
888 1374 1048 1443 pergam,
1075 1347 1161 1420 Stu-
1212 1346 1372 1416 certatim
1396 1359 1548 1432 mutata,
1574 1348 1613 1417 in
1636 1349 1724 1419 alias
1746 1353 1886 1444 linguas
1911 1356 2099 1441 translata,
2126 1357 2209 1450 quis

169 1458 288 1528 diosus
314 1456 557 1526 admonendos
587 1477 661 1523 csse
684 1455 789 1537 duxi,
823 1467 863 1523 ut
886 1453 1044 1543 exemplo
1071 1449 1163 1521 tanti
1212 1449 1300 1517 adeo
1322 1470 1446 1518 coecus
1463 1461 1540 1529 est,
1563 1461 1606 1519 nt
1629 1472 1705 1521 non
1728 1455 1872 1526 videat?
1922 1455 2046 1547 Quum
2066 1457 2121 1527 vel
2138 1483 2208 1528 no-

168 1562 257 1646 viri,
283 1584 319 1631 sc
342 1561 386 1628 ad
402 1558 623 1647 diligentiam
646 1557 684 1623 in
701 1557 853 1625 dicendo
871 1556 1102 1638 exsuscitent,
1129 1566 1163 1623 et
1213 1572 1296 1619 men
1318 1546 1564 1621 Melanthonis
1593 1577 1668 1622 non
1689 1556 1806 1627 solum
1827 1560 1920 1651 apud
1948 1579 2032 1631 suos
2054 1580 2207 1647 sacrum,

170 1664 368 1734 adlabores
385 1660 613 1752 perferendos
630 1657 879 1732 adsuefaciant.
1213 1655 1274 1721 sed
1296 1653 1403 1721 etiam
1424 1647 1587 1724 hostibus
1607 1660 1810 1730 venerabile
1841 1661 1896 1733 sit.
1961 1660 2040 1734 Rex
2061 1660 2207 1732 Galliae

980 1772 983 1777 ’
1212 1753 1422 1825 Franciscus
1452 1757 1576 1825 audire
1607 1781 1709 1846 eum,
1743 1776 1777 1834 et
1808 1763 1970 1834 conferre
1989 1765 2207 1834 desideravit

274 1861 551 1935 Themistoclem
591 1862 720 1933 dixisse
756 1863 940 1946 scribitur,
986 1858 1162 1930 Miltiadis
1213 1882 1292 1927 cum
1308 1858 1396 1949 ipso.
1431 1855 1528 1929 Haec
1542 1883 1623 1930 vere
1640 1856 1780 1935 heroica
1795 1880 1891 1952 sunt,
1911 1886 1977 1936 nec
1992 1867 2059 1938 ulli
2075 1865 2205 1937 trium-

172 1964 403 2061 Trophaeum
427 1991 500 2036 non
532 1966 667 2056 patitur
687 1990 745 2033 me
766 1965 923 2034 dormire
946 1986 1061 2057 neque
1088 1984 1162 2031 ces·
1214 1955 1275 2053 phi
1291 1961 1372 2052 plus
1387 1954 1633 2033 habeatvetae
1649 1967 1774 2043 laudis.
1842 1954 1846 1959 ’

170 2094 259 2143 sare.
311 2070 386 2139 Nec
401 2093 468 2138 nos
482 2090 564 2156 crgo
579 2068 670 2139 tanti
686 2068 755 2136 viri
769 2068 910 2153 laudes,
937 2065 1091 2156 eruditio
1105 2064 1163 2132 in-

97 2224 107 2243 .
171 2172 298 2262 signis,
324 2183 357 2240 et
372 2192 427 2239 res
445 2170 623 2261 praeclare
642 2183 757 2259 gestae
772 2169 910 2240 ociosos
934 2190 1008 2237 csse
1030 2168 1163 2251 sinant,
1314 2161 1399 2233 Non
1415 2179 1531 2236 autem
1550 2161 1707 2239 humana
1730 2170 1925 2256 industria,
1949 2192 2016 2241 nec
2031 2172 2116 2241 solis
2133 2168 2206 2242 hu-

171 2277 231 2344 sed
245 2273 436 2362 ignaviam,
461 2270 695 2355 oscitantiam,
722 2285 755 2341 ct
773 2282 956 2340 ueternum
975 2270 1164 2340 excutiant.
1214 2264 1329 2334 manis
1344 2266 1499 2354 viribus,
1526 2281 1561 2339 et
1582 2272 1740 2341 consiliis
1762 2274 1939 2343 foeliciter
1953 2273 2087 2363 regitur
2098 2296 2205 2347 roca·

170 2375 292 2469 Neque
307 2373 404 2442 enim
418 2374 463 2442 ad
479 2373 596 2442 ocium
612 2395 790 2458 vocamur,
806 2396 887 2443 cum
904 2372 960 2441 vel
974 2373 1019 2441 ad
1035 2372 1163 2450 studia,
1214 2370 1283 2449 tio,
1309 2382 1370 2439 aut
1386 2371 1552 2441 salutaria
1563 2372 1665 2443 liunt.
1706 2373 1777 2445 Sed
1794 2376 1972 2467 peculiare
1985 2373 2054 2445 Dei
2070 2378 2205 2444 donum

170 2480 227 2548 vel
255 2479 298 2547 ad
326 2472 503 2546 Ecclesiae
527 2475 891 2560 administrationem,
927 2476 984 2542 vel
1010 2472 1163 2542 docendi
1214 2486 1283 2556 est,
1305 2471 1343 2539 in
1359 2474 1615 2562 gubernatione
1630 2477 1817 2562 autoritas,
1839 2489 1875 2547 et
1888 2491 2035 2548 eventus
2048 2478 2202 2550 foelices.

170 2604 302 2650 munus
317 2580 357 2647 in
378 2573 508 2647 scholis
526 2570 749 2649 adhibemur.
802 2577 893 2648 Nam
908 2577 1026 2646 ocium
1042 2576 1163 2651 litera·
1214 2574 1363 2644 Paratur
1386 2577 1530 2669 quidem
1552 2578 1722 2648 autoritas
1743 2579 1869 2648 eximia
1892 2580 2039 2671 pietate,
2063 2581 2205 2666 virtute,

169 2684 284 2768 rium,
311 2683 408 2775 quod
426 2679 642 2763 sicdicitur,
668 2705 742 2748 non
767 2693 818 2751 est
841 2680 1008 2769 ignavum
1032 2678 1163 2759 ocium,
1214 2679 1423 2769 prudentia,
1451 2692 1486 2748 et
1501 2679 1718 2750 eruditione:
1746 2679 1879 2750 Verum
1899 2697 2122 2766 necesseest,
2148 2685 2205 2754 di·

170 2801 212 2858 nt
232 2783 402 2856 Centauri
425 2780 592 2879 nonnulli
619 2782 799 2862 iudicant,
833 2781 895 2876 qui
919 2804 1000 2851 suos
1023 2793 1162 2852 tantum
1215 2780 1349 2850 vinitus
1364 2782 1402 2850 in
1415 2774 1603 2851 hominum
1619 2783 1747 2852 animis
1765 2783 1841 2853 lieri
1855 2784 2138 2869 inclinationem,
2164 2801 2206 2859 ut

170 2890 311 2958 labores
325 2885 599 2976 magnifaciunt,
625 2884 777 2954 aliorum
792 2908 895 2969 vero,
921 2906 1009 2977 quos
1025 2906 1090 2952 nee
1106 2884 1164 2951 in-
1213 2895 1305 2952 recte
1325 2896 1510 2954 monentes
1524 2885 1692 2975 diligant,
1717 2886 1987 2976 magnifaciant,
2011 2900 2046 2958 et
2066 2878 2205 2981 optem-¹

171 2991 357 3080 telligunt,
389 3011 455 3058 nee
482 2996 658 3078 praestare
686 3000 853 3078 possunt,
885 3000 1094 3068 extenuant,
1129 2998 1164 3055 et
1215 2999 1350 3077 petent.
1401 2979 1505 3077 Opus
1532 2999 1583 3056 cst
1610 2988 1734 3057 divino
1756 2988 1888 3059 auxilio
1912 2989 1950 3057 in
1974 2991 2094 3060 dando
2118 3015 2205 3061 con-

172 3106 415 3165 contemnunt.
467 3090 538 3162 Sed
562 3090 757 3159 maximum
775 3103 846 3174 est,
873 3102 906 3158 et
928 3088 1164 3159 laboriosissi·
1213 3088 1312 3174 silio,
1337 3102 1371 3157 ct
1385 3089 1601 3159 successibus
1618 3090 1845 3161 salutaribus.
1889 3088 1987 3160 Haec
2000 3093 2204 3185 saepissime

171 3220 270 3265 mum
293 3194 490 3282 negocium.
544 3188 699 3261 Intentio
719 3193 813 3261 enim
831 3192 961 3276 animi,
994 3192 1162 3271 studium,
1213 3213 1254 3260 ex
1270 3212 1332 3260 ore
1347 3190 1477 3281 ipsius,
1503 3186 1568 3260 hac
1582 3188 1786 3262 Salomonis
1799 3194 1972 3265 sententia
1990 3194 2206 3283 confirmari,

171 3296 357 3368 assiduitas
382 3295 420 3363 in
444 3293 616 3378 lectione,
642 3308 677 3365 et
696 3294 946 3378 meditatione,
972 3306 1005 3362 et
1027 3307 1067 3363 ut
1088 3317 1162 3362 uno
1213 3294 1337 3362 audire
1359 3316 1415 3361 me
1430 3293 1596 3377 memini,
1621 3307 1662 3364 ut
1680 3295 1805 3364 oculus
1820 3296 1955 3381 videat,
1980 3307 2015 3366 et
2028 3299 2125 3367 auris
2140 3322 2206 3383 au-

172 3399 432 3482 verbodicam,
458 3394 607 3464 Maximi
628 3397 767 3467 labores
787 3397 1020 3490 requiruntur
1037 3397 1081 3464 ab
1096 3390 1163 3481 his,
1213 3396 1304 3479 diat,
1329 3391 1426 3464 Deus
1448 3395 1533 3464 facit
1548 3409 1755 3490 utrumque,
1781 3391 1850 3466 hoc
1868 3410 1937 3479 est,
1965 3412 2005 3469 ut
2027 3401 2206 3489 guberna·

172 3504 235 3597 qui
258 3502 295 3570 in
315 3495 445 3571 scholis
464 3511 669 3586 versantur,
694 3515 728 3568 et
746 3499 802 3568 vel
820 3498 998 3584 discendi,
1017 3499 1080 3570 ‚vel
1097 3499 1163 3568 do-
1213 3512 1306 3568 tores
1329 3499 1516 3588 prudentia
1543 3499 1732 3583 excellant,
1762 3499 1902 3570 futuros
1926 3524 2027 3570 casus
2055 3518 2091 3576 et
2111 3505 2205 3575 mala

171 3606 275 3675 cendi
292 3626 437 3673 munere
452 3603 661 3691 iunguntur.
714 3597 852 3673 Omnes
868 3597 1018 3672 Scholae
1037 3602 1163 3692 ingen·
1213 3601 1443 3692 provideant,
1468 3613 1593 3694 etqua
1617 3601 1755 3671 ratione
1775 3601 1848 3671 illis
1872 3607 2131 3676 occurrendum
2149 3608 2205 3693 sit,

170 3709 219 3779 tia
242 3730 369 3790 onera,
394 3728 468 3773 non
494 3705 713 3774 inducendo
739 3718 899 3790 tanturn,
923 3718 957 3776 ct
982 3704 1163 3789 discendo,
1213 3703 1426 3792 intelligant,
1451 3701 1500 3773 Et
1514 3717 1555 3773 ut
1572 3704 1726 3794 populus
1742 3705 1872 3789 audiat,
1899 3715 2006 3800 atque
2020 3709 2203 3802 obtemp&

171 3812 231 3880 sed
249 3812 353 3879 etiam
369 3809 407 3877 in
423 3807 566 3888 iudiciis
580 3807 625 3875 de
640 3808 865 3896 dogmatibus
885 3821 920 3878 et
935 3807 1163 3878 diiudicatio·
1212 3819 1286 3891 ret,
1311 3819 1505 3900 utrumque
1518 3806 1628 3875 solius
1645 3804 1712 3876 Dei
1727 3806 1938 3877 beneficium
1955 3830 2041 3885 esse.

170 3915 278 3984 nibus
303 3911 644 3994 controversiarum,
676 3935 765 4002 quae
796 3911 880 3978 inde
908 3923 1096 3999 petuntur,
1127 3922 1162 3979 et
1490 3926 1494 3934 ·

171 4015 249 4085 aliis
274 4014 471 4083 innumeris
494 4013 780 4098 difficultatibus,
806 4035 892 4106 quas
916 4034 990 4080 non
1010 4012 1080 4080 nisi
1102 4035 1162 4080 ex·
1315 4005 1389 4078 lam
1405 4009 1510 4079 etiam
1525 4011 1697 4103 quaedam
1715 4012 1760 4080 de
1776 4011 1913 4102 privata
1928 4014 2019 4100 vita,
2044 4026 2078 4084 et
2091 4014 2202 4084 mori-

170 4118 262 4208 pccti
295 4117 522 4203 intelligunt,
552 4114 739 4186 sustinent.
802 4114 923 4205 Quare
952 4115 1089 4195 studio,
1127 4127 1162 4184 et
1211 4111 1279 4180 bus
1293 4107 1338 4180 D.
1356 4106 1514 4204 Philippi
1538 4112 1757 4182 subiicienda
1781 4136 1854 4183 esse
1878 4115 2000 4200 video,
2026 4116 2123 4208 quod
2145 4116 2202 4185 fa*

170 4217 354 4308 diligentia
370 4218 408 4282 in
423 4211 551 4284 scholis
565 4240 655 4307 opus
671 4233 722 4288 est
738 4218 775 4286 in
787 4219 959 4301 docendo,
976 4215 1161 4288 etdis‘cen·
1211 4213 1302 4283 ciam
1323 4213 1496 4298 breviter,
1521 4237 1595 4284 non
1611 4217 1706 4309 quod
1730 4240 1842 4307 pauca
1864 4218 1952 4301 sint,
1976 4240 2065 4310 quae
2082 4218 2126 4286 de
2144 4212 2202 4288 his

171 4325 236 4399 do,
264 4333 303 4392 ut
319 4317 515 4386 doctrinam
535 4318 685 4386 solidam
708 4345 970 4410 comparemus,
997 4322 1088 4390 etad
1110 4321 1161 4389 la-
1212 4311 1409 4387 honorifice
1425 4318 1495 4386 dici
1511 4318 1662 4407 possint,
1687 4319 1748 4387 sed
1766 4342 1811 4388 ne
1833 4319 2035 4411 prolixitate
2050 4315 2203 4391 Oratio·

171 4424 274 4494 hores
292 4422 458 4490 ferendos
474 4441 539 4487 nos
553 4442 813 4511 praeparemus.
1212 4419 1266 4486 nis
1292 4420 1460 4491 molestus
1483 4420 1566 4488 sim:
1596 4419 1754 4489 Tametsi
1779 4422 1938 4506 confido,
1964 4423 2063 4492 nulla
2087 4447 2203 4516 quan-

201 4539 202 4543 *
1211 4522 1342 4591 tumvis
1363 4521 1470 4612 longa
1487 4518 1662 4594 Oratione
1684 4525 1729 4592 de
1749 4536 1847 4594 tanto
1870 4525 1949 4594 viro
1975 4526 2114 4595 animos
2136 4549 2203 4596 au·

271 4625 342 4696 Nec
366 4624 491 4694 inanes
514 4636 575 4692 aut
599 4621 690 4693 irriti
712 4624 810 4693 suere
834 4621 941 4694 huius
956 4625 1033 4693 uiri
1058 4647 1161 4715 prae·
1210 4623 1367 4692 ditorum
1390 4625 1551 4694 exsatiari
1573 4648 1686 4716 posse.
1736 4623 1807 4695 Hic
1831 4650 1916 4698 vero
1940 4627 2132 4698 latissimus
2144 4629 2202 4698 di-

169 4731 254 4800 clari
270 4741 433 4814 conatus,
459 4741 493 4799 et
506 4727 663 4807 labores,
691 4727 749 4796 scd
767 4728 979 4818 gubernatio
998 4722 1160 4813 Scholae,
1209 4726 1316 4794 vendi
1330 4748 1474 4817 campus
1489 4750 1525 4795 se
1541 4724 1631 4796 mihi
1644 4729 1768 4819 aperit.
1819 4727 1926 4817 Quod
1951 4731 1979 4797 si
2002 4752 2066 4821 pro
2083 4730 2202 4820 digni·-

169 4856 258 4928 quae
288 4854 426 4921 semper
455 4831 494 4899 in
525 4831 677 4901 maximo
705 4844 780 4902 erat
808 4830 914 4912 flore,
942 4829 1047 4899 soclix
1080 4831 1158 4901 luit.
1210 4841 1281 4898 tate
1302 4828 1450 4898 virtutes
1472 4829 1541 4899 viri
1563 4832 1786 4914 tractandae,
1815 4844 1851 4901 et
1877 4831 2014 4901 meritis
2035 4833 2204 4904 laudibus

167 4933 369 5006 Antoritate
385 4956 519 5001 summa
536 4933 712 5023 pollebat,
739 4947 780 5005 ut
796 4958 917 5003 omnes
931 4953 1003 5002 tam
1019 4934 1159 5018 summi,
1209 4933 1388 5002 ornandae
1414 4945 1547 5018 essent,
1576 4933 1684 5000 nimis
1708 4934 1799 5003 foret
1816 4934 2005 5025 prolixum.
2059 4931 2143 5006 Ideo
2163 4936 2203 5004 in

166 5061 273 5131 quam
298 5035 412 5105 infimi
433 5034 585 5103 libenter
603 5052 863 5129 praeceptorem
883 5060 1107 5128 communem
1125 5050 1159 5107 et
1208 5058 1318 5126 pauca
1333 5029 1552 5106 contraham.

166 5153 333 5211 vocarent
357 5151 392 5207 et
415 5151 661 5226 agnoscerent,
694 5165 831 5210 summa
854 5140 1100 5234 observantia,
1124 5152 1159 5210 et

165 5243 361 5313 reverentia
379 5264 453 5310 non
469 5260 568 5308 secus
584 5262 623 5307 ac
638 5257 819 5331 parentem
835 5245 1011 5329 colerent,
1038 5242 1157 5312 r'noni-
1309 5237 1394 5310 Fuit
1407 5238 1447 5308 in
1463 5231 1533 5308 hoc
1548 5238 1627 5310 viro
1647 5241 1818 5311 excellens
1842 5243 1974 5332 pietas,
1998 5265 2068 5338 qua
2083 5239 2204 5313 Deum

164 5345 210 5414 tis
227 5343 338 5436 ipsius
355 5345 509 5415 libenter
525 5342 823 5434 obtemperarent.
877 5346 948 5416 Nec
966 5347 1065 5417 ullus
1085 5367 1155 5414 un·
1206 5362 1247 5408 cx
1268 5342 1377 5411 verbo
1402 5358 1466 5413 suo
1487 5364 1569 5411 vere
1586 5342 1748 5432 agnovit,
1769 5354 1805 5412 et
1823 5345 2009 5436 amplexus
2022 5358 2075 5417 est
2090 5357 2204 5417 totam
