4748 6022
57 254 62 271 ‘
126 282 201 357 aar
697 281 1127 374 Quausrrouns
1179 282 1581 358 acaunurcaa.
1809 332 1812 339 .
2081 292 2156 364 aaa

58 482 78 531 s
124 468 281 552 tempore
309 452 490 526 retineant
516 457 688 556 formam
712 454 874 552 primum
901 455 1112 527 institutum
1164 443 1284 550 postea
1309 458 1390 549 plus
1414 459 1589 530 viciorum
1612 460 1765 532 accessit.
1819 460 1904 535 ldeo
1927 487 2155 559 nequaquam

126 560 167 631 in
195 551 398 627 Ecclesia?
798 572 804 587 '
853 622 861 632 .
966 585 970 592 ’
1162 563 1205 630 ad
1217 561 1472 653 Apostolorum
1491 562 1650 651 exempla
1666 566 1903 652 conveniunt,
1921 569 1967 637 ¹et
1986 568 2154 637 emenda-

230 658 327 728 llaec
349 658 508 751 quaestio
531 659 602 729 iam
626 659 751 750 agitari
776 658 884 742 solet,
911 683 991 729 cum
1022 655 1113 751 Epi·
1161 663 1259 734 tinne
1277 688 1365 755 opus
1382 659 1524 735 habent.
1576 664 1648 738 Sed
1674 667 1718 734 de
1744 659 1810 737 hac
1832 693 1872 738 re
1894 670 2064 740 audiuam
2088 669 2154 739 do-

127 763 224 854 scopi
244 775 278 830 et
291 758 481 846 Canonici,
515 762 694 831 defensuri
716 784 820 831 suum
845 760 983 846 ocium,
1010 763 1112 831 volu·
1163 766 1298 835 minum
1314 763 1506 836 Doctorem
1521 760 1818 841 Mariabaeum.
2222 751 2234 762 ’

128 881 258 960 ptates,
293 877 326 932 et
349 863 477 955 impios
499 863 604 948 ritus,
631 865 785 953 allegant
808 863 991 934 vetustatis
1018 864 1108 934 iudi-

129 972 233 1040 cium.
273 964 363 1036 Vera
381 965 489 1054 igitur
505 964 698 1059 antiquitas
713 966 914 1059 quaerenda
933 980 995 1037 est.
1046 964 1111 1036 Sa-

129 1073 174 1142 tis
190 1079 346 1148 constat,
373 1061 570 1157 Prophetas
583 1068 670 1137 olim
687 1063 852 1137 habuisse
868 1081 989 1137 coctus
1004 1068 1110 1137 disci-

130 1174 318 1266 pulorum,
351 1165 487 1249 Eliam‚
518 1165 700 1241 Elisaeum
726 1181 761 1239 et
787 1169 940 1248 similes,
980 1169 1111 1263 quibus
1160 1178 1302 1250 Nais.
1477 1227 1484 1257 ‚
1856 1208 1858 1213 ·
1978 1208 2026 1253 an.
2055 1185 2148 1249 1543,

131 1274 344 1345 enarrabant
371 1272 482 1361 legem
505 1267 594 1357 Dei,
628 1285 662 1342 et
685 1271 936 1363 promissiones
960 1272 1111 1350 divinas,
1161 1273 1331 1300 ’Ν
1924 1267 1925 1271 ’
1979 1276 2148 1327 “4“

129 1393 163 1448 et
180 1376 366 1447 tradebant
382 1369 561 1446 historias.
612 1370 671 1443 Ad
695 1368 780 1441 haec
805 1373 921 1443 studia
943 1375 1003 1466 alii
1025 1374 1111 1443 alias
1221 1399 1254 1451 ιη
1272 1394 1427 1464 Quaesitor
1448 1393 1579 1465 aaa.
1600 1421 1629 1433 -
1667 1392 1856 1466 apographon
1876 1394 1905 1447 tn
1927 1396 2086 1453 wauton.
2105 1395 2148 1451 ss.

127 1482 241 1550 bonas
258 1490 350 1546 artes
367 1477 556 1545 addebant·
606 1473 714 1545 Hunc
733 1499 867 1543 morem
885 1475 1012 1546 imitati
1028 1490 1111 1548 sunt
1170 1498 1172 1503 ⁴
1264 1463 1508 1545 ¹¹⁰·¹V·¹’·⁸³¹·.

129 1577 307 1652 lohannes
321 1576 497 1670 Baptista,
522 1573 740 1648 etChristus.
793 1575 845 1648 lta
859 1577 974 1648 Duces
987 1574 1110 1649 Eccle-
1422 1645 1621 1733 caleno,
1647 1647 1813 1715 recitata
1827 1642 1862 1714 d·
1873 1641 1910 1716 5·
1920 1639 2024 1715 febr·
2036 1641 2148 1718 1543·

131 1685 202 1753 siae
226 1705 364 1774 semper
379 1675 616 1750 Scholasticos
639 1693 759 1751 coetus
783 1701 899 1749 secum
917 1693 1111 1752 traxerunt.
1161 1647 1337 1728 Quae‘lll‘l
1356 1643 1404 1715 ‘le
1983 1751 1991 1766 ·

131 1783 178 1856 Et
195 1797 470 1855 consentaneum
486 1795 554 1867 est,
574 1782 765 1854 muggam
785 1805 857 1851 esse
872 1784 1029 1872 exempla
1044 1778 1111 1879 pm„
1162 1768 1246 1818 omn
1273 1745 1538 1819 decerneretur
1565 1744 1713 1842 gradus
1738 1747 1947 1818 Doctorum
1977 1767 2018 1818 m
2042 1755 2150 1818 utro-

132 1889 188 1958 ius
211 1888 275 1959 rei.
326 1882 602 1954 PrimosPatres
627 1886 802 1977 usquead
827 1884 937 1955 Moisi
962 1898 1111 1954 aetatem
1226 1871 1294 1944 ΨΘ
1320 1845 1541 1922 lureD‘lm'
1568 1847 1841 1922 Cluuiam
1868 1854 2092 1922 mmm·

131 2005 221 2059 certa
238 1987 400 2058 sodalitia
414 1986 618 2056 auditorum
636 1983 801 2055 habuisse
820 1986 984 2057 arbitror.
1008 1983 1112 2056 Post·
1160 2006 1252 2090 Non
1276 2016 1328 2089 esp
1350 1955 1499 2089 nomae!
1518 2020 1642 2090 nemis
1665 2019 1863 2110 disputare,
1896 2044 1967 2112 quo
1998 2017 2149 2088 commo

131 2118 169 2161 ea
205 2090 406 2160 institutum
440 2098 492 2157 est
517 2085 715 2177 Collegium
743 2088 786 2155 ad
812 2085 1113 2172 Tabernaculum,
1163 2117 1233 2192 hue
1261 2123 1485 2192 adducamur
1508 2121 1630 2214 pueri,
1664 2137 1705 2193 ut
1728 2122 1871 2212 publice
1899 2123 2050 2193 recitem
2083 2119 2149 2191 ali,

131 2191 227 2263 haud
261 2190 390 2270 dubie,
420 2201 459 2256 ut
480 2189 517 2255 in
544 2212 582 2257 ea
605 2190 803 2281 frequentia
828 2192 1026 2261 traderetur
1047 2193 1112 2260 do·
1162 2213 1467 2317 qmmmffimm
1493 2223 1748 2315 quaestionem·
1801 2223 1870 2294 sed
1896 2223 1935 2290 in
1963 2220 2149 2296 hacinfir-

130 2295 243 2364 ctrina
267 2289 480 2361 iunioribus.
532 2286 593 2383 Ex
618 2286 682 2359 hac
703 2287 894 2361 Academia
922 2293 1114 2362 extiterunt
1163 2326 1286 2397 [nime
1324 2325 1447 2395 aetatis
1488 2325 1674 2415 praecipua
1709 2325 1787 2393 laus
1824 2338 1875 2393 est
1913 2325 2149 2396 obedientiae·

130 2417 256 2483 magna
273 2391 409 2461 lumina
431 2385 538 2460 b¹¹l⁰⁸
562 2393 707 2483 P⁰P¹¹¹i’
731 2391 895 2479 samuel‘
921 2393 1053 2478 s³d⁰⁶’
1079 2408 1114 2464 εἴ
1163 2427 1284 2517 Quare
1299 2429 1364 2498 etsi
1380 2449 1481 2519 spero
1498 2451 1561 2498 vos
1578 2422 1669 2495 mihi
1685 2427 1825 2495 veniam
1842 2430 1945 2509 dare,
1961 2428 2056 2519 quod
2074 2427 2149 2495 ius·

133 2496 276 2564 similes.
327 2491 400 2562 Nec
423 2505 544 2584 putate
568 2507 707 2565 tantum
732 2508 878 2586 propter
897 2497 1118 2565 ceremonias.
1162 2554 1222 2600 sus
1247 2530 1286 2598 in
1314 2525 1410 2598 hunc
1429 2530 1548 2598 locum
1569 2528 1707 2620 prodii,
1735 2540 1853 2599 tamen
1876 2528 1969 2598 sicut
1990 2529 2150 2601 modom

133 2623 191 2667 eos
213 2609 331 2667 coetus
356 2609 493 2665 coactos
515 2618 600 2668 esse.
649 2595 732 2666 Non
753 2609 829 2667 erat
853 2599 969 2667 ociosa
998 2600 1113 2682 turba,
1164 2633 1173 2652 ·

321 2698 329 2714 .
503 2697 525 2715 ..
646 2700 654 2714 .
1162 2630 1305 2722 mgenia
1321 2634 1437 2714 decet,
1464 2631 1501 2699 id
1516 2654 1580 2700 ros
1595 2633 1752 2701 orandas
1767 2654 1840 2701 esse
1853 2631 1952 2700 duxi.
2003 2627 2149 2701 Fortas-

133 2702 194 2769 sed
216 2702 399 2816 doctrinae
418 2699 545 2817 studus
573 2700 704 2816 dedita.
764 2698 837 2769 Nec
872 2702 1113 2771 adolescentes
1164 2735 1211 2803 εἰς
1235 2747 1353 2803 amem
1375 2732 1456 2802 ideo
1481 2727 1551 2803 hue
1575 2733 1804 2818 adducimur,
1830 2733 1927 2804 utin
1941 2727 2149 2824 hisspem·

131 2815 270 2922 timum
288 2815 350 2869 aut
365 2824 433 2867 vm
452 2800 505 2868 ¹¹¹¹
520 2802 789 2922 emdoebannlr',
836 2798 951 2921 ΕΜ
974 2817 1008 2872 ‘t
1033 2818 1113 2874 ¹¹¹⁰·
1164 2837 1253 2907 culis
1267 2835 1436 2905 admirari
1451 2829 1606 2905 bonores
1622 2836 1823 2906 studiorum
1841 2836 2028 2911 discamus,
2056 2847 2091 2903 et
2104 2835 2148 2903 ad

130 2907 259 2974 herum
273 2925 313 2971 ac
328 2898 533 2971 Puellarum
555 2896 714 2982 scholae,
740 2900 1010 2988 rbrEhzabeth‚
1035 2907 1113 2974 An·
1164 2940 1348 3009 literarum
1375 2961 1530 3006 amorem
1552 2938 1797 3007 accendamur·
1835 2933 1904 3007 <Et
1924 2949 1963 3006 m
1989 2935 2149 3030 quaestio
2224 3012 2227 3018 Ι

131 3032 195 3091 na,
223 3002 364 3088 Maria,
389 3027 461 3073 una
488 2997 759 3095 philosophatae
786 3021 878 3078 sunt.
930 3005 1113 3076 Interdum
1165 3014 1317 3131 inteqqigq
1341 3039 1469 3130 possit,
1502 3065 1608 3136 quam
1632 3041 1806 3125 recitabo,
1842 3038 1941 3131 prius
1977 3041 2156 3131 quaedam

133 3122 250 3178 autem
266 3107 518 3176 instaurandae
533 3106 715 3176 doctrinae
731 3130 833 3178 causa
841 3103 938 3177 Deus
953 3109 1115 3179 excitavit
1165 3145 1343 3217 „amuda
1360 3140 1462 3212 sung·

131 3204 349 3299 Prophetas,
375 3209 437 3300 qui
453 3209 647 3298 peculiares
666 3203 814 3279 Scholas
830 3205 1021 3284 habebant.
1061 3207 1115 3282 lta

133 3308 337 3383 Iohannem·
347 3322 382 3378 et
393 3304 577 3379 Christum
592 3312 733 3400 agmina
749 3327 842 3383 certa
857 3313 1115 3406 discipulorum
1268 3308 1359 3382 Cum
1374 3307 1556 3381 Antonius
1571 3321 1606 3379 et
1620 3304 1795 3381 Octavius
1809 3312 1854 3379 ad
1875 3308 2055 3380 Mutinam
2076 3331 2151 3388 cer-

133 3413 383 3509 sequebantur.
433 3409 525 3482 Cum
540 3427 657 3484 autem
667 3411 833 3504 Apostoli
850 3416 1117 3486 constituissent
1169 3417 1213 3487 tis
1229 3413 1453 3504 pactionibus
1477 3434 1514 3479 se
1536 3411 1821 3493 coniunxissent,
1847 3436 1888 3480 ac
1909 3413 2034 3480 foedus
2058 3411 2153 3482 inter

131 3514 327 3599 Ecclesias,
353 3514 482 3605 passim
508 3516 633 3605 stipsi
657 3517 744 3584 tales
769 3512 917 3587 Scholas
945 3518 1117 3586 adiunxe-
1169 3541 1205 3586 se
1217 3514 1398 3608 iecissent,
1424 3510 1579 3583 Romam
1601 3514 1804 3598 redierunt,
1826 3512 1895 3581 ubi·
1912 3527 2012 3603 rapta
2035 3513 2153 3580 ‹lomi-

133 3630 233 3690 runt.
285 3615 448 3686 Fuerunt
468 3617 578 3705 igitur
597 3613 836 3689 Alexandriae
866 3632 900 3687 et
929 3620 1016 3689 alibi
1047 3620 1118 3688 fre·
1169 3616 1335 3700 natione,
1361 3615 1475 3683 edicta
1496 3613 1767 3705 proscriptionis
1791 3617 1958 3683 adversus
1986 3613 2152 3682 inimicos

133 3731 281 3814 quantes
313 3711 482 3800 scholae,
526 3740 677 3811 quarum
711 3720 783 3789 duo
817 3722 963 3791 fuerunt
993 3721 1118 3796 officia.
1171 3742 1253 3790 suos
1281 3729 1562 3809 proposuerunt,
1594 3728 1747 3809 suntque
1769 3716 1887 3787 statim
1910 3715 2014 3785 initio
2039 3715 2151 3785 inter-

131 3819 343 3893 Doctrinam
376 3840 591 3908 propagare,
624 3833 659 3890 et
691 3844 851 3891 exercere
885 3822 1016 3892 iudicia
1050 3820 1120 3893 Ec·
1171 3821 1254 3893 secti
1277 3818 1331 3893 M.
1348 3818 1493 3901 Cicero,
1516 3817 1558 3892 L·
1575 3815 1725 3903 Caesar,
1759 3818 1879 3888 etalii
1905 3818 2045 3889 nobiles
2071 3815 2152 3885 viri.

133 3923 270 3994 clesiae.
1007 3938 1013 3945 '
1171 3923 1256 3995 Fuit
1277 3937 1395 3993 autem
1417 3922 1511 3992 inter
1535 3920 1750 4013 proscriptos
1771 3933 1807 3990 et
1819 3918 1953 4004 Varro,
1978 3919 2041 4010 qui
2068 3940 2152 4010 pro·

231 4021 335 4091 Talia
360 4021 469 4091 luisse
488 4018 647 4112 Collegia
670 4023 774 4095 initio
792 4024 879 4094 etin
897 4023 1121 4097 Germanicis
1172 4040 1251 4118 pter
1287 4025 1531 4103 nobilitatem,
1572 4035 1738 4108 aetatem,
1780 4022 2016 4093 eruditionem
2059 4020 2153 4091 inter

133 4123 357 4208 civitatibus,
383 4148 458 4193 non
480 4124 632 4194 dubium
655 4141 717 4200 est.
770 4126 898 4198 Statim
920 4129 1015 4197 enim
1038 4142 1120 4220 post
1172 4128 1379 4220 praecipuos
1403 4124 1590 4196 Senatores
1614 4138 1702 4195 erat.
1768 4122 1874 4194 Hunc
1895 4124 1986 4195 alius
2008 4122 2154 4217 quidam

133 4227 325 4320 Apostolos
338 4223 436 4296 Deus
460 4240 494 4296 et
518 4221 610 4295 hanc
625 4230 807 4299 nationem
824 4232 867 4298 ad
882 4225 1119 4320 Evangelium
1173 4229 1322 4303 Senator
1337 4227 1465 4300 Fusius
1480 4225 1634 4298 Calenus
1651 4222 1801 4298 Antonii
1815 4227 1966 4306 amicus,
1984 4225 2046 4319 qui
2062 4247 2155 4292 sem-

135 4330 283 4402 vocavit.
335 4325 553 4418 Argentinae
574 4331 698 4402 docuit
713 4329 918 4417 Maternus,
942 4331 1041 4402 Petri
1057 4356 1121 4402 au·
1173 4332 1296 4424 peria
1322 4330 1457 4402 Senatu
1487 4329 1603 4399 iuerat
1632 4322 1810 4412 hortator,
1840 4344 1880 4401 ut
1913 4327 2155 4397 mediocribus

134 4435 248 4514 ditor,
288 4428 422 4501 Lucius
453 4427 657 4525 Cyrenaeus
692 4433 731 4501 in
767 4431 926 4524 Augusta
961 4433 1120 4514 Tiberia,
1173 4433 1440 4504 conditionibus
1454 4456 1521 4523 pax
1539 4432 1632 4500 inter
1648 4431 1740 4499 cives
1757 4431 1874 4516 fieret,
1899 4431 1939 4499 in
1955 4433 2057 4501 aedes
2073 4450 2154 4498 suas

135 4559 225 4628 quae
238 4555 336 4601 nunc
352 4547 404 4602 est
418 4530 693 4624 Regensburgk‚
718 4533 888 4605 Crescens
899 4534 1121 4625 Mogontiae,
1173 4538 1262 4607 clam
1279 4534 1428 4626 recepit,
1454 4547 1489 4603 et
1511 4534 1650 4626 aliquot
1664 4556 1801 4603 menses
1820 4534 1977 4617 abdidit,
2001 4555 2075 4600 non
2092 4531 2156 4598 de-

134 4635 299 4705 Clemens
324 4631 433 4715 Meti,
468 4633 613 4706 Marcus
639 4636 742 4708 Pauli
772 4662 888 4726 comes
912 4640 951 4708 iu
977 4637 1121 4724 Passau‚
1172 4639 1316 4709 territus
1331 4633 1483 4708 Antonii
1502 4635 1647 4705 victoris
1668 4635 1726 4704 vel
1746 4635 1930 4704 iracundia
1951 4634 2008 4701 vel
2028 4632 2155 4704 edicto.

136 4728 517 4827 TrophimusArelati.
567 4737 639 4808 Sed
657 4754 774 4830 postca
788 4739 959 4812 Vandalis
974 4740 1120 4813 etHun-
1154 4739 1519 4832 ‘Hortemporecum
1541 4739 1604 4805 alii
1620 4736 1757 4826 expulsi
1781 4735 1909 4827 passim
1932 4746 2156 4817 necarentur,

135 4839 192 4907 nis
213 4836 334 4908 omnia
359 4836 597 4923 vastantibus,
611 4837 741 4912 'studia
763 4843 946 4914 doctrinae
969 4842 1121 4913 extincta
1173 4845 1275 4934 saepe
1291 4841 1474 4912 Antonius
1495 4840 1535 4908 in
1550 4835 1676 4908 Caleni
1693 4837 1840 4904 domum
1855 4835 1972 4920 venit,
1997 4847 2040 4905 ut
2061 4834 2156 4927 apud

115 4954 232 5010 ¹sunt.
284 4933 333 5007 Et
357 4936 564 5028 peregrinae
589 4942 750 5013 nationes
774 4943 918 5032 ignarae
938 4942 1122 5033 religionis
1174 4943 1328 5012 amicum
1344 4942 1604 5013 convivaretur.
1662 4932 1709 5005 Et
1731 4949 1849 5006 tamen
1863 4933 1981 5007 Varro
2006 4936 2059 5005 ibi
2078 4949 2157 5008 tuto

135 5043 349 5114 deleverunt
373 5035 569 5122 Ecclesiae,
603 5064 692 5133 quae
722 5057 804 5135 post
824 5041 1042 5134 Gregorium
1063 5045 1123 5113 in·
1174 5044 1318 5115 latebat.
1351 5041 1514 5113 Tandem
1531 5062 1611 5109 cum
1625 5038 1764 5110 videret
1776 5035 1950 5127 Calenus,
1977 5038 2158 5109 saevitiam

135 5151 312 5216 staura'tae
327 5152 431 5224 sunt,
457 5164 538 5209 cum
553 5139 624 5210 iam
641 5145 911 5236 superstitiones
925 5144 1057 5215 multae
1083 5144 1122 5214 in
1175 5144 1444 5238 proscriptionis
1475 5142 1672 5231 mitigatam
1701 5162 1794 5222 esse,
1826 5155 1863 5212 et
1885 5143 2017 5215 sactum
2042 5134 2161 5209 Anto-
2191 5154 2199 5169 '

134 5245 329 5320 Ecclesiam
357 5242 578 5334 irrupissent.
637 5242 853 5339 Quanquam
887 5259 1004 5317 autem
1036 5241 1123 5317 haec
1174 5246 1275 5318 nium
1291 5244 1579 5341 placabiliorem,
1603 5242 1814 5335 deprecatur
1836 5268 1901 5337 pro
1919 5241 2101 5326 Varrone,
2126 5252 2163 5310 et

135 5349 291 5421 recentia
315 5342 473 5434 Collegia
506 5345 696 5419 constituta
731 5345 922 5434 aCarolo,
953 5344 1123 5434 ilenrico,
1174 5351 1305 5419 latetur
1320 5373 1339 5419 a
1355 5371 1392 5417 se
1409 5345 1553 5417 interim
1572 5345 1785 5417 occultatum
1801 5369 1886 5416 esse.
1934 5343 2074 5415 Laudat
2083 5335 2163 5414 An-

136 5448 319 5530 Otthone‚
336 5447 475 5541 aliquid
489 5441 670 5522 habebant
684 5473 846 5523 errorum
860 5451 983 5538 initio,
1005 5464 1122 5524 tamen
1175 5449 1297 5526 tonius
1312 5449 1438 5525 Caleni
1453 5448 1579 5542 fidem,
1605 5448 1746 5520 etiamsi
1769 5461 1893 5521 contra
1908 5445 2063 5518 edictum
2079 5467 2164 5539 pro-
2197 5542 2200 5547 .
2283 5444 2286 5449 ’

174 5560 356 5625 Menarrn.
374 5553 478 5620 Ona.
505 5553 590 5621 Vos.
604 5555 652 5624 X.
1465 5547 1516 5622 47
