4748 6022
218 205 269 282 ro
383 190 838 311 presentantur,
875 179 1363 281 summoneatur
1397 176 1796 257 scurerouuu
1843 181 1955 269 nra.
1978 182 2079 267 xrs.
2197 189 2247 259 ao

219 365 476 443 muham·
522 366 604 439 No„
620 336 733 447 mii„
748 387 770 447 μ
791 375 843 453 10*
873 354 1021 445 {mim
1039 368 1210 449 09me
1259 348 1387 420 larturi
1404 371 1561 431 eramus,
1588 360 1705 416 tamen
1725 348 1881 420 delector
1894 350 2004 439 patris
2018 344 2253 438 humanitate,

221 456 381 562 flagitare
403 473 539 554 litem„
582 471 641 549 sed
668 452 787 536 pamm
808 464 983 553 argum,
1012 476 1049 532 ω
1072 457 1209 552 aliquid
1261 452 1324 546 qui
1340 449 1501 540 cognosci
1522 464 1592 519 ate
1610 450 1861 541 gratitudinem
1878 465 2036 522 nostram
2051 455 2186 539 voluit,
2213 471 2253 527 ut

223 573 393 665 temporis
415 571 536 640 „mich
559 569 734 663 „iguem
748 552 753 561 '
765 565 825 639 uhi
842 565 872 635 ,i
889 564 1033 656 quidm
1051 583 1211 653 102un-
1263 575 1377 622 mores
1401 551 1513 621 nostri
1537 552 1604 621 tibi
1623 552 1796 641 voluptati
1824 568 1949 623 esseut.
2001 551 2172 625 Libenter
2186 558 2253 647 igi-

225 650 294 768 ’ψ
319 654 502 743 [iteratum
527 670 685 754 pedem,
714 654 881 757 magnum
897 689 952 737 mg
970 666 1034 737 aba
1055 678 1088 735 te
1103 664 1211 737 bene,-
1262 669 1321 725 tur
1335 655 1378 724 ad
1396 667 1428 722 te
1443 653 1566 744 scripsi
1584 667 1623 723 ut
1640 654 1931 742 significationem
1952 656 2042 745 grati
2062 656 2171 725 animi
2187 660 2253 729 tibi

90 841 93 845 ,
223 774 343 845 ficium
367 773 540 865 accepisse
559 785 721 855 statuam.
778 764 854 857 Ego
875 766 905 847 si
927 791 998 860 quo
1014 763 1130 841 oflicio
1149 764 1212 831 de-
1262 757 1493 826 ostenderem.
1529 752 1649 823 ¹Nam
1672 756 1879 825 beneficium
1909 772 2011 828 tuum
2041 782 2114 827 non
2137 760 2254 833 solum

223 877 355 946 clarere
378 898 497 951 meum
521 895 601 962 erga
632 885 667 942 te
699 868 859 943 animuin
889 890 1045 960 unquam
1076 877 1213 956 potero,
1263 852 1331 927 hoc
1346 850 1594 925 nominemihi
1609 870 1747 945 gratum
1762 873 1830 942 est,
1856 861 1950 950 quod
1964 852 2147 929 nobishoc
2163 873 2253 930 tem·

221 976 400 1069 perficiam
416 989 455 1046 ut
470 972 643 1065 intelliges
658 971 779 1042 metui
797 969 1077 1040 amantissimum
1091 988 1177 1039 esse.
1263 981 1366 1050 pore,
1397 958 1435 1029 in
1458 970 1554 1031 tanta
1577 957 1783 1028 difficultate
1807 984 1925 1030 rerum
1950 961 2099 1051 petuma
2120 963 2256 1033 maiore

1263 1082 1353 1151 opus
1375 1073 1445 1142 cst,
1477 1060 1538 1128 sed
1563 1059 1668 1129 etiam
1695 1059 1779 1152 quia
1801 1062 1975 1150 significas
1998 1064 2254 1142 tedaverestu·

1168 1218 1172 1225 .
1264 1162 1334 1231 diis
1359 1160 1501 1230 nostris.
1560 1156 1760 1231 Plurimum
1780 1178 1895 1232 autem
1919 1164 2015 1253 apud
2037 1177 2171 1254 patrem
2194 1179 2255 1239 tus
2287 1194 2288 1199 ¹

1264 1262 1434 1333 autoritas
1457 1261 1560 1330 nobis
1578 1264 1742 1352 prodesse
1754 1277 1882 1357 potest.
1934 1261 2113 1358 Aequiore
2132 1266 2255 1339 animo

222 1348 291 1425 No.
305 1346 418 1424 7071.
1081 1389 1130 1406 -·
1158 1382 1207 1395 -
1263 1363 1398 1433 fovebit
1420 1362 1535 1433 studia
1553 1376 1690 1446 nostra,
1721 1363 1751 1431 si
1767 1366 1831 1436 tibi
1849 1366 1986 1457 placere
2011 1391 2050 1437 ea
2068 1367 2253 1456 intelliget.

231 1444 403 1490 ’ψ
654 1532 705 1619 Ν
738 1531 789 1618 Ν
895 1556 899 1563 ι
1077 1441 1213 1472 Μ
1267 1463 1343 1553 Ago
1367 1464 1485 1557 itaque
1508 1464 1573 1535 tibi
1589 1466 1719 1554 gratias
1731 1490 1796 1557 pro
1811 1492 1975 1552 munere,
2006 1481 2038 1539 et
2061 1469 2153 1539 dabo
2169 1493 2257 1561 ops·

698 1597 709 1620 ·
782 1596 793 1619 ·
1265 1590 1340 1639 raro
1361 1581 1402 1637 ut
1423 1588 1610 1653 cognoscas
1631 1581 1724 1637 recte
1745 1569 1956 1647 collocatum
1981 1593 2065 1647 esse.
2164 1595 2254 1641 uan-
2332 1567 2343 1589 ⁹

295 1698 334 1754 tt:
346 1717 440 1770 apogr.
452 1695 480 1751 tn
493 1695 557 1752 cod.
575 1693 646 1751 nist.
659 1693 745 1749 Palas.
759 1692 859 1747 vienn.
873 1690 967 1749 Theot.
979 1707 1025 1745 no.
1037 1688 1098 1765 93⁵,-
1109 1685 1159 1755 ιρι.
1170 1685 1214 1741 27.
1267 1691 1372 1761 quam
1387 1680 1502 1735 autem
1520 1668 1628 1756 patris
1643 1693 1777 1739 summa
1794 1684 1845 1741 est
1858 1693 1938 1759 erga
1961 1694 2026 1739 nos
2041 1567 2169 1762 pieta}
2199 1687 2256 1745 ts-

287 1754 302 1773 *
328 1767 426 1822 veno.
1267 1793 1348 1837 men
1375 1783 1407 1838 te
1427 1770 1603 1837 orandum
1625 1792 1699 1839 esse
1722 1771 1826 1851 duxi,
1858 1785 1898 1840 ut
1924 1773 2000 1841 cius
2022 1773 2193 1845 iudicium
2210 1776 2257 1845 de

223 1919 293 1997 ,Ad
317 1921 476 1995 amicum
509 1914 605 1993 phil
645 1914 734 1990 Md
785 1858 942 2015 epistola
975 1913 1109 1987 lumi
1140 1909 1216 1983 cm·-
1267 1869 1398 1939 nostris
1422 1869 1606 1938 studiisac
1628 1871 1846 1944 voluntatem
1865 1874 2068 1957 confirmes,
2102 1897 2256 1968 eumque

605 1975 615 1995 ⁹
735 1975 743 1991 ’
1267 1967 1439 2055 horteris,
1471 1984 1512 2041 ut
1530 1985 1712 2066 postquam
1730 1973 1799 2041 iam
1816 1974 1932 2066 aliqua
1950 2000 2028 2043 cnm
2047 1999 2107 2066 spe
2125 1976 2162 2043 in
2180 1991 2256 2047 stu·

520 2018 608 2091 dm
624 2016 666 2115 θ)
684 2028 926 2118 praescript&
977 2113 984 2125 ·
1267 2072 1336 2141 diis
1351 2095 1550 2152 versamur,
1584 2096 1657 2142 non
1675 2076 1844 2162 gravatim
1868 2076 2067 2165 suppeditet
2084 2090 2257 2169 sumptus.

228 2163 277 2252 S.
302 2174 348 2250 D.
399 2175 501 2245 Misit
525 2175 629 2245 nobis
652 2189 750 2265 pater
772 2195 902 2242 munus
927 2185 1026 2241 tuum
1043 2163 1215 2251 Ausoba·
1267 2170 1457 2244 Enitemur
1470 2174 1563 2243 enim
1579 2175 1749 2245 omuibus
1760 2174 1897 2264 ingenii
1912 2177 2067 2261 viribus,
2096 2202 2136 2248 ar
2159 2202 2258 2247 sum-

227 2277 384 2360 rissime,
403 2301 442 2346 ac
457 2276 645 2364 diligenter
663 2274 859 2366 praecepit,
884 2286 923 2342 ut
935 2273 1000 2342 tibi
1016 2293 1080 2362 per
1097 2270 1217 2339 literas
1268 2298 1323 2342 ma
1341 2275 1523 2363 diligentia
1539 2289 1579 2344 ut
1592 2277 1710 2345 studia
1725 2291 1845 2347 nostra
1862 2277 2065 2347 liberalitati
2089 2281 2198 2371 patris
2216 2303 2257 2348 ac

227 2401 407 2468 ageremus
442 2377 589 2468 gratias,
631 2378 726 2469 quod
763 2375 846 2455 etsi,
889 2389 929 2444 ut
964 2374 1081 2457 decet,
1120 2371 1216 2441 ultro
1268 2377 1499 2464 cxpectationi
1522 2390 1656 2447 vestrae
1686 2380 1933 2468 respondeant.
1994 2374 2108 2448 Deum
2131 2384 2256 2473 precor

230 2528 442 2550 ...-.....
1267 2488 1307 2544 ut
1325 2472 1421 2551 bunc
1436 2498 1576 2545 cursum
1596 2476 1776 2547 institutae
1790 2478 1883 2548 vitae
1898 2501 1996 2546 meae
2011 2480 2059 2548 ita
2075 2482 2257 2568 gubernet,

261 2609 293 2674 s)
314 2606 440 2659 fortine
457 2599 675 2668 aeufemtemto.
1268 2589 1309 2647 ut
1327 2577 1428 2645 vobis
1445 2578 1617 2668 voluptati
1633 2579 1839 2669 esse-possit.
1889 2577 1986 2648 Bene
2000 2582 2087 2655 vale.

279 3588 342 3698 0]
413 3584 759 3701 SCHEDAE
818 3580 1142 3674 Putemus
1201 3574 1529 3667 auulxau
1586 3581 1628 3663 Α
1683 3575 2218 3675 MnhANt'HONu

458 3790 634 3883 (Servavit
673 3801 849 3889 plerasque
883 3799 955 3866 eod.
989 3798 1090 3866 Besil.
1123 3795 1178 3863 39.
1213 3803 1249 3859 et
1284 3791 1418 3857 Ricoiur
1451 3793 1484 3855 iu
1518 3791 1758 3871 llisosltsneis,
1793 3800 1846 3856 ·et
1882 3791 2069 3874 prumam·

547 3896 567 3905 ”
1018 3899 1063 3969 ed
1088 3913 1193 3967 suros
1217 3892 1480 3976 llio—1530.)
1512 3958 1536 3981 t

234 4124 302 4197 No,
317 4120 431 4197 7072,
1078 4161 1130 4179 -
1154 4158 1207 4181 ι-
1276 4111 1485 4205 displicinae
1506 4136 1630 4200 eausa,
1659 4130 1699 4187 ut
1723 4110 1870 4186 honesta
1893 4112 2008 4189 officia
2027 4115 2273 4188 adolescentes-

243 4216 414 4252 *Ν
753 4292 756 4297 ,
1054 4217 1225 4261 ⁸¹⁹⁴*
1278 4215 1414 4285 discant
1427 4209 1591 4285 exhibere
1608 4216 1784 4287 foemineo
1802 4217 1916 4289 sexui:
1949 4212 2082 4286 babent
2098 4211 2276 4305 honestas⁸

610 4319 849 4409 Studiogip,
1277 4338 1398 4386 causas
1410 4310 1568 4386 choreae.
1621 4316 1741 4407 Quare
1757 4330 1892 4388 nonest
1905 4318 2200 4410 permittendum,
2226 4335 2265 4390 ut

1278 4440 1355 4487 mos
1381 4418 1426 4486 ad
1459 4416 1682 4511 disciplinam
1717 4433 1749 4489 et
1784 4415 2037 4489 humanitatem
2073 4418 2267 4505 institutus,

1193 4580 1198 4585 .
1279 4520 1491 4611 depravetur
1511 4522 1748 4590 obscoenitate
1777 4520 1834 4589 vel
1858 4520 2080 4594 scurrilitate.
2139 4516 2268 4592 Prohi-

1279 4622 1402 4691 bemus
1425 4620 1550 4710 igitur,
1583 4622 1678 4692 intsr
1697 4622 1898 4690 saltandum
1928 4620 1967 4690 iu
1989 4642 2092 4717 gyros
2116 4621 2267 4719 eircum÷

1274 4722 1363 4792 duci
1378 4723 1531 4813 puellas,
1560 4724 1649 4793 utlit
1665 4746 1687 4792 a
1701 4722 1925 4816 quibusdam.
1983 4718 2219 4794 Prohibemus
2234 4742 2269 4797 et

1280 4824 1349 4893 alia
1374 4820 1559 4894 inhonesta
1581 4824 1748 4915 exempla.
1807 4819 1967 4894 Choreae
1990 4820 2120 4894 habent
2136 4849 2268 4897 nomeu

238 4900 480 5002 intelligimus
504 4914 676 5007 quosdam
701 4913 740 4984 in
765 4907 904 4985 choreis
927 4918 1078 5006 publicis
1097 4921 1167 4992 sibi
1183 4922 1230 4993 li-
1279 4951 1301 5006 a
1316 4920 1434 4996 choris
1439 4978 1450 5010 ,
1484 4927 1634 5018 quinon
1650 4939 1788 4997 tautum
1803 4939 1965 4998 constant
1981 4922 2168 4996 harmonia
2184 4938 2270 4997 ca'n·

239 5014 390 5085 centiam
408 5014 609 5106 permittere
628 5016 849 5108 quarundam
873 5017 1108 5110 ineptiarum,
1139 5050 1231 5119 quae
1278 5041 1357 5112 tus,
1386 5029 1567 5100 sedetiam
1585 5042 1746 5120 gestuum
1763 5043 1962 5103 etmorum.
2013 5024 2111 5101 Haec
2126 5023 2270 5101 harmu-

239 5141 314 5185 uon
332 5117 474 5196 decent,
501 5130 535 5187 et
551 5116 730 5186 interdurn
744 5116 897 5190 afferunt
913 5122 1109 5212 periculum
1130 5131 1231 5219 puel-
1281 5131 1342 5198 nia
1367 5155 1439 5200 nou
1474 5144 1526 5201 est
1557 5132 1807 5225 perturbanda.
1867 5126 1937 5201 sed
1974 5153 2051 5203 mos
2082 5125 2273 5221 honestus,

240 5216 285 5286 lis
302 5217 522 5292 saltantibus.
573 5214 665 5287 Cum
682 5229 798 5286 autem
818 5215 966 5291 choreae
987 5249 1061 5296 non
1079 5230 1230 5302 debeant
1281 5225 1429 5327 honeste
1445 5233 1617 5314 colendus
1632 5248 1693 5309 est.
1744 5231 1785 5303 Si
1799 5230 1879 5324 quis
1893 5245 2016 5319 contra
2032 5226 2101 5302 hoc
2116 5232 2269 5309 adiutum

241 5341 314 5387 esse
333 5319 508 5389 barbarici
530 5333 590 5388 aut
615 5333 734 5408 turpes
753 5319 845 5404 ludi,
880 5327 940 5392 sed
962 5326 1143 5401 institutae
1159 5335 1232 5409 sint
1283 5334 1425 5418 fectrit,
1445 5331 2058 5405 inhuocsevereanimadvertenrtua
2089 5331 2271 5407 Postremo

303 4482 391 4538 Mari·
405 4481 506 4553 irrrag.
525 4498 553 4555 p·
563 4480 616 4537 Μ
628 4498 669 4554 sq.

237 4653 484 4740 Dehortatio,
522 4680 567 4728 ns
588 4655 737 4756 puellae
759 4657 799 4730 in
819 4684 936 4756 gyros
959 4656 1245 4738 ducentenas·

392 4781 505 4831 causa
527 4754 755 4832 curclrome
776 4762 1078 4861 institutoesun't.
