4748 6022
242 204 318 280 ses

246 381 309 450 llle
327 376 393 445 iter
407 372 588 441 incertum·
601 363 692 433 vitae
708 355 973 438 moderabitur,
998 366 1103 448 atque
1180 371 1184 448 J

295 477 437 548 Muniet
453 474 620 545 adversus
636 476 759 533 cuncta
778 459 908 554 pericla
925 457 1016 549 pios.

244 579 444 655 Consilium
462 593 599 664 semper
613 570 672 637 dat
691 577 824 634 rectum
842 583 943 652 posse
958 560 1091 641 videre,

297 683 446 768 Semper
459 692 655 745 successum
671 666 930 755 consiliumque
944 660 1053 728 iuvat.

166 798 170 807 '
248 784 364 858 Multa
380 782 479 851 iubet
498 775 652 869 perferre
666 771 763 862 pios,
788 786 912 834 verum
931 762 1005 854 ipse
1021 759 1194 830 secundos

299 885 461 956 Eventus
477 876 578 947 dubii
595 870 766 963 temporis
781 889 853 936 esse
864 864 961 944 facit.

250 987 297 1061 Et
312 1012 356 1058 ne
371 1001 405 1054 te
419 983 667 1052 sceleratorum
683 969 844 1057 contagia
864 968 1019 1048 laedant,

154 1079 157 1086 ¹
300 1090 382 1159 Non
398 1085 475 1177 opis
489 1078 642 1149 humana
660 1088 711 1145 est
726 1072 878 1158 effugere
893 1068 974 1153 illa,
999 1076 1109 1136 cavet.

252 1193 363 1282 Impia
380 1211 425 1257 ne
441 1195 593 1253 mentem
612 1177 804 1247 accendant
818 1170 975 1261 exempla
992 1166 1168 1236 malorum

302 1289 492 1363 Doctrinae
508 1291 659 1351 noceant
674 1283 762 1346 neve
776 1295 912 1341 venena
929 1269 1006 1342 tibi.

251 1392 309 1467 En
326 1418 371 1463 ne
387 1411 516 1458 vesano
533 1381 638 1451 scorti
656 1376 806 1468 capiaris
821 1396 952 1456 amore,

304 1495 505 1568 Scortantcs
519 1485 641 1576 perdet
659 1477 811 1550 vindicis
828 1476 880 1544 ira
896 1471 975 1546 Dei.

254 1598 330 1668 Hos
346 1591 502 1663 monitus
518 1586 657 1666 audite,
682 1582 761 1673 pios
774 1579 870 1647 bona
886 1574 1034 1643 numina
1051 1582 1206 1655 servant,

305 1696 353 1770 m
368 1696 475 1764 iustas
492 1709 622 1782 poenas
634 1682 742 1772 impia
756 1680 860 1749 turba
878 1676 987 1758 dabit.

660 1852 759 1938 Caput
783 1845 843 1912 Ill.

254 2003 309 2073 Ne
325 2012 357 2069 tc
374 2015 479 2087 parve
495 2008 584 2081 puer
599 1981 738 2072 capiant
753 1975 885 2047 oblivia
901 1973 999 2062 legis,

310 2100 411 2189 Quae
428 2095 520 2163 clara
536 2083 663 2157 summi
680 2080 819 2173 prodita
836 2099 921 2146 voce
933 2073 1000 2145 Dei
1015 2086 1078 2145 est.
1191 2085 1193 2091 ’

261 2202 393 2273 Verum
410 2193 569 2283 insculpe
584 2200 647 2257 tuo
660 2182 759 2254 cordi
773 2176 992 2250 sanctissima
1007 2177 1114 2255 iussa,

310 2303 366 2375 Sit
380 2320 478 2367 mens
493 2291 615 2364 divina
634 2286 772 2376 scripta
781 2279 909 2352 tabella
925 2302 1044 2350 manu.

261 2398 400 2481 sie‘ctbi
419 2397 625 2482 contingent
639 2385 842 2475 longissima
858 2395 1017 2470 tempora
1034 2380 1127 2451 vitae

311 2506 545 2591 Placatusquc
562 2492 659 2562 dabit
674 2486 826 2556 maxima
843 2484 937 2552 dona
952 2479 1059 2555 Deus.

233 2584 238 2595 ’
263 2610 307 2680 ln
322 2602 441 2677 dubiis
453 2616 637 2688 nunquam
654 2587 764 2659 deerit
779 2582 965 2676 prudentia
980 2584 1095 2665 rebus,

311 2706 361 2778 Et
375 2705 470 2774 Deus
485 2710 650 2777 eventus,
674 2686 934 2775 consiliumque
949 2697 1056 2771 reget.

262 2810 349 2883 Esse
362 2804 438 2874 Deo
453 2823 556 2870 curae
574 2810 607 2866 te
622 2790 755 2862 credito
773 2795 913 2879 pectore
927 2797 1014 2857 toto.

312 2905 499 2979 Auxilium
513 2899 625 2979 vitae,
649 2915 754 2984 posce
769 2888 897 2971 modo,
923 2884 985 2954 ille
1001 2885 1101 2959 leret.

264 3011 365 3084 Auro
380 3028 460 3103 pars
473 2994 659 3071 hominum
673 2994 806 3069 fidunt,
832 2987 1020 3079 prudentia
1035 2985 1158 3058 multis
1208 3068 1216 3081 ο

307 3112 464 3188 ,Securos
479 3103 616 3171 animos
630 3095 755 3167 tollere
771 3113 860 3158 vana
878 3091 976 3159 solet.

185 3231 186 3234 ’
266 3214 336 3285 Sed
352 3225 391 3281 tu
408 3205 566 3278 consiliis
580 3222 625 3267 ne
640 3199 708 3267 lide
722 3194 810 3276 tuis,
835 3189 931 3261 Deus
947 3190 1009 3259 illa

316 3311 461 3383 Arbiter
473 3321 508 3376 et
520 3289 649 3373 vindex
664 3294 763 3366 irrita
778 3315 879 3384 saepe
893 3291 988 3364 facit.
1113 3383 1115 3386 Α

267 3412 449 3507 Quicquid
464 3429 560 3498 ages,
584 3403 694 3494 petito
709 3396 806 3467 Deus
821 3405 862 3463 ut
877 3406 912 3464 te
926 3393 995 3462 rite
1007 3391 1192 3482 gubernet,

317 3515 464 3604 Semper
478 3509 571 3579 enim
590 3523 725 3593 gressus
740 3497 789 3565 sic
800 3509 895 3585 reget
910 3494 972 3563 ille
988 3508 1080 3564 tuos.

267 3616 426 3707 Decipiet
438 3612 545 3682 fallax
560 3620 620 3677 toa
634 3618 668 3674 te
681 3597 872 3691 sapientia,
896 3619 1082 3689 nunquam

319 3715 456 3806 lngeuii
470 3714 556 3781 fidas
570 3707 705 3774 viribus
719 3701 794 3791 ipse
807 3699 872 3769 tui.
991 3736 994 3742 ·
1018 3784 1040 3812 a

267 3818 316 3892 Et
332 3843 406 3887 non
421 3814 558 3885 eveniet
576 3804 744 3903 quicquid
761 3798 961 3892 promiserit
975 3795 1049 3878 illa,

319 3919 432 3991 Noxia
449 3927 532 3988 sunt
548 3926 581 3981 et
596 3932 684 4002 quae
701 3902 842 3995 profore
859 3922 960 3988 saepe
975 3908 1087 3987 putes.

270 4024 366 4113 Quid
382 4020 457 4088 heri
474 4030 609 4088 tantum
622 4004 835 4101 properabas
849 3997 941 4070 Cora
956 3997 1128 4080 sacerdos,

321 4121 451 4193 Attulit
467 4116 611 4187 exitium
628 4133 710 4180 nam
727 4105 794 4176 tihi
806 4115 927 4193 raptus
940 4094 1069 4167 honos.

192 4240 201 4249 ''
269 4219 592 4315 QuaeiussitDeus,
608 4209 836 4280 haectantum
844 4204 1030 4293 faciasque,
1044 4198 1253 4291 prohesque,

320 4324 392 4413 Qui
409 4322 509 4389 timet
524 4313 627 4396 hacc,
652 4310 762 4398 fugiat
778 4322 910 4377 caetera
925 4316 1048 4374 cuncta
1065 4300 1201 4392 procul.
1227 4400 1230 4408 Ι

269 4425 369 4496 Felix
386 4424 445 4491 ille
459 4418 526 4489 Dei
541 4415 599 4507 qui
615 4409 859 4481 formidaverit
874 4407 975 4490 iram,

319 4517 402 4597 Non
417 4526 558 4591 fortuna
574 4514 642 4606 piis
657 4533 756 4579 saeva
775 4532 900 4575 nocere
915 4518 1039 4594 potest.
1109 4535 1115 4553 x

269 4627 448 4701 Primitias
464 4623 603 4710 frugum
617 4610 738 4705 genuit
752 4631 838 4700 quas
850 4605 977 4675 fertilis
994 4626 1120 4688 annus,

320 4728 471 4800 Munera
490 4718 627 4792 coelesti
645 4712 763 4783 debita
776 4711 886 4779 redde
900 4706 1004 4799 patri.

270 4831 319 4905 Et
333 4833 466 4900 donum
483 4810 555 4894 esse
570 4817 638 4891 Dei
653 4811 794 4886 fatearis
810 4825 949 4903 pectore
962 4820 1074 4897 grato,

321 4931 463 5005 Semina
479 4925 574 5019 quod
588 4926 715 5009 magno
730 4916 875 4985 foenore
888 4911 1006 4981 reddit
1021 4932 1140 4999 ager„

221 5017 228 5027 ’
270 5036 324 5107 Ne
338 5054 431 5121 seges
445 5028 561 5097 eludet
574 5044 721 5090 messem
736 5016 921 5087 fallacibus
937 5008 1069 5095 herbis,

322 5135 400 5227 Ipse
414 5154 481 5221 ope
499 5122 638 5195 coelesti
653 5118 785 5190 semina
801 5117 891 5187 laeta
906 5117 1012 5187 fovet.

270 5238 350 5316 Has
362 5248 497 5305 tautum
514 5226 634 5295 laudes
651 5221 718 5291 sibi
733 5219 804 5288 dici
822 5218 933 5309 poscit
947 5217 991 5285 ad
1011 5234 1100 5299 aras,

324 5336 469 5409 Gratior
480 5327 539 5401 hic
554 5323 668 5396 honos
682 5334 752 5405 est,
779 5344 886 5414 quam
897 5322 979 5389 data
993 5310 1100 5387 thura
1112 5313 1199 5389 Deo.

978 173 1304 257 cadumum
1354 180 1460 255 ΗΒ.
1484 174 1541 256 11.

1285 355 1427 427 Partem
1437 354 1597 448 aliquam
1612 363 1731 422 tamen
1746 361 1780 419 et
1795 372 1937 442 promas
1951 348 1989 418 in
2006 350 2282 443 pauperie-usos,

2201 176 2280 256 set

1337 454 1439 527 Certa
1457 455 1687 526 Sacerdotum
1706 476 1789 544 pars
1802 476 1946 545 quoque
1961 453 2084 523 messis
2098 455 2177 529 erit.
2292 510 2295 515 .

1286 562 1346 632 Sic
1362 559 1427 629 ubi
1443 557 1566 626 divino
1583 555 1760 624 vindemia
1778 577 1927 622 munere
1939 555 2078 639 fundet,
2173 579 2177 590 ·

1338 660 1454 732 Uvida
1471 661 1514 728 de
1531 659 1635 749 pleno
1655 657 1790 726 fervida
1806 669 1921 724 musta
1937 655 2029 726 lacu·
2164 725 2174 737 ,

1289 761 1327 834 Si
1342 757 1432 830 mihi
1448 759 1627 852 parueris,
1654 771 1686 825 et
1702 759 1846 825 vincent
1863 752 1989 826 horrea
2003 779 2143 848 messes,

1339 861 1386 935 Et
1401 886 1496 953 seges
1512 863 1549 930 in
1566 859 1690 951 pingui
1706 859 1899 928 luxuriabit
1914 853 2043 945 humo,
2066 874 2135 932 etc.

1302 1202 1368 1275 No.
1386 1197 1447 1273 84.

1297 1294 1469 1327 Μ

1352 1399 1384 1452 lu
1399 1412 1464 1467 opp.
1479 1395 1542 1448 Bas.
1555 1391 1589 1448 Τ.
1598 1391 1633 1449 V.
1647 1411 1674 1465 p.
1683 1390 1745 1449 849.
1760 1403 1787 1448 et
1801 1392 1872 1464 apud
1886 1390 1967 1448 vtne.
1981 1410 2008 1465 p.
2016 1393 2079 1451 ill.

1482 1556 1642 1655 Cantica
1666 1556 1903 1626 canticorum
1926 1561 2045 1646 capot
2064 1559 2095 1629 1.

1293 1684 1427 1757 Crebra
1442 1710 1525 1757 suae
1539 1656 1577 1782 'l
1593 1683 1770 1757 Dominus
1786 1699 1909 1757 noster
1922 1688 1983 1757 dat
1995 1687 2091 1758 basia
2106 1692 2217 1780 genti,

1345 1786 1393 1861 Et
1408 1789 1482 1877 figit
1498 1788 1607 1858 labris
1621 1790 1740 1858 oscula
1757 1790 1887 1857 blanda
1905 1788 1987 1862 suis.

1199 1967 1204 1973 ,
1294 1891 1456 1984 Namque
1470 1904 1553 1959 tuus
1568 1890 1670 1976 favor
1683 1903 1734 1960 est
1752 1890 1857 1958 nobis
1873 1890 2063 1961 iucundior
2076 1915 2171 1962 unus

1349 1991 1466 2080 Quam
1483 1993 1577 2061 bona
1593 2015 1683 2083 quae
1698 2014 1800 2061 curas
1814 1991 1944 2083 pellere
1957 1992 2039 2062 vina
2054 1993 2179 2069 solent.

1296 2091 1388 2164 Cum
1404 2093 1508 2161 nobis
1524 2093 1672 2163 verbum
1688 2093 1895 2178 donaveris,
1916 2094 2074 2187 undique
2088 2094 2180 2166 fama

1346 2192 1513 2266 Nominis
1527 2195 1566 2262 in
1580 2206 1700 2284 gentes
1715 2195 1891 2286 spargitur
1904 2195 1978 2285 ipsa
1987 2190 2059 2270 tui.

1297 2296 1401 2369 Nunc
1416 2297 1524 2384 igitur
1540 2296 1643 2365 multi
1661 2296 1761 2365 verbi
1773 2310 1978 2367 recreantur
1992 2297 2115 2385 odore,

1350 2396 1397 2468 Et
1414 2410 1547 2468 norunt
1562 2396 1665 2467 multi
1682 2411 1716 2466 te
1733 2411 1849 2487 pater,
1875 2410 1981 2491 atque
1998 2397 2133 2470 colunt.

1223 2558 1228 2571 ,
1300 2498 1499 2569 Accurmnt
1515 2512 1548 2568 et
1565 2513 1598 2568 te
1611 2498 1761 2588 cupiunt
1773 2497 1916 2566 novisse
1932 2498 2081 2588 puellae,

1348 2600 1444 2670 Haec
1461 2600 1558 2669 verbi
1574 2601 1733 2690 fragrans
1748 2598 1887 2688 agmina
1904 2600 2004 2669 ducit
2018 2601 2122 2687 odor,

1299 2701 1359 2772 Tu
1375 2716 1492 2771 tamen
1510 2701 1668 2770 infirmae
1684 2702 1813 2790 praebe
1829 2700 1952 2770 solatia
1969 2702 2078 2791 genti,

1347 2800 1608 2894 Currentesque
1623 2803 1707 2873 iuva
1723 2801 1871 2871 numine
1887 2825 2015 2894 quaeso
2033 2815 2106 2876 too.

1299 2902 1386 2976 Esse
1401 2907 1501 2974 vides
1516 2904 1620 2972 nobis
1637 2904 1820 2973 subeunda
1838 2903 1992 2995 pericula
2006 2904 2115 2984 mille,

1351 3005 1414 3075 ttta
1431 3006 1499 3074 nisi
1517 3009 1652 3074 docete
1668 3006 1809 3074 vincere
1823 3028 1927 3073 nemo
1942 3019 2069 3096 potest.
2304 3085 2309 3095 ι

1300 3105 1391 3178 Ecce
1406 3125 1521 3177 antem
1538 3108 1576 3175 in
1593 3096 1768 3176 thalamos
1785 3131 1941 3175 securam
1959 3130 2014 3175 me
2030 3107 2138 3178 modo
2153 3111 2253 3182 ducit

1351 3208 1429 3280 Rex
1445 3231 1541 3277 meus
1556 3222 1589 3277 et
1606 3232 1696 3277 nova
1712 3232 1807 3276 nunc
1823 3208 1948 3297 gaudia
1963 3222 2085 3300 pectus
2100 3205 2217 3289 habet.

1301 3309 1370 3381 Hic
1385 3330 1476 3380 nova
1487 3312 1553 3401 'dat
1568 3311 1715 3378 miserae
1733 3332 1856 3393 rursus
1872 3308 1996 3379 solatia
2011 3309 2119 3400 genti,

1349 3407 1400 3503 Et
1415 3411 1549 3481 medios
1565 3406 1684 3480 hostes
1699 3411 1792 3483 inter
1806 3425 1839 3480 et
1855 3435 1952 3480 arma
1967 3412 2063 3501 tegit.

1302 3511 1397 3583 Haec
1414 3530 1447 3584 te
1464 3513 1621 3607 quisquis
1640 3527 1733 3582 amat
1748 3512 1926 3582 benefacta
1942 3535 2129 3601 agnoscere
2143 3528 2256 3602 grato,

1354 3612 1400 3683 Et
1416 3617 1558 3683 laudare
1574 3615 1662 3683 solet
1676 3630 1815 3705 pectore
1832 3638 1967 3682 summe
1984 3623 2092 3706 pate'r.

1293 3716 1409 3805 >Nigra
1425 3719 1586 3808 equidem
1603 3717 1725 3785 videor
1741 3716 1830 3784 sicut
1845 3717 1996 3785 tentoria
2013 3712 2140 3801 Cedar,

1353 3817 1499 3887 loculcis
1517 3818 1648 3887 Arabes
1664 3842 1753 3910 quae
1768 3842 1913 3908 posuere
1929 3817 2025 3890 locis.

1302 3917 1350 3988 Et
1365 3921 1531 4013 quoniam
1548 3934 1709 3988 exercent
1723 3943 1777 3986 me
1796 3920 1905 3987 multa
1924 3919 2079 4009 pericula
2095 3942 2252 4010 spernor,

1355 4021 1532 4091 Fortunae
1550 4022 1680 4110 species
1697 4034 1747 4090 est
1761 4022 1883 4090 odiosa
1903 4045 2010 4094 meae.

1303 4121 1390 4193 Sum
1407 4125 1559 4190 formosa
1574 4135 1691 4191 tamen
1708 4117 1875 4213 pulchrae
1890 4120 2094 4193 Solomonis
2109 4133 2148 4191 ut
2160 4144 2257 4191 arces

1356 4223 1396 4292 ln
1413 4225 1501 4293 celsa
1519 4248 1605 4316 quas
1621 4248 1717 4294 nunc
1734 4225 1793 4292 ille
1808 4223 1916 4293 Sione
1931 4225 2046 4294 struit.

1316 4522 1459 4633 Nous.

1310 4657 1481 4685 m

1304 4837 1306 4840 ι
1372 4759 1403 4812 lu
1416 4772 1479 4829 opp.
1496 4758 1556 4810 Bas.
1570 4755 1603 4813 Τ.
1615 4755 1646 4810 V.
1660 4774 1688 4826 p.
1697 4755 1757 4812 848.
1772 4765 1802 4808 et
1816 4756 1887 4826 apud
1908 4753 1989 4812 Vine.
2003 4775 2030 4828 p.
2040 4757 2100 4812 stu

2121 4590 2170 4633 an.
2185 4570 2279 4631 1527.

2112 4658 2286 4685 m

1296 4896 1298 4900 ¹
1377 4882 1549 4990 Primmn
1567 4924 1682 5008 caput
1704 4916 1886 5008 epistolae
1907 4912 1959 4988 ad
1977 4916 2221 4994 colossenses.

1303 5051 1456 5143 Exoptat
1469 5051 1600 5121 Paulus
1617 5049 1718 5119 vobis
1732 5049 1935 5144 quicunque
1947 5032 2113 5137 Colossis,

1304 5155 1426 5224 Mente
1445 5154 1500 5244 pia
1513 5150 1695 5223 Christum
1712 5152 1846 5238 colitis,
1867 5177 1987 5243 pacem
2004 5169 2109 5248 atque
2126 5146 2292 5231 salutem:

1303 5289 1515 5302 ψ

1296 5375 1299 5381 ·
1338 5339 1367 5404 *l
1385 5355 1456 5392 suae
1475 5334 1557 5393 Basil.
1574 5354 1626 5409 pre
1644 5346 1713 5392 tuae
1729 5335 1804 5409 qood
1822 5335 1903 5391 lubet
1921 5334 2002 5393 vinc.
