4748 6022
605 1707 1619 1890 ΡΜΕΜΟΝΕΝΒΑ.Ι

940 2025 1170 2036 -n—-u--n-o-

54 2359 490 2504 Absolutis-Helanthonis
519 2399 668 2482 epistolis
696 2408 731 2468 et
752 2397 948 2487 seminibus
968 2398 1032 2462 itm
1052 2396 1275 2482 progredimur
1296 2398 1340 2463 ad
1361 2400 1509 2465 eusdem
1530 2402 1714 2488 erutiones,
1748 2425 1832 2490 qm
1853 2412 1984 2495 quidm
2005 2422 2086 2485 „ffi

54 2506 131 2565 suut
152 2507 294 2575 genens.
647 2520 650 2525 ·

184 2603 331 2670 Primum
359 2603 444 2667 enim
469 2602 629 2668 habemus
657 2598 857 2685 qocertims
884 2597 1106 2676 academicus,
1142 2600 1400 2664 eblelantbuue
1420 2601 1629 2667 scholasticis
1658 2605 1700 2668 ad
1720 2609 1919 2677 recitandum
1941 2618 2085 2686 traditas.

55 2697 132 2761 blus
154 2702 224 2756 erat
247 2692 278 2752 in
300 2688 477 2752 Academia
484 2733 495 2769 ,
524 2698 560 2750 ut
587 2687 628 2750 iis
651 2687 705 2768 qui
727 2685 863 2770 madum
885 2683 1052 2749 doctorum
1080 2695 1247 2768 peterent,
1274 2704 1295 2749 a
1316 2686 1532 2767 scholastico,
1564 2706 1667 2773 saepe
1686 2710 1786 2772 puero
1809 2695 1869 2778 (eo
1891 2701 1976 2767 enim
1995 2714 2084 2769 tem·

56 2799 134 2866 pore
157 2779 247 2862 pueri
269 2792 399 2859 quoque
424 2775 455 2835 in
476 2771 655 2837 Academia
677 2772 780 2834 literis
801 2789 934 2853 operum
957 2769 1096 2852 dabunt)
1118 2773 1266 2852 quaestio
1287 2783 1538 2854 proponeretur,
1570 2773 1611 2838 ad
1634 2793 1731 2857 quam
1759 2790 1815 2842 aut
1844 2791 2085 2864 promovendus

55 2871 145 2950 ipse,
179 2864 360 2925 autetiam
387 2859 532 2922 Praeses
559 2857 785 2938 disputationis
812 2855 1040 2938 respondebat.
1089 2855 1268 2920 Praeterea
1294 2858 1358 2920 iarn
1385 2876 1469 2921 annu
1495 2857 1589 2928 1525.
1610 2861 1791 2928 Academia
1817 2866 1927 2951 legem
1954 2875 2072 2941 tutem

56 2964 119 3037 „ut
139 2947 276 3032 singulis
297 2945 465 3008 mensibus
487 2941 756 3007 declamaretur’'.
800 2939 876 3005 Vid.
899 2941 992 3022 epist.
1011 2940 1086 3004 Vol.
1110 2946 1133 3003 Ι.
1156 2961 1187 3023 p.
1199 2940 1274 3006 737.
1326 2938 1457 3024 Quanta¹
1480 2943 1587 3008 judicii
1612 2948 1790 3013 mmmm,
1811 2951 2002 3021 Memfim
2024 2926 2083 3026 “j

55 3044 210 3121 gumenta
231 3033 457 3114 quaestionum
479 3028 634 3111 elegerit,
667 3045 722 3091 res
749 3028 822 3108 ipsa
842 3025 957 3108 docet,
985 3044 1082 3107 quum
1101 3028 1316 3108 quaestiones
1344 3029 1561 3111 gravissimas
1582 3048 1685 3114 saepe
1706 3053 1762 3098 res
1784 3046 1940 3126 tractent,
1971 3059 2083 3113 nost„

56 3138 184 3205 quoque
205 3127 314 3181 aetate
336 3116 421 3179 omni
441 3113 698 3178 consideretiune
720 3110 848 3196 dignes.

183 3230 330 3298 Secundo
352 3233 425 3295 loco
447 3231 613 3314 posuimus
634 3226 932 3295 &crescencium
953 3247 997 3292 ex
1018 3227 1175 3292 estbedrs
1195 3227 1325 3291 habitas
1332 3272 1343 3309 ,
1373 3229 1406 3291 in
1428 3228 1698 3312 disputationibus
1719 3237 1874 3323 publicis,
1902 3262 1986 3325 quae
2009 3262 2086 3315 sunt

55 3322 109 3386 vel
139 3320 296 3401 alloquia,
324 3317 379 3380 vel
407 3318 580 3400 petitiones
601 3315 641 3381 ed
664 3315 835 3397 Decanos,
868 3314 921 3376 vel
944 3316 1119 3397 gratiarum
1141 3313 1306 3396 aotiones,
1340 3314 1395 3376 vel
1416 3314 1534 3378 breves
1555 3316 1704 3382 flecteris
1726 3322 1925 3389 Academiae
1947 3336 2083 3396 concio-

56 3425 117 3471 nes
141 3407 270 3469 habitae
290 3402 344 3467 vel
366 3413 442 3466 aute
464 3403 519 3466 vel
541 3413 617 3485 post
637 3402 811 3465 lectionem
833 3401 942 3480 legum
966 3397 1175 3462 Academiae.
1218 3396 1387 3461 illiusmodi
1408 3401 1581 3463 conciones
1602 3403 1722 3466 multus
1743 3410 1875 3490 scripsit
1891 3410 2084 3481 Melanthon

55 3503 90 3556 et
112 3489 318 3554 scholasticis
341 3499 375 3550 et
395 3488 600 3565 doctoribus,
615 3487 803 3569 ,praecipue
825 3483 1046 3566 Principibus,
1074 3481 1257 3546 Comitibus
1278 3494 1313 3546 et
1334 3481 1508 3546 Nobilibus
1533 3487 1615 3548 inter
1637 3489 1874 3576 scholasticos,
1903 3498 2018 3578 quibus
2039 3521 2084 3565 ex

54 3596 144 3641 more
173 3577 259 3638 illius
287 3574 441 3654 temporis
469 3587 617 3638 summus
644 3573 854 3653 magistratus
879 3569 911 3630 iu
932 3567 1110 3631 Academia
1138 3568 1270 3630 honoris
1299 3585 1399 3631 eausa
1427 3585 1529 3651 saepe
1558 3569 1753 3638 tradebatur.
1774 3609 1818 3624 —
1860 3578 2003 3647 Adiunxi
2031 3587 2084 3653 his

53 3663 262 3727 concionibus
280 3660 378 3720 etiem
396 3659 491 3739 leges
514 3674 542 3719 s.
563 3664 688 3719 statuta
707 3652 906 3718 Academiae
928 3673 950 3716 a
970 3653 1184 3716 Melanthone
1204 3655 1335 3736 scriptu.

186 3771 296 3839 Tertio
326 3773 399 3835 luco
427 3771 524 3854 posui
549 3766 801 3841 declamationes
832 3770 960 3852 publice
987 3771 1158 3852 recitatas,
1192 3770 1215 3834 i.
1237 3788 1266 3831 e.
1289 3770 1453 3834 orationes
1474 3769 1682 3856 prolixiores,
1711 3792 1794 3855 quas
1814 3777 2006 3845 Melantbon
2027 3789 2084 3850 vet

52 3871 126 3951 ipse
147 3859 313 3928 recitavit.
347 3856 402 3919 vel
430 3857 503 3919 aliis
524 3856 707 3920 huminibus
729 3853 880 3934 eruditis,
909 3855 1005 3919 etiam
1027 3854 1227 3920 Academiae
1248 3855 1433 3920 doctoribus
1453 3856 1637 3922 recitoudas
1658 3859 1804 3940 tradidit,
1831 3875 1866 3927 et
1887 3885 1951 3928 non
1975 3870 2082 3935 solum

53 3948 236 4030 'theologis
258 3953 292 4008 et
313 3941 542 4024 Philosophia,
572 3940 750 4005 sedetiam
774 3941 1037 4022 Iurisconsultis,
1064 3937 1219 4024 Medicis,
1241 3940 1498 4025 Mathematieis,
1529 3959 1593 4004 non
1616 3943 1722 4006 solum
1741 3945 1774 4008 in
1795 3948 1975 4015 Academia
1998 3943 2080 4018 Wr-

54 4032 260 4116 tebergeusi,
286 4027 347 4092 sed
376 4029 475 4092 etiarn
502 4028 533 4090 in
563 4026 634 4090 aliis
655 4026 853 4090 Academiis.
901 4025 992 4089 Vera
1013 4026 1098 4088 enirn
1121 4036 1214 4108 sunt,
1248 4045 1333 4109 quae
1354 4023 1555 4089 Laurentius
1577 4024 1759 4093 biremium
1783 4030 1864 4097 dixit
1883 4039 2083 4104 inoratione

56 4123 99 4187 de
120 4119 267 4201 Philippo
288 4113 380 4196 Mel,
401 4131 485 4196 quae
507 4113 629 4177 inserto
649 4124 704 4176 est
724 4111 885 4176 huoouci
906 4110 1102 4175 orationibus
1124 4110 1166 4175 de
1185 4111 1320 4177 Veteris
1342 4110 1514 4175 Ecclesiae
1536 4114 1765 4179 certaminibus
1787 4138 1817 4200 p.
1832 4117 1916 4186 474:

139 4233 292 4315 „Publice
314 4230 489 4309 recitanda,
510 4231 726 4314 proponenda,
753 4227 943 4310 disputanda
964 4228 1051 4290 solus
1075 4225 1129 4289 ille
1153 4227 1290 4308 scripsit.
1333 4225 1471 4311 collegis
1493 4228 1591 4291 muita
1613 4231 1832 4314 praescripsit,
1856 4254 1954 4316 neque
1975 4239 2006 4301 id
2029 4243 2085 4304 de.

139 4322 202 4402 „cti
225 4331 255 4383 et
277 4317 337 4398 ipsi
360 4317 419 4379 riri
441 4326 530 4397 turpe
552 4316 612 4379 sihi
634 4325 790 4394 putarunt.
833 4313 874 4379 Ι).
897 4313 1078 4394 Zieplerus,
1107 4313 1222 4377 nobilis
1244 4314 1368 4392 liuguae
1390 4314 1477 4377 hebr.
1502 4314 1679 4394 professor,
1710 4317 1821 4398 Lipsie
1842 4335 1937 4403 s'tepe
1958 4326 2083 4392 veniens

138 4407 373 4487 „llitebergorm
407 4404 516 4483 petivit
544 4401 605 4464 sibi
634 4402 780 4464 lectiones
809 4410 839 4461 et
867 4398 1022 4464 orationes
1054 4399 1242 4478 praescribi,
1277 4409 1305 4461 et
1330 4399 1428 4462 musei
1450 4397 1570 4464 iuribus
1591 4403 1724 4483 assedit,
1753 4425 1792 4468 ne
1813 4408 1882 4486 quis
1903 4411 2086 4476 scribentem

139 4490 385 4572 „interpellaret
429 4490 467 4552 D.
490 4486 655 4568 crucigero
680 4485 879 4567 praescripsit
901 4485 1158 4548 commentorium
1181 4487 1214 4547 iu
1237 4484 1400 4548 iohannem
1423 4485 1455 4548 in
1478 4487 1607 4550 lectione
1630 4489 2087 4572 ipsiusLutheri,Frqesc}12.

139 4580 205 4658 „lio
228 4579 353 4641 diuoono
376 4573 408 4636 in
431 4574 635 4640 Matthaeuru.
677 4572 892 4652 lhilliliehio,
918 4573 984 4633 viru
1007 4571 1273 4653 praestantissime
1296 4570 1328 4632 in
1350 4573 1514 4635 secundum
1539 4573 1641 4638 Plinii.
1683 4576 1975 4657 chytreeoregulns
1996 4585 2085 4649 ritae.
2128 4645 2132 4649 ,

138 4662 279 4743 „Sabino
309 4658 515 4740 mythologias
544 4660 577 4722 in
607 4658 839 4740 metamorphos.
863 4656 975 4722 Ovidii.
1020 4655 1226 4736 1).Klingio,
1257 4657 1493 4744 iurisconsulto,
1521 4660 1597 4721 iuris
1618 4660 1799 4724 methodum.
1855 4660 2116 4733 Confessionem'

138 4751 373 4827 „Augustanaru
388 4763 528 4826 graecum
543 4745 682 4810 Dolsuiu.
716 4743 877 4808 Orationes
891 4744 995 4806 multis
1010 4744 1041 4805 in
1056 4742 1214 4805 academia
1224 4741 1368 4823 Lipsica,
1389 4744 1668 4824 Francoiortiauu,
1691 4738 1921 4829 Eustochiana,
1944 4750 2086 4836 θηρικ-

67 4850 71 4854 ’
138 4834 328 4912 „uoldiena
371 4830 452 4893 Aliis
474 4830 539 4892 aliu
562 4831 833 4894 innumerabilia”.
1806 4869 1810 4874 ,

55 4957 152 5020 Haec
181 4949 353 5014 verissime
384 4946 470 5009 dicta
498 4964 577 5009 esse
606 4967 649 5009 ex
678 4947 825 5028 epistulis
847 4942 1068 5007 Melanthonis
1098 4943 1186 5006 clare
1207 4944 1409 5026 perspicitur.
1462 4945 1582 5025 Neque
1605 4945 1690 5007 enirn
1712 4945 1903 5016 Melanthon
1928 4956 2033 5021 solum
2056 4961 2086 5022 in

58 5042 157 5104 rebus
180 5035 376 5116 theologicis
399 5032 516 5095 doctus
539 5041 626 5113 erat,
653 5029 713 5093 sed
737 5034 834 5095 etiam
857 5030 940 5092 bene
960 5037 1115 5091 versatus
1142 5029 1175 5090 in
1196 5029 1467 5112 lurisprudentia,
1496 5029 1677 5108 Medicina,
1704 5031 1867 5117 Physica,
1896 5039 2086 5106 Mathema-

55 5129 141 5202 tioe,
173 5138 353 5206 quanquam
377 5135 499 5181 avere
527 5135 591 5179 non
615 5115 787 5177 abhorrere
811 5112 864 5177 vid
901 5132 956 5196 ur,
983 5113 1012 5175 si
1034 5114 1276 5191 existimamus,
1306 5114 1468 5180 interdum
1489 5114 1735 5180 Melanthonem
1758 5138 1778 5183 a
1798 5121 1955 5202 Medicis,
1983 5127 2087 5191 luris·

55 5210 234 5287 consultis,
256 5204 496 5270 Mathematicis
516 5209 709 5286 argumenta
730 5200 854 5264 oration
931 5199 1110 5281 perscripto
1128 5198 1319 5282 accepisse,
1346 5210 1382 5263 ut
1404 5219 1445 5262 ea
1467 5199 1598 5264 uberius
1621 5201 1806 5272 elaboraret
1826 5220 1863 5270 et
1884 5208 1987 5274 forma
2009 5233 2087 5276 ora·

56 5297 137 5366 torio
156 5295 304 5359 induerit.

183 5412 303 5493 Neque
334 5405 477 5471 offendet
503 5405 644 5553 aliquem
672 5418 811 5485 magnus
840 5419 995 5465 uumerus
1016 5401 1176 5465 eiusmodi
1197 5402 1386 5468 cretionem.
1439 5401 1517 5465 Nun
1539 5404 1645 5468 sulum
1669 5407 1809 5470 enimin
1833 5415 2093 5492 promotionibus

58 5500 225 5565 doctorum
258 5494 475 5570 habebuntur,
511 5509 550 5555 se
598 5487 821 5572 legeetiam,
848 5487 973 5553 utiam
1001 5487 1141 5552 diximus
1149 5535 1160 5574 ,
1190 5490 1426 5577 praescriptum
1448 5499 1536 5572 erat,
1563 5500 1600 5555 ut
1621 5491 1760 5574 singulis
1780 5497 2093 5578 mensibusdecla.

1481 5578 1559 5650 48*
