4748 6022
190 252 265 329 587
887 255 1210 348 CARMINUM
1260 272 1367 351 mu.
1391 275 1470 357 111.

937 443 1064 513 ahtan.
1083 449 1181 521 1544.

943 541 1184 582 Μ

191 429 257 498 No.
272 427 359 498 908.

197 525 369 553 Μ
484 546 486 551 .

261 647 375 730 Sebeda
387 644 496 732 pobliqe
510 644 587 702 alstra
606 651 643 702 de
656 647 771 715 meust,
792 649 865 722 apud
879 651 1008 717 vtneeor.
1026 674 1054 730 p.
1074 658 1118 718 71.
1139 658 1179 718 le.

293 727 367 786 gitur
386 736 415 772 ru
433 725 514 785 eprst.
527 716 596 774 Met.
608 717 672 776 vol.
687 719 720 774 V.
736 737 767 793 p.
777 719 838 777 891.

189 909 1180 945 „ann—*W

201 1057 268 1127 No.
283 1056 369 1129 209.

188 1155 389 1186 m

1007 1092 1054 1134 eu.
1071 1070 1166 1140 1544.

998 1162 1171 1195 “⁴

171 1341 175 1347 Ι
256 1276 337 1348 Apud
358 1273 485 1329 vincent.
504 1288 528 1341 Ρ.
541 1272 583 1329 45·

244 1442 305 1511 De
327 1441 365 1512 S.
392 1433 599 1508 Iohanne
624 1437 875 1535 Baptista,
900 1415 1117 1521 'ramosum

338 1574 346 1581 -
562 1537 789 1612 Dimetrmn.

394 1689 550 1764 Aeterno
566 1686 697 1778 gratias
712 1689 804 1781 patri

339 1792 478 1866 Omnes
494 1804 622 1860 canant
637 1784 826 1879 Ecclesiae,

338 1897 445 1988 Quod
466 1891 635 1962 nuncium
651 1893 751 1963 verbi
766 1896 823 1965 sui

337 1994 534 2070 Iohannem
551 1993 655 2063 nobis
670 1995 817 2074 miserit.

389 2098 460 2170 Hic
474 2117 591 2167 mores
606 2095 688 2166 exui
701 2098 814 2169 malos

333 2201 459 2286 lussit,
484 2211 651 2291 metuque
664 2195 797 2272 ludicis

331 2304 420 2378 Mox
437 2300 594 2373 adfuturi
609 2301 735 2372 terruit

330 2406 510 2497 Superbos
524 2414 659 2473 mentes
673 2403 845 2480 omnium.

384 2505 596 2598 Rursusque
611 2506 790 2596 perculsos
803 2518 912 2596 metu,

330 2610 375 2680 ln
392 2631 489 2702 spem
503 2607 595 2676 vitae
612 2619 741 2676 certam
759 2621 871 2689 vocat,

329 2708 378 2784 Et
395 2720 570 2781 monstrat
584 2730 714 2799 agnum
731 2709 842 2800 digito

332 2811 406 2904 Qui
420 2812 536 2904 placat
550 2810 677 2879 unicus
690 2808 818 2887 Deum.

384 2913 481 2985 Haec
498 2913 559 2981 ille
573 2911 676 2981 firmo
692 2925 833 3003 pectore

326 3014 458 3100 Docet,
483 3027 518 3085 et
531 3007 715 3087 Christum
732 3014 911 3108 praedicat

326 3117 481 3202 Venire,
505 3139 567 3186 eeu
583 3113 704 3187 Solem
719 3140 864 3205 novum,

327 3218 477 3290 Prodire
495 3240 622 3288 aurora
637 3219 795 3294 nunciat.

379 3320 453 3394 Nec
469 3315 649 3391 Pharisaei
665 3321 829 3414 spiritum

325 3423 523 3514 Fregerunt
538 3422 717 3514 ingentem
735 3424 815 3510 vici,

324 3524 448 3596 Helias
465 3527 554 3596 alter
566 3520 626 3595 hic
640 3525 719 3610 luit,

325 3625 538 3724 Hypocritas
554 3640 638 3697 tunc
653 3627 779 3718 arguit.

378 3729 432 3804 'l'e
447 3753 583 3800 summo
600 3751 762 3818 rogamus
777 3743 887 3820 pater,

320 3830 369 3904 Ut
386 3834 490 3902 corda
509 3842 631 3901 nostra
646 3828 803 3909 suscites,

319 3932 370 4006 Ut
385 3959 466 4004 vere
482 3933 619 4027 possint
633 3931 775 4001 credere

1384 450 1553 552 Interque
1566 473 1674 533 tetros
1690 456 1895 558 dogmatum

1385 553 1560 647 Furores,
1585 579 1619 634 et
1637 568 1775 640 deliria.

1434 658 1561 734 Servas
1577 663 1731 739 Mariam
1747 673 1937 765 virginem:

1383 755 1610 859 Domumque
1625 785 1738 842 castae
1754 771 1952 870 Elisabeth,

1384 862 1486 951 Quae
1501 871 1707 956 praedicant
1722 899 1854 949 munus
1871 895 1973 955 tuum

1380 963 1583 1065 Datumque
1595 967 1777 1047 Christum
1793 985 1978 1064 associant.

1433 1064 1514 1139 Non
1531 1069 1696 1147 Pontifex
1712 1103 1787 1150 non
1802 1081 1985 1184 Princeps,

1381 1165 1462 1239 Etsi
1476 1173 1593 1247 sciunt
1606 1181 1749 1250 oracula
1762 1214 1771 1225 ·

1384 1269 1532 1361 Vatum,
1557 1281 1694 1351 venisse
1709 1304 1882 1360 noverant

1379 1370 1512 1445 Salutis
1527 1376 1714 1453 authorem
1728 1410 1852 1462 novae.

1434 1476 1505 1549 Sed
1522 1480 1636 1554 dulcis
1650 1478 1736 1556 haec
1752 1484 1949 1581 Elisabeth,

1377 1573 1426 1648 Et
1440 1579 1588 1671 virginis
1605 1590 1804 1678 congressio

1379 1675 1519 1752 Arcana
1536 1687 1669 1777 promit
1683 1693 1829 1764 caeteris

1377 1777 1473 1852 Vere
1489 1785 1608 1857 Deum
1624 1792 1832 1871 colentibus.

1432 1881 1596 1982 Alvoque
1612 1892 1726 1963 foetus
1743 1899 1907 1970 conditus

1376 1982 1501 2078 Longo
1519 1995 1738 2066 sacerdotum
1754 2001 1887 2089 agmini

1376 2085 1547 2177 Agnoscit
1561 2093 1722 2184 ignotum
1736 2101 1875 2186 ducem,

1376 2182 1514 2265 Adorat
1528 2208 1561 2266 et
1576 2211 1674 2286 gestu
1690 2224 1767 2274 suo.

1428 2291 1526 2367 Haec
1541 2299 1655 2390 prima
1672 2306 1828 2398 synodus
1843 2313 1922 2400 fnit,

1375 2390 1518 2470 Testata
1533 2398 1577 2471 de
1593 2397 1736 2476 Christo
1752 2409 1854 2494 duce,

1373 2488 1570 2593 Postquam
1585 2517 1716 2578 statuto
1730 2522 1889 2606 tempore

1373 2595 1534 2673 Verbum
1550 2602 1665 2677 Patris
1681 2611 1811 2686 factum
1827 2633 1878 2690 est
1894 2619 1998 2705 Caro.

1425 2697 1583 2778 Accensa
1600 2711 1813 2786 testimoniis

1368 2795 1412 2871 ln
1429 2807 1535 2876 corde
1550 2824 1672 2881 nostro
1687 2816 1828 2908 talibus,

1370 2901 1475 2979 Colat
1489 2909 1574 2978 fides
1587 2927 1623 2984 et
1637 2913 1778 2992 invocet

1368 3002 1552 3080 Christum
1568 3010 1705 3089 Mariae
1723 3022 1848 3100 filium.

1422 3104 1610 3206 Opemque
1625 3139 1686 3209 spe
1702 3121 1802 3197 firma
1818 3146 1929 3221 petat,

1366 3206 1591 3308 Missumque
1605 3224 1724 3293 credat
1741 3249 1762 3296 a
1778 3227 1896 3322 Patre,

1366 3306 1416 3382 Ut
1430 3312 1635 3389 invocantes
1647 3324 1792 3400 adiuvet
1815 3348 1819 3352 ·

1366 3410 1545 3510 Malisque
1561 3426 1697 3497 cunctis
1711 3428 1851 3513 liberet.

1213 3634 2208 3697 -·-·------..........,,,,,,

1209 3780 1276 3859 Νο.
1289 3786 1335 3856 21
1348 3790 1378 3862 l.

1216 3880 1389 3913 „w
1956 3830 2202 3954 Ἥ

1277 4003 1443 4090 Grututqtr'o
1456 4009 1589 4081 coniugii,
1609 4032 1677 4088 quae
1690 4021 1762 4092 apud
1777 4021 1858 4084 vine.
1870 4047 1897 4102 p.
1907 4033 1966 4092 17⁷.
1980 4034 2005 4092 le
2024 4038 2079 4094 'tur
2111 4045 2146 4098 ad
2159 4045 2199 4102 lo.

1310 4071 1456 4146 ssqeonn
1465 4079 1567 4154 scripu
1578 4094 1618 4141 est
1625 4122 1635 4156 ,
1656 4095 1684 4142 st
1695 4088 1797 4162 legitur·
1809 4097 1840 4151 ἰι
1852 4117 1914 4178 epp.
1928 4103 1991 4163 vot.
2005 4057 2036 4167 i..
2050 4129 2076 4183 p.
2083 4078 2144 4168 ’199

317 4031 492 4107 Iohannis
505 4031 719 4109 testimonio.

1215 4269 2191 4329 Ἣ

978 4394 1150 4515 &Q
1207 4405 1274 4485 No.
1288 4415 1377 4488 aaa

1212 4505 1385 4541 m

2034 4480 2086 4525 en.
2103 4464 2199 4528 1544.

2045 4551 2187 4584 Μ

231 4607 311 4680 Apud
333 4604 461 4664 doeens.
478 4623 506 4678 p.
518 4602 553 4658 46
570 4621 611 4677 sq.

332 4771 393 4842 De
416 4769 544 4840 Morio
569 4766 752 4836 visitante
775 4761 976 4845 Elisabeth.

369 4915 523 4990 Aeterne
536 4917 667 5009 gratias
681 4917 749 4987 tihi

315 5023 486 5093 Dicamus
502 5042 626 5090 omnes
641 5020 816 5106 conditor,
933 5068 935 5072 ι

313 5124 423 5216 Quod
440 5121 534 5191 inter
549 5116 666 5191 hostes
680 5122 855 5214 plurimos

311 5224 506 5301 Ecclesiam
521 5244 640 5292 servas
655 5235 783 5299 tamen.

359 5326 409 5401 Ut
422 5326 517 5396 inter
529 5346 626 5395 arma
644 5323 803 5413 gentium

310 5430 485 5517 Herodis,
511 5439 546 5500 et
560 5423 741 5512 satellites,

1276 4627 1376 4764 Veqqqs
1383 4634 1591 4780 qup'sttiqqlium
1610 4644 1649 4715 (si
1671 4657 1735 4706 sunt
1748 4612 1954 4732 Melantborlis)
1968 4663 2025 4724 vid.
2037 4665 2066 4723 iu
2079 4669 2203 4741 epistolis

1213 4895 2196 4961 Ἣ

1158 5024 1165 5032 ’
1202 5038 1268 5115 No.
1283 5042 1373 5118 21³.

1208 5138 1381 5171 c..-
2042 5092 2197 5210 tuoe

1269 5259 1294 5316 A
1315 5260 1353 5315 ud
1373 5259 1501 5323 vincent.
1520 5285 1548 5340 p.
1559 5268 1601 5328 9⁴.
1635 5274 1741 5360 Apogr.
1761 5281 1790 5338 in
1806 5285 1877 5346 cos.
1892 5288 1978 5350 Goth.
1997 5293 2037 5356 1'9.
2056 5301 2143 5373 pali.
2164 5342 2199 5356 .-

1489 5354 1570 5395 rmeu
1590 5352 1619 5397 ut
1639 5344 1738 5418 legitur
1757 5355 1830 5424 apud
1847 5358 1977 5419 Vincerat.
2001 5377 2027 5422 et
2047 5368 2075 5423 in
2088 5375 2197 5432 codice.

1592 5445 1602 5464 .
1636 5413 1778 5503 integrum
1798 5441 1910 5511 carmen
1931 5433 2059 5492 dedimus
2071 5459 2154 5514 supra
2168 5447 2197 5505 in

1538 5477 1684 5557 sulib,
1708 5487 1757 5546 ubo
1774 5509 1806 5549 es
1827 5495 1943 5570 epistola
1961 5503 1995 5559 sd
2010 5504 2201 5572 &omnum
