4748 6022
139 353 219 431 cst
495 348 753 429 sctum
784 349 861 430 Au
895 283 1200 428 V1TA1uET
1232 346 1476 425 OBlTUM
1506 347 1819 435 Mutuum
2103 357 2182 435 298

138 530 197 622 gio
218 523 376 618 Ruperti
398 525 464 595 lilii
484 539 519 598 et
539 527 631 597 filiae
655 525 766 599 Ducis
789 525 963 599 Bavariae
985 526 1134 620 Georgii
1187 522 1237 596 ita
1251 523 1394 611 didicit,
1424 537 1465 596 ut
1486 524 1552 596 uui
1569 526 1637 598 soli
1660 552 1805 622 operam
1825 531 1965 603 dedisse
1979 529 2094 603 videri
2113 552 2180 624 po-

138 633 268 703 missus
288 640 394 711 esset,
427 628 549 722 ibique
571 630 706 700 diutius
723 653 819 701 anuo
843 644 1134 717 commoraretur,
1187 626 1306 702 tuerit.
1357 625 1431 697 Nec
1451 641 1544 699 artes
1567 632 1677 701 modo
1690 632 1851 719 dicendi,
1876 649 1910 706 et
1933 634 2091 725 linguas,
2116 635 2180 706 sed

139 750 175 807 et
196 727 351 804 'Abdiam
376 729 478 801 illum
501 729 673 803 iudaeum
697 733 881 805 docentem
900 731 1076 806 Hebraico
1099 747 1133 804 et
1186 727 1295 798 totam
1316 722 1605 821 Philosophiam,
1631 733 1769 828 etquid
1787 736 1867 807 dico
1888 731 2181 830 philosophiam?

141 833 418 929 Argyropilum,
443 833 588 905 natione
605 830 804 921 Graecum,
830 836 972 929 publice
986 832 1133 931 Thucy.
1186 855 1293 921 parva
1319 830 1414 900 enim
1441 825 1543 917 baec,
1576 832 1660 906 licet
1679 858 1805 928 magna
1831 839 1923 924 sint,
1951 840 2180 924 videbantur,

143 939 252 1010 diden
281 936 522 1029 profitentem,
562 937 719 1008 studiose
753 939 904 1015 audivit.
970 936 1133 1033 Cumque
1185 931 1341 1026 Ideoque
1367 956 1442 1003 non
1464 948 1652 1007 contentus
1669 936 1732 1023 iis,
1757 943 1801 1010 ad
1819 941 2028 1013 sublimiora
2049 939 2179 1027 studia,

141 1037 380 1135 Argyropilus
396 1035 618 1107 Germanum
641 1061 713 1110 esse
735 1039 967 1132 intelligeret,
992 1041 1132 1136 quaesi-
1184 1033 1366 1105 facultates
1389 1049 1518 1107 vocant
1536 1039 1757 1129 superiores,
1788 1065 1824 1113 se
1846 1041 2017 1128 contulit,
2049 1064 2178 1135 easque

139 1145 212 1228 vit,
245 1163 331 1210 num
354 1137 490 1212 Graeca
511 1141 628 1231 legere
653 1143 798 1214 nosset?
848 1142 914 1213 llle
940 1168 1024 1213 vero
1049 1167 1130 1214 cum
1184 1159 1308 1207 omues
1329 1135 1467 1206 didicit.
1517 1134 1591 1208 Nec
1611 1140 1727 1213 obiter
1748 1146 1920 1233 gustavit,
1953 1145 2015 1214 sed
2039 1155 2178 1214 tautum

138 1269 214 1315 non
238 1243 347 1314 modo
370 1241 549 1333 eleganter
568 1242 717 1334 legeret,
742 1269 867 1316 verum
891 1246 996 1333 etiam
1019 1246 1131 1316 inter·
1184 1240 1223 1307 in
1237 1239 1282 1307 iis
1298 1238 1464 1330 profecit,
1490 1253 1530 1312 ut
1552 1242 1656 1313 etiam
1672 1268 1753 1314 cum
1770 1248 1918 1317 summis
1933 1246 2128 1317 artificibus
2142 1257 2178 1316 et

102 1424 104 1428 g
136 1359 337 1439 pretaretur
364 1344 616 1416 difficillimum
642 1360 820 1433 autorem,
855 1348 1062 1420 exclamavit
1091 1348 1132 1416 in
1184 1338 1448 1411 professoribus
1465 1344 1618 1419 certarit.
1669 1344 1821 1418 Audivit
1842 1344 1900 1419 hic
1922 1348 1963 1418 in
1977 1343 2178 1438 Theologia

136 1450 301 1542 publico,
327 1444 421 1520 Ecce
444 1444 594 1520 Graecia
618 1461 742 1521 nostro
764 1449 870 1521 exilio
899 1450 1132 1521 transvolavit
1184 1438 1391 1514 scholastica
1412 1443 1606 1515 Doctorem
1627 1439 1829 1546 Lampum,
1855 1451 1916 1545 qui
1941 1465 2019 1522 tum
2039 1448 2177 1542 praeci·

138 1549 261 1645 Alpes.
975 1575 976 1578 ¹
1184 1568 1276 1637 puus
1292 1540 1512 1628 habebatur,
1538 1559 1574 1618 et
1589 1547 1679 1620 alios
1693 1548 1926 1639 Professores.
1963 1545 2177 1637 Simlerum,

1183 1672 1254 1741 quo
1284 1661 1387 1719 autea
1419 1670 1504 1718 usus
1529 1649 1645 1722 fuerat
1674 1667 1901 1748 praeceptore
1931 1655 1971 1723 in
1997 1650 2176 1723 discendis

240 1751 379 1824 Habuit
401 1750 568 1844 Tubinga
593 1777 634 1825 eo
657 1767 817 1849 tempore
831 1755 928 1826 viros
946 1767 1129 1846 praestan.
1182 1749 1334 1840 linguis,
1364 1746 1447 1820 lura
1479 1744 1538 1821 hic
1561 1753 1785 1844 profitentem
1805 1757 1996 1848 diligenter
2025 1752 2175 1826 audivit.

135 1854 289 1928 tissimus
310 1856 349 1925 in
374 1854 506 1938 literis,
532 1869 568 1926 et
586 1855 739 1948 linguis,
765 1872 799 1931 et
820 1871 960 1950 praeter
982 1854 1129 1929 Reuch-
1181 1847 1229 1923 Et
1241 1853 1345 1924 facile
1359 1875 1441 1922 cum
1455 1865 1548 1922 artes
1564 1855 1725 1943 dicendi,
1751 1872 1787 1930 et
1800 1854 1955 1931 Ethicen
1973 1873 2066 1930 recte
2080 1855 2177 1927 didi-

133 1958 263 2044 linum,
279 1955 476 2048 Georgium
493 1957 699 2045 Simlerum,
721 1984 792 2052 quo
808 1973 890 2030 ante
903 1972 1130 2051 praeceptore
1181 1953 1302 2042 risset,
1325 1954 1543 2048 ingenioque
1566 1959 1769 2047 excelleret,
1794 1961 1834 2030 in
1854 1962 1928 2032 illis
1948 1959 2075 2033 studiis
2095 1982 2176 2028 cum

137 2083 223 2132 usus
254 2061 387 2145 fuerat,
421 2054 698 2128 Brassicunum
729 2072 763 2131 et
788 2055 981 2130 Bebelium
1006 2063 1130 2150 politas
1169 2056 1297 2128 fructu
1312 2057 1446 2126 versari
1459 2057 1589 2148 potuit,
1607 2077 1853 2158 quantumque
1868 2062 2067 2158 profecerit,
2090 2060 2176 2130 libri

132 2160 347 2247 Laureatos,
380 2158 551 2230 loannem
572 2153 809 2262 Stoefflsrum
831 2157 1126 2232 Mathematicum
1180 2159 1225 2227 de
1240 2152 1297 2229 his
1309 2157 1432 2249 scripti
1454 2171 1645 2246 testantur,
1669 2176 1703 2233 et
1727 2158 1785 2234 hic
1807 2164 1902 2257 leges
1925 2163 2094 2255 privatim
2109 2162 2176 2231 do-

132 2265 332 2354 insignem,
361 2259 415 2333 M.
436 2259 666 2332 Franciscum
690 2259 922 2334 Studiunum
946 2261 1129 2335 Professo-
1179 2259 1265 2333 cuit.
1318 2258 1497 2330 Medicam
1515 2283 1600 2331 vero
1623 2276 1736 2333 artem
1760 2288 1835 2335 non
1856 2264 2029 2357 neglexit,
2055 2263 2176 2334 sedet

130 2390 210 2436 rem
225 2360 427 2435 Aristotelis
443 2364 733 2446 celeberrimum,
760 2380 794 2437 et
816 2366 905 2435 alios
927 2365 1128 2436 eruditione
1178 2356 1238 2432 hic
1253 2360 1473 2431 Professores
1497 2360 1573 2432 eius
1596 2364 1763 2437 docentes
1781 2366 1920 2438 audivit
1938 2365 2114 2451 studiose,
2139 2378 2175 2435 et

42 2464 62 2505 ⁴·
130 2479 351 2559 praestantes
367 2466 479 2548 viros,
505 2489 586 2534 cum
603 2465 794 2559 quibusD.
810 2463 1000 2559 Philippus
1022 2467 1128 2537 fami·
1179 2461 1312 2535 Galeni
1328 2463 1440 2533 libros
1456 2487 1536 2532 cum
1559 2479 1706 2557 propter
1725 2467 1885 2558 linguam
1901 2482 1936 2541 et
1950 2461 2175 2551 methodum,

130 2569 269 2639 liariter
284 2581 593 2652 estconversatus,
620 2581 655 2638 et
678 2568 718 2639 in
736 2570 905 2641 discendo
921 2569 1125 2662 aliquorum
1177 2581 1252 2636 tum
1269 2577 1414 2659 propter
1436 2587 1556 2635 rerum
1572 2568 1813 2657 cognitionem
1831 2568 1879 2640 ita
1901 2570 2005 2661 legit,
2031 2582 2071 2640 ut
2088 2592 2171 2639 sen·

130 2694 237 2764 opera
260 2694 362 2752 usus,
387 2669 595 2763 praesertim
616 2665 788 2761 Simleri,
813 2671 877 2765 qni
899 2672 1017 2742 dicere
1033 2673 1125 2743 sole-
1176 2669 1323 2740 tentiam
1351 2666 1486 2738 autoris
1508 2666 1554 2737 sit
1576 2686 1834 2765 consequutus,
1857 2685 1893 2743 et
1907 2675 2076 2766 pleraque
2094 2693 2172 2741 me·
2224 2762 2229 2769 μ

129 2774 214 2858 bat,
242 2773 457 2866 discipulum
487 2787 714 2864 praeceptore
738 2775 935 2846 doctiorem
964 2797 1057 2862 esse,
1091 2786 1126 2845 et
1176 2773 1324 2842 moriter
1352 2768 1501 2840 recitare
1529 2771 1704 2862 potuerit,
1736 2773 1885 2867 eiusque
1910 2776 1964 2846 rei
1992 2771 2170 2865 specimm

129 2868 337 2978 Stoefflcri,
363 2899 469 2969 quem
485 2875 643 2951 triennio
659 2877 850 2967 diligenter
866 2876 1016 2947 audivit.
1175 2874 1274 2946 dedit
1292 2874 1330 2943 in
1346 2870 1470 2943 libello
1487 2873 1531 2942 de
1546 2867 1690 2946 Anima.

230 3079 411 3174 Perceptis
437 3076 596 3167 artibus,
630 3079 781 3169 linguis,
815 3091 849 3150 et
878 3074 1124 3174 Philosophia,
1273 3076 1371 3150 Haec
1406 3078 1529 3150 omnia
1563 3079 1725 3151 celeriter
1756 3079 1902 3168 didicit,
1940 3096 1983 3154 ut
2006 3080 2169 3153 omnium

128 3182 257 3278 partim
274 3206 295 3253 a
311 3181 621 3273 praeceptoribus,
647 3182 776 3275 partim
794 3206 878 3253 vero
893 3182 1033 3274 privato
1048 3198 1123 3255 stu·
1174 3182 1296 3252 oculos
1318 3183 1357 3250 in
1380 3204 1416 3252 se
1438 3194 1678 3269 converteret,
1705 3207 1786 3253 cum
1811 3183 2094 3277 discipulusne,
2120 3206 2169 3253 an

127 3287 209 3372 dio,
242 3279 399 3355 bonores
428 3298 463 3356 et
488 3286 637 3375 gradum
660 3283 859 3376 Magisterii
882 3280 1124 3378 philosophici
1175 3284 1308 3355 Ductor
1324 3308 1364 3354 ac
1377 3282 1561 3354 Professor
1576 3284 1677 3374 prius
1692 3297 1793 3368 esset,
1819 3286 1948 3357 merito
1963 3286 2044 3380 quis
2058 3285 2170 3356 dubi·

126 3388 168 3458 in
183 3383 382 3459 bacschola
401 3387 508 3478 petit,
533 3400 568 3456 et
584 3389 814 3481 consequitur
834 3411 968 3458 annoa
991 3387 1124 3458 nativi·
1172 3387 1313 3461 taverit.
1362 3383 1448 3456 Fuit
1461 3387 1558 3455 enim
1576 3385 1615 3454 iu
1632 3410 1674 3457 eo
1689 3387 1813 3458 divina
1827 3387 1881 3457 vis
1900 3388 2050 3479 ingenii,
2076 3387 2171 3458 acies

127 3503 199 3562 tate
214 3485 349 3563 Christi
366 3488 417 3560 M.
426 3486 600 3563 D.Xllll.
613 3488 652 3557 in
667 3488 726 3558 die
748 3489 992 3559 conversionis
1006 3487 1124 3577 Pauli,
1172 3488 1320 3572 mentis,
1353 3487 1478 3558 iudicii
1503 3487 1711 3574 dexteritas,
1745 3491 1917 3558 memoria
1947 3489 2171 3575 admiranda,

78 3634 81 3639 ·
125 3592 273 3665 Decano
291 3592 463 3683 Magistro
480 3588 614 3661 loanne
630 3585 772 3676 Knrr,
797 3604 832 3661 et
847 3590 942 3661 inter
956 3589 1123 3662 undecim
1171 3604 1213 3661 ut
1227 3589 1430 3660 meminerit
1450 3588 1632 3674 omnium,
1657 3611 1748 3683 quae
1766 3589 1824 3659 vel
1842 3589 2000 3680 legisset,
2025 3590 2084 3659 vel
2101 3613 2170 3660 au·

124 3691 345 3767 Candidatos
360 3695 518 3787 primum
532 3692 650 3762 locum
667 3691 835 3762 obtinuit.
1172 3691 1315 3762 divisset
1347 3712 1526 3785 unquam,
1562 3703 1603 3763 ut
1635 3690 1919 3762 circumstantias
1952 3705 2169 3783 temporum,

1171 3793 1343 3880 locorum,
1367 3815 1611 3886 personarum,
1638 3806 1673 3863 et
1690 3793 2007 3889 nomine-quoque,
2030 3816 2169 3876 versus,

229 3892 356 3965 Postea
378 3907 413 3965 et
437 3894 563 3964 docere
587 3893 693 3966 simul
714 3894 830 3987 coepit
853 3892 893 3963 in
913 3886 980 3964 bac
1001 3890 1121 3967 schola
1170 3897 1380 3982 sententias,
1406 3909 1440 3966 et
1461 3895 1629 3988 periodos
1648 3896 1854 3966 memoriter
1869 3897 2018 3967 recitare
2042 3895 2171 3989 possit,

125 4003 243 4072 bonos
271 4011 412 4069 autores
437 3993 649 4086 Virgilium,
682 4012 717 4069 et
739 3995 969 4081 Terentium,
1003 4022 1121 4090 quem,
1169 4005 1260 4094 quae
1280 3998 1402 4070 omnia
1423 4000 1571 4086 docent,
1590 3999 1800 4069 memoriam
1824 3998 1901 4070 eius
1921 3998 2030 4069 fuisse
2048 3997 2166 4068 admi·

125 4102 210 4196 qnia
235 4123 339 4193 prosa
365 4099 527 4171 oratione
549 4099 702 4193 scriptus
717 4095 1026 4195 videbatur(sicut
1045 4101 1119 4192 pri·
1168 4102 1332 4174 rabilem.

124 4227 184 4275 ma
202 4203 414 4294 exemplaria
428 4214 566 4273 vetusta
589 4204 714 4273 eodem
730 4203 837 4272 modo
858 4223 1001 4287 excuss,
1026 4226 1119 4296 quae

123 4328 191 4377 nos
207 4328 349 4400 quoque
366 4305 405 4374 in
420 4317 542 4375 nostra
558 4305 709 4397 pueritia
726 4304 902 4390 vidimus,
925 4302 1118 4401 testantur)
1271 4300 1389 4400 Atque
1412 4301 1481 4376 hoc
1503 4306 1633 4387 modo,
1667 4305 1796 4396 adepto
1818 4305 1932 4395 gradu
1954 4302 2165 4392 Magisterii,

123 4420 320 4479 monstrato
350 4407 519 4478 carminis
542 4429 687 4498 genere,
719 4406 889 4478 restituit:
926 4406 1024 4478 etin
1049 4401 1116 4480 hac
1166 4408 1406 4502 quadriennio
1424 4403 1483 4478 hic
1498 4408 1587 4481 vixit
1601 4406 1738 4480 Doctor
1753 4406 1860 4477 simul
1885 4407 2064 4477 bonarum
2081 4405 2164 4478 lite-

122 4505 242 4582 schola
257 4510 418 4605 quinque
433 4510 509 4580 eius
521 4505 733 4580 Comoedias
747 4507 936 4583 enarravit.
1166 4534 1312 4599 rarum,
1331 4524 1373 4583 'et
1387 4511 1587 4603 discipulus
1600 4511 1804 4603 graviorum
1823 4509 2036 4580 studiorum.

221 4714 363 4787 Deinde
396 4709 567 4785 Oratoria
601 4715 754 4787 lectione
786 4714 857 4786 sibi
891 4714 1115 4801 demandata,
1169 4750 1172 4755 -
1265 4709 1339 4782 lem
1365 4725 1441 4785 tum
1466 4699 1658 4783 certamina
1680 4713 1727 4782 de
1755 4706 1945 4799 Religione
1968 4708 2163 4783 Witeber·

121 4812 305 4888 Ciceronis
321 4817 494 4911 quaedam
507 4840 613 4910 opera
627 4814 810 4889 luventuti
823 4814 1021 4909 proposuit,
1047 4841 1114 4907 po·
1161 4839 1244 4906 gae,
1270 4840 1333 4907 per
1345 4813 1597 4887 Reverendum
1617 4813 1733 4882 virum
1748 4811 1949 4882 Dominum
1961 4809 2164 4885 Ductorem

120 4930 194 4990 stes
208 4920 315 4990 etiam
328 4918 424 4990 Livii
439 4918 551 4987 libros
567 4941 625 4988 sex
639 4920 802 4993 absolvit.
846 4914 895 4989 Et
911 4918 1019 5001 simul
1035 4931 1111 4988 tum
1161 4916 1361 4988 Martinum
1396 4912 1595 4987 Lutberum
1633 4914 1671 4982 in
1707 4937 1811 4985 causa
1846 4914 2160 5006 indulgentiarum

119 5019 217 5094 iuter
227 5021 429 5093 docendum
446 5021 491 5090 ad
508 5020 716 5092 sublimiora
732 5020 892 5094 animum
908 5018 1111 5112 applicavit.
1159 5033 1261 5091 erant
1275 5032 1392 5103 motu,
1416 5014 1465 5089 Et
1480 5018 1648 5110 optimus,
1671 5040 1711 5087 ac
1724 5015 2020 5110 prudentissimus
2030 5016 2099 5087 ¹Pri
2119 5044 2165 5090 n·

117 5119 281 5218 Cumque
302 5125 436 5196 valeret
459 5122 625 5214 ingenio,
655 5124 753 5218 quod
774 5124 819 5192 od
842 5121 960 5193 studia
984 5134 1109 5193 natum
1157 5144 1238 5214 ceps
1252 5114 1472 5193 Fridericus
1487 5118 1571 5192 Dux
1594 5120 1770 5191 Saxouiae
1792 5117 1958 5209 Elector,
1984 5098 2167 5193 scholam
2284 5128 2287 5132 ’

118 5238 206 5308 emt,
226 5227 438 5298 etomnium
453 5250 581 5319 capax,
604 5248 680 5296 non
693 5224 760 5297 nni
771 5224 973 5295 studiorum
987 5225 1109 5314 generi
1157 5247 1239 5295 ase
1262 5220 1464 5293 institutum
1489 5223 1651 5307 fovebat,
1687 5236 1723 5296 et
1746 5222 1957 5308 exornabat,
1989 5221 2155 5316 undique

114 5330 293 5416 sedabat,
315 5331 377 5400 sed
391 5329 570 5401 omnibus.
620 5325 734 5423 ldque
754 5327 845 5398 adeo
865 5324 1041 5399 foeliciter
1056 5340 1108 5416 ut,
1156 5325 1332 5398 accersitis
1354 5325 1444 5396 viris
1468 5325 1694 5400 doctissimis.
1762 5325 1863 5398 luter
1883 5325 2041 5418 reliquos
2066 5349 2155 5398 vero

114 5434 212 5525 quod
235 5432 361 5506 auditu
383 5431 513 5504 mirum
536 5442 605 5519 est,
637 5455 718 5503 cum
746 5430 835 5503 elias
862 5430 1014 5523 singuli,
1045 5431 1104 5502 vix
1155 5430 1261 5503 etiam
1284 5422 1548 5516 Reuchlinum,
1573 5428 1676 5502 cuius
1700 5442 1777 5500 tum
1802 5428 1842 5498 in
1865 5439 1939 5499 tota
1955 5424 2151 5501 Genusnis

112 5532 270 5626 singulas
282 5547 376 5608 ortes
389 5548 484 5607 recte
497 5533 655 5618 discunt,
680 5528 741 5606 hic
755 5556 881 5608 omues
895 5540 931 5607 os
945 5532 1103 5626 singulas
1153 5534 1291 5608 celebre
1317 5544 1392 5604 erat
1421 5556 1574 5619 nomen,
1607 5530 1863 5622 Witebergam
1886 5545 2055 5605 vocatum
2072 5552 2152 5604 esse
2235 5604 2239 5609 .
