4748 6022
259 200 337 286 903
829 198 1253 296 QUAESTIONES
1307 198 1710 282 tennemonn
2219 211 2307 287 904

365 381 443 453 Hoc
466 380 657 451 discrimen
680 379 711 449 si
736 376 999 463 consideretur,
1032 378 1175 470 planius
1199 379 1267 469 in·⁴
1310 372 1500 466 κόλυυθα,
1534 376 1667 452 Paulus
1696 378 1857 474 loquitur
1885 382 1930 451 de
1953 380 2157 453 Mediatore
2191 387 2319 478 propi÷

264 485 378 574 telligi
403 484 554 577 poterit,
586 481 649 576 qui
671 481 743 552 sint
771 481 887 550 lontes
913 476 1261 551 Entbusiasticarum
1312 483 1476 554 ciationie
1498 496 1532 554 et
1555 480 1835 568 intercessionis,
1869 483 2053 565 videlicet,
2087 486 2132 556 de
2153 508 2320 576 persone,

267 584 616 669 hallucinationum,
648 586 815 654 deerrant
838 594 871 651 et
888 583 1136 654 certitudinem
1154 608 1263 676 quae·
1315 608 1396 657 cnm
1410 610 1494 656 vero
1516 586 1561 655 de
1584 586 1702 655 medio
1723 583 1896 671 dicimus,
1920 609 1996 655 non
2012 609 2231 677 perennem,
2257 593 2317 661 sed

270 699 374 773 r'unt,
406 701 446 758 ut
469 688 507 757 iu
529 679 684 781 physicis
706 700 740 756 et
761 684 944 755 abducunt
964 699 1137 756 mentesa
1153 687 1263 757 verbo
1315 688 1473 757 medium
1496 689 1743 774 nominamus,
1774 710 1846 779 quo
1867 685 1967 757 illam
1991 688 2105 781 ipsam
2128 713 2317 781 personam

265 791 363 876 Dei,
388 804 422 861 et
433 789 539 859 fidem
554 788 668 880 reipsa
685 786 903 875 extinguunt.
1019 841 1036 872 ,
1318 789 1552 879 agnoscimus.
1603 787 1694 860 Nam
1710 787 1852 877 agnosci
1865 784 1999 860 Filium
2015 804 2174 881 oportet.
2220 791 2317 882 Qua-

258 946 266 955 .
377 890 487 981 Quod
508 902 626 961 antem
649 889 736 960 dicit
759 884 948 978 Euripides
971 887 1016 956 ad
1033 888 1163 960 melam
1183 914 1266 960 can·
1317 915 1356 961 re
1371 887 1495 960 Esaias
1510 892 1646 983 inquit:
1680 889 1820 961 Noticia
1839 893 1932 961 servi
1952 891 2020 962 mei
2042 892 2127 962 iusti
2147 895 2319 966 iustifica-

277 1016 351 1065 sam
367 987 854 1084 persuadendamadhihenda
868 1012 942 1059 esse
955 983 1056 1084 σοφὰ
1070 983 1266 1087 φάρμακα,
1317 993 1372 1063 bit
1391 993 1534 1067 multos.
1593 988 1721 1087 Cyrilli
1743 1015 1827 1061 vero
1852 991 1987 1065 dictum
2009 989 2138 1084 Magos
2162 999 2317 1080 damnat,

278 1097 317 1167 id
333 1096 393 1165 isti
410 1093 642 1164 nonlaciunt.
688 1087 769 1161 Etsi
789 1091 886 1160 enim
909 1092 1020 1161 multa
1041 1088 1268 1186 sophismata
1319 1095 1381 1187 qni
1395 1094 1601 1164 medionon
1618 1095 1780 1164 ordinata
1796 1090 1907 1164 aDeo
1922 1110 2113 1190 quaerunt.

279 1209 506 1281 coacervant,
537 1208 656 1266 temen
678 1192 761 1261 illae
782 1204 1001 1265 monstrosae
1026 1195 1268 1267 rafioeinetio·
1423 1195 1494 1267 Sed
1524 1219 1627 1289 spero
1652 1191 1740 1265 haec
1766 1195 1956 1286 copiosius=
1969 1199 2215 1269 declaraturos
2248 1224 2316 1270 esse

280 1321 344 1369 nes
359 1322 433 1369 non
449 1310 532 1367 sunt
548 1289 649 1390 σοφὰ
663 1286 868 1390 φάρμακα,
896 1295 957 1364 sed
972 1289 1269 1371 hallucinationes
1324 1320 1402 1381 eos,
1433 1297 1495 1389 qui
1516 1298 1745 1368 refutationes
1774 1294 2009 1369 Stenckleldii
2035 1302 2154 1374 edent.
2213 1300 2316 1372 Nunc

278 1424 345 1487 ceu
373 1398 499 1468 morbo
527 1397 722 1468 furentium
755 1391 820 1468 καὶ
856 1392 1141 1491 τετυφομένων,
1181 1399 1269 1492 quid
1321 1424 1385 1468 oro
1412 1399 1526 1469 lilium
1546 1397 1633 1481 Dei,
1665 1399 1727 1488 qni
1750 1411 1802 1467 est
1824 1391 1933 1499 λόγρς
1953 1403 2090 1472 aeterni
2119 1403 2250 1493 patris,
2284 1417 2316 1474 et

281 1501 374 1571 enim
392 1498 625 1570 monstrosius
637 1511 690 1568 est
701 1497 765 1567 illo
781 1512 999 1587 argumento.
1319 1502 1472 1592 protulit
1507 1525 1627 1571 vocem
1664 1496 1871 1592 Evangelii,
1923 1517 1964 1572 nt
1994 1503 2088 1574 inter
2126 1527 2191 1572 nos
2225 1529 2317 1574 sem-

380 1599 484 1672 Unus
506 1616 557 1673 est
580 1601 758 1670 mediator
781 1595 962 1671 Christus:
999 1595 1096 1690 Ergo
1120 1617 1269 1673 nonest
1319 1626 1385 1694 per
1416 1627 1501 1671 voce
1530 1597 1717 1692 Evangelii
1750 1601 1894 1691 colligat
1923 1601 2140 1691 Ecclesiam,
2182 1620 2217 1676 et
2250 1629 2318 1675 nos

257 1704 436 1775 medium
459 1727 527 1773 vox
549 1699 748 1814 Evangelii.
798 1699 895 1772 Haec
910 1714 995 1773 sunt
1015 1725 1159 1793 prorsus
1177 1699 1268 1776 ἀνα·
1322 1705 1506 1793 gubernet.
