4748 6022
71 64 151 215 sis
192 206 195 211 .
455 131 709 243 scatere
736 131 813 211 au
839 133 1132 213 vtrauur
1157 131 1396 211 norrun
1421 112 1724 218 MELAN'rfl.
2018 156 2094 229 214

65 325 107 383 ut
133 310 355 381 frumentum
379 313 555 384 animaret
574 312 620 385 ad
644 334 729 383 usus
752 334 915 399 suorum,
940 313 968 383 si
991 338 1057 382 au·
1109 309 1169 379 illa
1187 306 1246 377 die
1261 332 1375 402 neque
1391 308 1619 401 sequentibus
1639 332 1659 379 a
1676 313 1951 402 praelectionum
1976 327 2093 415 operis

63 437 183 483 nonae
199 412 328 482 caritas
344 411 528 498 incideret,
550 417 646 509 quod
664 425 699 487 et
713 416 757 484 de
770 415 929 486 consiliis
944 415 1057 508 ipsius
1108 412 1241 483 talibus
1262 410 1421 481 consiliis
1441 411 1542 504 quasi
1557 410 1724 482 violentis
1745 420 1959 509 quibusdam
1976 427 2091 497 abdu-

59 516 196 585 iactum
212 527 284 599 est,
310 525 344 585 et
370 538 467 591 nunc
482 518 583 610 qnasi
605 543 645 587 ex
662 530 871 588 testamento
888 515 931 589 I).
949 517 1057 588 Prae-
1107 512 1562 604 ctusluitantimpeditus,
1587 536 1667 584 cum
1684 538 1823 608 semper
1838 526 1981 615 quidem
2007 552 2090 598 ora-

60 616 218 708 ceptoria
236 617 282 687 ab
307 611 375 686 hac
396 632 604 688 asservatur.
662 621 783 713 Atque
809 615 895 689 baec
917 619 1056 691 locutus
1107 631 1205 686 retur
1226 629 1266 686 ut
1287 615 1354 685 sibi
1377 628 1544 706 parceret.
1604 613 1756 686 Domnm
1778 624 1943 695 reductus
1967 651 2089 700 rursus

62 719 163 813 qnod
179 718 416 789 circauonam
433 741 506 789 esse
521 733 679 812 putaret,
706 745 797 813 quae
816 733 890 791 erat
907 722 1055 791 ordina-
1106 719 1146 786 in
1169 716 1272 788 sedili
1298 717 1405 806 longo
1429 740 1493 785 suo
1522 719 1689 788 decubuit
1710 734 1814 812 atque
1845 726 1966 796 relicto
1992 736 2088 821 apud

61 820 119 891 ria
145 814 235 890 hora
261 840 447 911 operarum
477 820 588 912 ipsius
615 821 857 914 publicarum,
890 826 1055 913 surgebat
1105 844 1187 888 eum
1207 818 1318 887 altero
1341 842 1381 887 er
1406 818 1469 903 iis,
1502 818 1563 910 qui
1592 843 1672 887 eram
1696 822 1841 892 domum
1865 831 2089 918 reduxerant,

61 923 111 993 de
128 920 254 1003 sedili,
277 934 313 991 et
327 920 472 1011 parabat
487 945 544 1008 se,
569 938 609 994 ut
623 925 667 994 ad
684 924 956 1018 praelectionem
966 922 1054 995 Dia·
1105 922 1194 990 alter
1220 921 1266 987 ab
1287 942 1329 987 eo
1354 918 1530 999 discessit,
1564 923 1658 1014 quod
1684 925 1813 992 diceret
1836 948 1874 995 se
1898 929 2017 999 literas
2042 940 2088 1003 ad

62 1021 215 1093 lecticae
239 1022 482 1111 descenderet,
512 1046 596 1094 uam
620 1024 685 1096 etsi
709 1019 802 1094 nibil
823 1026 1055 1097 omittebatur
1105 1018 1347 1092 Camerarium
1389 1021 1676 1110 obsignaturnm,
1729 1025 1765 1093 id
1816 1051 1897 1096 cum
1938 1033 2087 1119 audiret,

63 1136 100 1195 et
116 1124 255 1193 orando
267 1135 305 1193 et
320 1115 519 1210 hortando,
544 1126 698 1199 obtineri
711 1138 829 1197 tamen
851 1151 924 1197 uon
942 1141 1054 1218 pote·
1105 1124 1220 1192 scribe
1244 1121 1275 1189 ei
1300 1119 1418 1214 inquit
1442 1146 1497 1190 me
1524 1123 1658 1192 calculo
1684 1125 1855 1217 impedire
1883 1133 1928 1199 ab
1961 1132 2088 1205 itinere

64 1237 139 1305 rat,
167 1237 207 1295 ut
222 1222 291 1294 sibi
306 1218 426 1294 haciu
446 1239 544 1318 parte
566 1243 744 1320 parceret,
769 1242 804 1298 et
827 1229 1051 1320 praelegendi
1104 1222 1300 1305 Misnensi,
1327 1222 1497 1294 invitatus
1513 1224 1608 1293 enim
1631 1226 1746 1296 fuerat
1761 1231 1804 1295 ad
1831 1231 2086 1321 inspectionem

65 1347 195 1418 operae
208 1327 469 1417 supersederet,
491 1326 605 1417 legam
631 1329 750 1424 inquit
775 1330 970 1401 dimidiam
984 1325 1052 1399 lto-
1103 1326 1286 1395 solennem
1319 1325 1397 1393 ludi
1421 1324 1536 1409 illius,
1569 1338 1604 1396 et
1632 1324 1848 1397 caeterorum
1881 1333 2087 1411 illustrium.

65 1427 206 1511 rulam,
225 1441 344 1518 postea
368 1427 406 1495 in
425 1425 599 1500 Balneum
614 1432 841 1517 descendam,
860 1494 866 1511 ‚
889 1430 1053 1525 Cumque
1104 1426 1243 1499 lnterca
1262 1437 1336 1495 tum
1353 1449 1447 1496 nona
1463 1426 1664 1511 audiretur,
1690 1430 1734 1496 de
1749 1429 1793 1497 iis
1809 1430 1919 1503 ferme
1934 1448 2085 1518 tantiam,

64 1548 196 1603 manus
210 1526 330 1607 lavare
343 1529 451 1601 vellet
466 1534 564 1624 qnod
587 1547 683 1604 certo
704 1532 854 1603 consilio
876 1554 980 1624 saepe
998 1533 1052 1603 fa-
1103 1552 1194 1622 quae
1209 1527 1370 1620 publicae
1391 1528 1429 1595 in
1444 1529 1596 1599 lectione
1615 1531 1860 1621 propositurus
1876 1549 1986 1620 esset,
2011 1561 2086 1607 ser·

64 1650 148 1699 cere
157 1643 405 1713 consueverat,
430 1635 524 1704 etad
546 1634 756 1706 malluvium
776 1657 841 1725 per
859 1634 1051 1705 scabellum
1101 1624 1374 1700 neonesbabnit.
1424 1627 1523 1699 Hora
1542 1653 1637 1699 nona
1659 1632 1701 1701 ad
1727 1632 1914 1703 lectionem
1939 1638 2086 1707 descen·

64 1728 173 1799 altius
185 1733 406 1816 ascenderet,
430 1733 479 1806 iu
499 1734 654 1805 difficilis
673 1736 705 1805 ei
722 1735 878 1806 ascensio
891 1736 997 1807 tiebat
1010 1749 1051 1806 ut
1103 1732 1176 1814 dit,
1207 1731 1246 1799 in
1272 1755 1340 1823 qua
1366 1730 1594 1803 dissimulans
1615 1733 1889 1805 imbecillitatem
1913 1755 2086 1830 quantum

64 1830 207 1901 labeme
222 1853 315 1920 genu
327 1834 439 1905 altero
454 1859 545 1928 pene
560 1837 789 1922 concidisset,
814 1860 883 1930 qua
899 1860 939 1907 re
954 1860 1051 1907 com-
1102 1845 1256 1925 poterat,
1272 1832 1378 1902 etiam
1391 1856 1473 1901 voce
1487 1833 1689 1904 firmitatem
1704 1858 1788 1925 prae
1801 1859 1838 1905 se
1855 1838 1989 1924 ferens,
2004 1865 2085 1910 cum

65 1942 186 2001 motus
200 1929 390 2020 nonnihil,
417 1958 493 2030 ego,
515 1938 646 2031 inquit,
667 1937 870 2031 extinguar
882 1936 976 2007 siem
990 1935 1052 2006 lu·
1102 1957 1159 2003 res
1173 1933 1388 2004 dissimulari
1404 1934 1553 2003 minime
1571 1951 1704 2025 posset,
1731 1938 1802 2005 dno
1819 1952 1960 2009 tautum
1982 1966 2087 2031 argu-

65 2028 228 2103 urnula.
279 2034 370 2106 Nam
386 2039 504 2107 statim
526 2039 621 2109 inter
634 2040 737 2110 initia
761 2040 878 2108 morbi
901 2052 1050 2108 mortem
1103 2049 1220 2104 menta
1237 2034 1440 2125 proposuit,
1465 2059 1619 2128 quorun,
1630 2038 1741 2133 altera
1757 2053 1831 2108 erat
1854 2038 2002 2131 ‹teorgti
2015 2043 2087 2113 Na·

63 2133 218 2204 ominari
241 2135 450 2230 incipiebat,
480 2152 515 2208 et
534 2139 764 2230 sequentibus
786 2140 913 2208 diebus
930 2138 1051 2208 omui·
1102 2136 1277 2203 aianzeui:
1303 2136 1353 2215 alc
1366 2131 1410 2205 sd
1426 2131 1538 2232 oiys‘os‘
1559 2133 1706 2227 πάσχα,
1729 2138 1924 2221 eiusmodi,
1949 2137 2087 2237 λύτρον

62 2235 131 2305 bus
148 2235 190 2304 in
205 2259 267 2306 ore
280 2249 356 2306 erat
369 2238 504 2308 mentio
527 2233 652 2321 huius,
674 2252 708 2311 et
725 2261 906 2310 sermones
921 2240 966 2308 de
986 2234 1052 2307 bac
1102 2249 1154 2305 cst
1174 2239 1243 2306 τοῦ
1263 2231 1500 2325 κατέχοντος,
1531 2234 1705 2306 Diabolus
1731 2236 1875 2329 κατέχει
1907 2242 2000 2311 iraxta
2028 2246 2086 2311 di·

63 2335 197 2407 mnltos
218 2349 254 2406 et
276 2337 451 2427 sapientes
471 2352 579 2432 atque
599 2340 677 2430 pios
700 2334 872 2425 babebat,
898 2362 1051 2433 quorum
1102 2352 1196 2406 ctum
1223 2332 1349 2405 Esaiae
1370 2330 1607 2429 κατεχόμεθα
1634 2333 1711 2430 μὴν
1733 2336 1808 2435 γὰρ
1830 2335 1904 2411 ὑπὸ
1926 2348 1995 2413 τοῦ
2018 2369 2086 2415 no-

62 2436 232 2527 deinceps
256 2459 320 2507 suo
343 2438 422 2509 loco
442 2441 633 2510 referemus
656 2442 805 2535 aliquos.
864 2439 918 2513 lta
942 2442 1052 2531 igitur
1099 2442 1237 2531 νηροῦ,
1264 2430 1490 2531 πεπράμενοι
1505 2433 1579 2511 ὑπὸ
1599 2433 1668 2531 τὴν
1686 2434 1875 2533 ἁμαρτίαν
1899 2457 1963 2516 etc.
1989 2452 2086 2538 qnod

63 2551 256 2630 antequam
279 2551 398 2609 octava
427 2541 612 2612 audiretur
636 2541 888 2614 comitantibus
911 2565 990 2611 enm
1017 2555 1052 2612 et
1101 2553 1348 2628 argumentum
1366 2551 1440 2607 tum
1458 2540 1616 2610 solvebat
1634 2554 1739 2633 atque
1754 2542 1967 2631 explicabat,
1994 2572 2085 2641 qno-

60 2639 321 2709 deducentibus
335 2641 477 2712 duobus
490 2643 529 2711 in
549 2638 705 2715 scholam
724 2643 903 2735 pttblicam
918 2643 1052 2711 doctri·
1101 2642 1209 2709 modu
1231 2639 1375 2708 diabulo
1400 2664 1473 2708 non
1495 2640 1710 2710 deberentur
1734 2634 1869 2737 λύτρα,
1902 2644 2084 2738 aliquanto

60 2764 133 2811 uae
154 2760 237 2810 suae
259 2743 461 2822 descendit,
488 2745 620 2836 inquo
643 2747 806 2815 consulto
828 2769 908 2815 euni
933 2766 1051 2813 errare
1101 2764 1206 2834 quam
1230 2742 1269 2810 lit
1290 2764 1310 2811 a
1334 2738 1508 2831 Gregorio
1524 2741 1708 2826 disertius,
1730 2756 1764 2812 et
1788 2744 1939 2833 planius.
1991 2746 2086 2818 Haec

61 2839 305 2933 patiebamur,
331 2857 369 2915 ut
390 2844 495 2914 lectio
520 2845 829 2931 interverteretur,
853 2845 916 2918 etsi
934 2846 1052 2936 suspi-
1101 2841 1205 2913 lectio
1222 2866 1296 2911 non
1314 2843 1464 2912 multum
1480 2844 1571 2913 ultra
1590 2846 1821 2937 quadrantem
1841 2843 1927 2915 bora
1950 2852 2085 2938 produ·

61 2943 234 3015 rebamur
266 2967 345 3013 eum
380 2946 534 3016 alienam
566 2941 691 3018 horam
725 2948 933 3040 professoris
965 2947 1052 3032 eius,
1101 2958 1156 3014 cta
1181 2944 1266 3028 fuit,
1292 2957 1326 3014 et
1348 2936 1442 3013 baud
1469 2946 1597 3015 scimus
1621 2970 1665 3014 an
1684 2946 1880 3015 breviorem
1897 2947 2084 3021 lectionem
2123 2962 2128 2967 ’

61 3043 166 3115 cuius
187 3056 240 3115 est
257 3040 344 3114 hura
358 3061 498 3133 octava,
530 3071 635 3141 quem
659 3060 736 3119 tum
760 3072 904 3140 peregre
931 3050 1051 3118 abesse
1100 3046 1146 3115 ab
1160 3045 1238 3137 ipso
1253 3041 1409 3115 habitam
1423 3041 1570 3117 antehac
1587 3070 1690 3116 nemo
1709 3047 1920 3122 meminerit.
1947 3050 2007 3121 Sic
2018 3053 2084 3142 igi-

64 3144 218 3230 sciebat,
236 3145 336 3217 obire
351 3148 452 3221 velle.
474 3184 478 3191 ·
502 3147 560 3219 Aa
575 3149 747 3221 auditorii
760 3151 854 3221 iores
868 3174 948 3221 cum
965 3173 1048 3242 per·
1101 3162 1160 3217 tur
1173 3162 1254 3239 post·
1265 3146 1401 3218 finitam
1420 3147 1604 3220 lectionem
1619 3148 1747 3219 iterum
1762 3152 1908 3220 domum
1925 3175 2085 3223 reversus

62 3246 242 3331 venisset,
267 3247 315 3316 ita
343 3250 488 3335 cecidit,
518 3263 559 3320 ut
581 3252 747 3343 perpauci
772 3247 974 3322 scholastici
998 3250 1051 3320 ibi
1100 3249 1218 3319 statim
1239 3250 1277 3317 in
1294 3247 1452 3318 Labrum
1468 3274 1579 3345 aquae
1596 3250 1728 3320 calidae
1744 3252 1941 3336 descendit,
1967 3269 2002 3324 et
2027 3257 2082 3325 io·

62 3350 248 3432 adessent,
282 3373 435 3444 numque
458 3352 715 3441 significaretur
735 3354 769 3423 ei
791 3358 952 3425 nondum
978 3374 1051 3422 esse
1102 3365 1219 3421 rnenta
1254 3365 1359 3444 atque
1390 3352 1577 3422 arrictioncs
1603 3348 1784 3421 adhibitae
1810 3353 1908 3423 fuere
1934 3356 2016 3424 illae
2042 3360 2085 3426 de

61 3450 222 3519 auditum
244 3463 425 3543 octavam,
462 3454 693 3547 quidigitur
718 3450 778 3524 hic
798 3455 960 3544 agimus?
991 3455 1051 3522 in·
1100 3452 1232 3543 quibus
1262 3475 1369 3542 supra
1400 3452 1573 3535 diximus,
1621 3478 1771 3546 cumque
1805 3478 1868 3543 per
1898 3456 2083 3527 dimidiam
2185 3540 2188 3545 ¹

61 3552 161 3643 quit,
186 3555 452 3645 alqusdomum
469 3567 666 3638 revulsus,
691 3556 876 3625 abiisdem
891 3555 1050 3648 quicum
1103 3548 1226 3621 buram
1261 3552 1299 3621 in
1333 3553 1432 3621 labro
1464 3552 1652 3622 desedisset
1688 3558 1731 3622 ad
1762 3556 1953 3645 prandium
1999 3559 2083 3626 inde

61 3652 289 3725 deduxerunt
304 3656 469 3725 reductus
487 3670 548 3725 est.
591 3654 700 3725 'luter
723 3661 874 3725 eundem
899 3655 1051 3738 dicebat,
1102 3674 1257 3741 egressus
1273 3666 1326 3722 est
1346 3650 1514 3721 omuibus
1534 3653 1641 3721 rebus
1658 3654 1704 3723 ita
1726 3655 1941 3723 sedentibus
1962 3673 2001 3726 ut
2016 3660 2085 3725 mi-

64 3751 345 3841 siKembcrgam
369 3778 481 3848 usque
494 3758 721 3847 procederem
743 3756 901 3826 iomassis
924 3755 1051 3825 melius
1102 3777 1170 3822 nus
1185 3753 1217 3822 ei
1234 3764 1449 3823 metueretur
1464 3765 1498 3822 ct
1513 3768 1552 3824 ut
1573 3767 1652 3823 anu
1678 3778 1778 3847 saepe
1803 3755 1850 3824 ita
1877 3773 1952 3825 tum
1977 3759 2084 3828 etiam

12 3891 15 3896 ·
65 3878 206 3925 mecum
223 3854 337 3937 fieret,
362 3858 460 3948 quod
482 3857 693 3948 oppidulum
716 3859 821 3929 distat
837 3856 1050 3946 Witebetga
1101 3854 1429 3925 acalculotantum
1447 3857 1564 3925 omnis
1588 3856 1750 3927 debilitas
1773 3857 1925 3927 extitisse
1947 3860 2084 3928 iudica-

65 3955 250 4049 aliquanto
286 3955 448 4046 longiore
478 3958 606 4049 spacio
627 3983 734 4052 quam
765 3973 817 4030 est
839 3982 1051 4051 parasangas
1100 3970 1209 4030 retur.
1263 3955 1304 4026 ln
1321 3956 1470 4049 perunctio
1487 3980 1673 4048 perparum
1688 3973 1722 4029 et
1739 3960 1953 4044 comedebat,
1979 3974 2014 4030 et
2028 3962 2085 4029 bi-

64 4057 193 4142 unius,
223 4080 313 4150 quae
337 4052 444 4130 babet
471 4060 612 4130 miliare
631 4061 870 4150 germanicum
897 4061 1052 4146 brevius,
1102 4060 1226 4142 beb'at,
1254 4053 1526 4129 hilariusculum
1547 4083 1585 4130 se
1607 4073 1743 4144 tamen,
1775 4072 1907 4129 etcum
1936 4061 2084 4132 omnino

63 4152 143 4231 Etsi
159 4171 274 4229 autem
291 4171 429 4231 tantum
446 4160 585 4231 itineris
601 4161 664 4233 illa
678 4162 881 4233 valetudiue
900 4186 963 4232 sua
987 4186 1052 4231 us-
1102 4158 1312 4251 praebebat,
1335 4174 1376 4231 ut
1390 4160 1583 4251 periculum
1609 4160 1646 4230 in
1664 4160 1858 4251 praeseutia
1881 4177 2085 4255 superatum

66 4282 244 4353 quaquam
268 4261 440 4331 conficere
460 4263 649 4353 potuisset,
699 4263 783 4334 Post
810 4259 903 4334 hanc
933 4277 1050 4332 tamen
1102 4282 1176 4331 esse
1189 4262 1348 4355 plerique
1368 4260 1596 4339 confiderent.
1647 4260 1772 4332 Postea
1790 4263 1902 4355 quieti
1924 4288 1961 4333 se
1974 4265 2084 4351 dedit,

65 4384 143 4430 raon
160 4361 300 4449 longam
318 4362 464 4433 itionem
482 4367 527 4435 de
542 4390 611 4457 qua
627 4364 782 4435 diximus
800 4365 945 4437 allevari
960 4388 1052 4433 non·
1103 4374 1137 4433 et
1152 4363 1323 4433 dormivit
1341 4386 1404 4456 per
1418 4358 1522 4433 boras
1537 4365 1646 4433 ferme
1663 4376 1745 4445 tres,
1764 4364 1826 4456 qui
1841 4388 1987 4435 somnus
2002 4390 2084 4437 eum

68 4456 164 4531 nibil
187 4461 282 4531 visus
306 4463 394 4548 luit,
424 4479 465 4536 ut
489 4470 635 4535 domum
666 4488 827 4536 reversus
846 4467 1052 4537 meliuscule
1103 4466 1152 4534 ita
1183 4465 1423 4549 confirmavit,
1464 4476 1504 4535 ut
1540 4488 1619 4557 spes
1643 4465 1749 4535 simul
1782 4467 1945 4537 omnium
1976 4468 2086 4558 magis

70 4557 237 4646 haberet,
264 4568 509 4653 perseverabat
523 4582 638 4637 autem
654 4568 694 4636 in
707 4569 881 4639 sententia
904 4593 941 4638 se
964 4564 1051 4637 bora
1103 4564 1381 4640 confirmaretur.
1440 4566 1535 4636 Ante
1562 4590 1708 4637 coenam
1739 4566 1945 4657 scriptiones
1975 4582 2086 4640 certas

66 4686 166 4735 nona
183 4664 355 4735 lecturum
370 4690 462 4748 esse,
488 4672 583 4759 quod
608 4670 671 4739 etsi
687 4683 788 4741 erant
805 4670 867 4763 qui
891 4682 1052 4740 averten-
1104 4668 1327 4753 absolvebat,
1361 4679 1396 4738 et
1431 4692 1511 4737 cum
1538 4667 1576 4737 in
1598 4692 1706 4739 coena
1732 4682 1872 4759 postea,
1904 4681 1979 4737 tum
2007 4672 2087 4764 post

67 4767 157 4835 duna
186 4766 385 4838 iudicarent
416 4769 671 4859 significatione
703 4773 879 4841 contraria
914 4772 1054 4863 publice
1105 4765 1196 4838 hanc
1217 4766 1311 4840 nihil
1333 4768 1699 4849 animadvertebatur,
1733 4770 1828 4861 quod
1848 4792 1945 4858 spem
1967 4794 1987 4840 a
2006 4773 2087 4881 ple·

66 4868 271 4959 proposita,
305 4883 345 4939 ut
366 4884 546 4941 revertens
570 4871 749 4943 auditores
772 4873 892 4943 nullos
915 4872 1056 4942 iuveni·
1105 4869 1224 4963 risque
1239 4886 1443 4962 conceptam
1460 4870 1678 4954 debilitaret,
1702 4869 1795 4937 vires
1810 4882 1927 4940 tamen
1953 4894 1988 4943 se
2011 4898 2086 4943 raon

49 4982 145 5063 Uret,
168 4981 291 5039 contra
305 4982 421 5041 tamen
438 4966 508 5062 boc
529 4974 751 5044 meurebatur
771 4997 817 5043 ue
835 4996 874 5043 ea
890 4975 1055 5042 adversa·
1106 4972 1403 5056 corroborabaut,
1435 4973 1496 5041 sed
1531 4972 1681 5060 languor
1711 4970 1935 5043 imbecillitas
1968 4974 2088 5065 potius

69 5070 170 5141 tione
193 5083 227 5140 et
247 5072 478 5145 frustratione
500 5072 565 5144 tali
579 5074 627 5143 ita
641 5074 900 5159 offenderetur,
925 5087 965 5143 ut
985 5074 1058 5143 ira·
1108 5066 1233 5140 harum
1260 5075 1424 5143 manebat
1448 5096 1524 5139 non
1549 5073 1661 5142 multo
1697 5075 1814 5142 minor
1847 5098 1952 5166 quam
1985 5099 2087 5143 enarre

70 5172 226 5242 ctandiae
243 5176 431 5245 commotio
446 5176 476 5243 ei
497 5175 576 5266 plus
590 5188 751 5259 noceret,
776 5198 882 5268 quam
905 5175 978 5244 ulla
995 5176 1058 5244 de·
1107 5176 1229 5245 luerat.
1280 5173 1357 5243 Nox
1382 5196 1531 5264 sequeus
1555 5176 1697 5261 gravior
1721 5189 1812 5254 erat,
1839 5200 1908 5275 qna
1932 5177 2085 5264 primum

69 5273 250 5363 fatigatio,
274 5276 310 5344 id
336 5280 431 5369 quod
455 5279 586 5347 iactum
608 5276 741 5347 luisset.
797 5275 919 5369 ltaque
944 5299 1057 5369 neque
1108 5270 1365 5366 deprehensum
1384 5275 1582 5447 striti4quid
1599 5278 1716 5347 resorbi
1730 5290 1834 5361 esset,
1859 5300 1930 5369 quo
1948 5277 2089 5347 lubora-
