4748 6022
286 374 361 447 679
1064 373 1537 452 PRAEMONENDA.
2247 366 2330 440 680

284 550 443 623 maretur,
480 551 513 605 et
541 561 584 605 ex
613 542 653 606 iis
682 562 766 627 quae
793 543 825 605 ia
856 543 1004 625 epistolis
1026 544 1102 609 Vol.
1117 547 1174 610 111.
1197 568 1228 631 p.
1246 547 1440 613 sss-190.
1463 548 1630 629 leguntur,
1653 541 1821 622 videmus,
1854 536 2080 618 scholasticis,
2114 535 2169 632 qui
2200 536 2231 596 in
2261 536 2331 602 hoc

287 627 527 691 exercitationis
552 646 675 711 genere
698 630 913 711 excellerent,
934 631 1077 712 praemia
1098 631 1174 696 data
1195 652 1283 697 esso.
1327 633 1379 698 Cf.
1403 652 1486 716 quae
1507 629 1699 695 Melanthea
1721 625 1838 690 ibidem
1859 643 1890 706 p.
1906 623 1979 688 188.
2002 622 2044 685 de
2065 620 2205 686 utilitate
2227 622 2328 687 eius-

142 750 155 769 ·
185 722 189 729 “
286 712 373 777 modi
394 713 635 778 exercitationis
656 715 746 778 dixit.

142 1490 145 1498 ,
264 1481 265 1484 ,
294 1427 374 1510 „qui
397 1426 539 1506 incipere
561 1436 596 1488 et
617 1429 777 1490 tentare’'.
800 1460 842 1471 —
884 1425 1005 1510 Neque
1027 1429 1137 1492 verius
1160 1448 1267 1511 neque
1289 1429 1404 1493 iustius
1428 1440 1482 1492 est
1503 1427 1652 1489 iudicium

416 826 511 908 Quod
541 830 659 893 attinet
686 828 729 893 ad
756 829 892 912 pretium
914 829 1213 895 Declamatieaibus
1235 831 1350 896 Nostri
1380 832 1604 910 statuendum,
1636 824 1784 892 homines
1808 823 1920 888 eruditi
1942 822 2046 886 seculi
2067 821 2160 885 XVI.
2180 822 2326 908 Philippi

289 915 453 979 orationes
469 913 514 975 'ia
544 933 671 979 summo
694 916 857 979 habebant
883 917 985 997 pretio
1016 929 1049 979 at
1071 919 1103 979 in
1130 919 1313 1000 praecipuis
1337 921 1432 982 animi
1455 918 1588 982 deliciis.
1630 915 1754 978 Postea
1778 921 1906 994 autem,
1933 919 2110 1006 postquam
2130 909 2326 974 Melanthea

289 1018 348 1084 per
376 1018 432 1063 ora
460 1000 624 1063 hominum
652 1000 819 1065 traductus
846 1012 934 1083 erat,
964 1003 1057 1082 quasi
1085 1022 1198 1085 puram
1222 1004 1357 1067 Lutheri
1380 998 1555 1067 doctrinarh
1579 1001 1795 1081 corrupisset,
1823 997 1895 1078 alii,
1930 994 2003 1057 odio
2026 994 2164 1090 nominis
2188 995 2324 1058 Melan-

290 1085 401 1151 thoais
424 1083 530 1164 ducti,
561 1086 658 1148 etiam
679 1086 720 1149 de
742 1082 838 1149 laude
860 1087 1037 1148 orationum
1060 1089 1131 1150 eius
1158 1088 1329 1152 detrahere
1359 1088 1560 1152 studuerunt.
1612 1087 1686 1166 Sic,
1711 1094 1749 1146 at
1771 1081 1922 1162 exemplo
1944 1089 2033 1160 utar,
2062 1074 2200 1155 Lapesrse
2223 1079 2326 1164 (llpp.

293 1170 388 1235 Ceut.
400 1168 432 1234 3.
453 1169 495 1232 ad
517 1171 644 1253 Belgas
665 1190 716 1252 ep.
730 1171 819 1254 28.);
842 1189 930 1253 „nec
951 1172 993 1234 ad
1008 1171 1198 1237 Ciceronem
1220 1174 1349 1256 quidem
1371 1173 1511 1256 (inquit)
1532 1171 1618 1234 serio
1641 1187 1701 1233 nos
1724 1176 1860 1246 vocant,
1890 1165 1950 1228 sed
1972 1163 2013 1225 ad
2035 1163 2326 1230 Melanchthonem

291 1275 433 1342 ,‚saum,
459 1256 563 1318 vimm
585 1256 679 1337 mihi,
708 1257 770 1318 nisi
792 1273 812 1318 a
834 1257 1008 1339 religione,
1037 1258 1123 1321 haud
1146 1258 1420 1343 adspernabilem,
1452 1256 1513 1321 sed
1536 1275 1598 1319 aec
1619 1257 1702 1319 inter
1724 1253 1826 1316 duces
1848 1261 1905 1313 aut
1926 1249 2159 1331 antesignanos
2179 1250 2222 1313 ad
2251 1252 2327 1315 clo-

291 1340 482 1425 „queatiam
503 1341 695 1424 ponendum.
739 1340 791 1403 De
814 1359 878 1422 quo
900 1343 1073 1405 verissime
1095 1340 1151 1427 (3)
1175 1346 1370 1407 Bonamicus
1392 1345 1424 1406 in
1446 1343 1540 1406 ltalia
1560 1342 1777 1487 interrogptup
1792 1336 1894 1501 pinsit:
1921 1335 2247 1501 yqderipeprqiqqtiqp
2268 1338 2328 1487 {pi-

1718 1442 1754 1487 or
1777 1441 1793 1483 o
1820 1441 1830 1483 ι
1900 1440 1930 1482 ιιι
1973 1440 2002 1481 ιιι
2053 1440 2072 1481 o
2179 1467 2186 1483 .
2242 1469 2251 1485 .
2321 1468 2329 1485 .

293 1530 321 1574 c.
334 1509 367 1574 3.
379 1508 412 1574 3.
435 1530 467 1591 p.
481 1510 575 1595 976.)
597 1512 721 1574 scribit:
743 1511 990 1593 „Melanthoais
1015 1516 1177 1578 orationes
1201 1517 1286 1578 iusta
1307 1515 1402 1578 laude
1424 1511 1599 1596 privandae
1622 1439 1979 1591 haudquaquamqsunt.
2017 1438 2201 1569 Caederem
2215 1525 2328 1590 quen-

293 1595 367 1658 dam
395 1613 435 1658 ac
460 1595 701 1677 simplicitatem
723 1597 754 1659 ia
777 1597 918 1660 dictione
940 1617 1070 1679 semper
1092 1610 1240 1663 sectatus
1262 1612 1314 1664 est
1336 1601 1385 1663 vir
1404 1601 1477 1680 ille,
1503 1607 1603 1679 atque
1624 1596 1656 1657 id
1681 1605 1898 1671 consecutus,
1925 1601 1961 1652 ut
1982 1607 2043 1652 suo
2066 1600 2213 1673 ternpore
2235 1593 2327 1656 Phi·

292 1681 430 1762 lippicas
452 1681 561 1764 stylus
583 1683 666 1744 iuter
688 1682 796 1764 elegia
817 1681 993 1746 audiretur:
1022 1703 1086 1746 noa
1108 1687 1253 1768 assurgit
1274 1704 1432 1768 unquam,
1462 1694 1517 1749 aut
1538 1684 1627 1744 vires
1649 1681 1704 1742 vel
1728 1681 1821 1753 robur
1843 1676 1970 1757 aliquod
1993 1675 2152 1754 ostendit,
2181 1677 2242 1740 sed
2270 1689 2327 1742 ta-

293 1784 369 1828 men
392 1767 437 1828 ita
459 1776 577 1830 tractat
599 1778 806 1849 argumenta,
833 1777 870 1829 at
890 1767 966 1831 nihil
989 1769 1116 1834 omittat
1138 1788 1265 1851 eorum,
1293 1788 1377 1852 quae
1390 1763 1440 1833 'ad
1460 1769 1508 1833 rei
1530 1786 1689 1849 summam
1710 1759 1899 1846 pertiueot.''
1941 1759 2095 1823 Proiecto
2119 1761 2215 1844 enirn,
2237 1764 2329 1846 quod

293 1850 476 1920 Merheiius
499 1851 540 1914 de
563 1851 711 1914 laudibus
732 1852 953 1916 Melanthoais
975 1853 1149 1917 detrahere
1171 1876 1232 1918 aon
1252 1874 1355 1918 ausus
1378 1867 1448 1936 est,
1475 1853 1629 1916 videlicet
1651 1851 1822 1914 dictionem
1845 1848 1965 1910 babere
1986 1846 2159 1908 candorem
2182 1857 2217 1909 et
2238 1852 2326 1912 sim-

224 1931 227 1937 ’
294 1935 488 2018 plicitatem,
515 1947 548 1999 et
574 1947 766 2019 argumenta
794 1939 838 2001 ita
860 1948 997 2002 tractata
1018 1957 1113 2018 esse,
1142 1951 1178 2005 ut
1201 1940 1278 2003 nihil
1300 1941 1342 2004 ad
1364 1959 1430 2003 rem
1454 1940 1620 2021 pertinens
1643 1940 1687 1999 sit
1708 1935 1882 2015 omissum,
1912 1932 1944 1994 id
1966 1931 2112 2012 proiecto
2136 1934 2209 1995 boni
2232 1936 2325 1997 scri-

294 2021 397 2103 ptoris
425 2023 530 2103 magis
561 2033 613 2085 est
642 2040 738 2104 quam
761 2023 913 2100 oratoris,
942 2027 1033 2087 cuius
1056 2045 1111 2088 ars
1134 2027 1274 2089 cernitur
1295 2045 1368 2089 cum
1390 2028 1421 2087 in
1445 2025 1529 2086 felici
1553 2023 1681 2085 delectu
1702 2017 1926 2095 dicendorum,
1956 2026 2022 2080 turn
2044 2019 2175 2079 veroin
2200 2019 2323 2082 elocu-

295 2107 401 2188 tione,
426 2107 563 2187 simplici
586 2125 650 2168 neu
675 2116 798 2170 tantum
820 2106 880 2169 sed
902 2109 1073 2191 splendida
1094 2112 1191 2174 etiarn
1215 2123 1249 2174 et
1270 2112 1388 2175 vivida.
1442 2111 1622 2190 Utrumque
1650 2105 1859 2186 conspicuum
1887 2114 1940 2166 est
1962 2103 1994 2163 in
2016 2101 2232 2165 Melanthoais
2257 2104 2326 2165 de·

295 2190 550 2253 clamationibus.
602 2189 794 2272 Quanquam
823 2195 908 2255 enim
929 2194 1119 2258 Melanthea
1142 2199 1173 2259 ia
1196 2206 1286 2259 tanta
1308 2197 1451 2272 laborum
1474 2195 1559 2257 mele
1580 2194 1696 2276 quibus
1719 2190 1931 2271 obruebatur,
1962 2188 2045 2249 satis
2068 2188 2121 2248 otii
2141 2207 2204 2249 non
2225 2209 2326 2251 sem-

295 2294 354 2358 per
382 2275 522 2339 habebat
549 2275 591 2339 ad
622 2278 784 2340 orationes
813 2295 893 2341 suas
921 2280 1166 2362 perpoliendas,
1196 2301 1301 2364 neque
1332 2294 1443 2363 petest
1470 2280 1596 2360 negari,
1627 2277 1789 2339 orationes
1818 2285 1894 2355 post
1916 2291 2035 2335 annum
2060 2271 2151 2335 1516.
2173 2275 2328 2356 scriptas,

294 2361 348 2423 ubi
375 2361 464 2423 vires
492 2361 608 2424 Nostri
635 2366 737 2444 curis,
765 2363 946 2448 laboribus,
977 2369 1139 2430 aerumnis
1169 2376 1204 2430 et
1231 2368 1428 2429 inimicorum
1457 2363 1712 2427 cavillationibus
1741 2358 2028 2432 exhauriebootun
2065 2358 2224 2436 Prioribus
2254 2361 2326 2427 5¹¹⁸

296 2446 492 2509 orationibus
520 2446 691 2509 inferiores
719 2465 812 2509 esse:
848 2459 954 2513 tamen
984 2454 1101 2534 cuique
1129 2450 1294 2515 latendum
1325 2462 1395 2533 est,
1432 2449 1591 2512 Nostram
1620 2468 1683 2510 non
1713 2447 1819 2508 solum
1848 2444 2017 2525 eleganter
2044 2441 2328 2527 loquutumesse,

296 2530 357 2592 sed
385 2532 482 2592 etiam
514 2531 544 2592 in
576 2530 705 2593 delectu
736 2551 840 2595 rerum
871 2536 1022 2598 eximium
1051 2536 1176 2618 pulchri
1199 2548 1231 2600 et
1252 2536 1411 2600 commodi
1433 2553 1585 2614 sensum,
1620 2544 1653 2594 et
1675 2534 1706 2593 in
1731 2526 1881 2593 ornandis
1901 2529 1997 2590 rebus
2020 2526 2240 2592 admirandam
2264 2548 2326 2592 co·

296 2617 382 2697 piam
404 2625 438 2677 et
460 2633 566 2678 rerum
597 2617 814 2698 cognitionem
846 2618 1049 2703 ostendisse,
1081 2619 1127 2684 ita
1154 2632 1191 2684 ut
1218 2624 1373 2685 lectorem
1404 2641 1467 2683 non
1494 2620 1600 2682 solum
1623 2618 1781 2697 oblectet,
1802 2613 1862 2677 sed
1886 2615 1982 2681 etiam
2003 2611 2181 2676 doctiorem
2203 2613 2327 2678 reddat·

295 2698 477 2763 Videaotur
499 2700 644 2782 omuino,
672 2718 755 2782 quae
778 2698 986 2768 Camerarius
1006 2706 1038 2767 in
1060 2708 1129 2769 vita
1150 2707 1372 2772 Melanthoais
1400 2699 1788 2790 (§.18.ed.Strebel.)
1817 2695 1859 2762 de
1880 2697 2102 2761 Melanthoais
2126 2701 2327 2764 orationibus

296 2785 379 2849 satis
399 2784 532 2866 copiose
554 2785 698 2866 itemque
720 2787 891 2850 verissime
911 2788 1001 2855 dixit.

424 2897 550 2963 Omnes
578 2898 647 2963 iere
669 2901 890 2967 Melanthoais
918 2904 1188 2988 declamationes,
1215 2908 1311 2971 simul
1335 2917 1370 2972 ut
1391 2907 1547 2970 recitatae
1570 2904 1714 2984 fuerant,
1743 2902 1841 2965 etiam
1870 2899 1958 2983 typis
1988 2901 2173 2980 exscriptae
2197 2912 2276 2964 sunt
2298 2911 2328 2964 et

298 2985 423 3068 editae,
459 3002 594 3067 quaram
623 2996 731 3050 autem
760 2991 927 3072 exempla,
961 3001 1134 3074 postquam
1167 2994 1236 3056 libri
1265 2994 1531 3057 declamationum
1560 2989 1762 3072 prodierant,
1793 2986 1946 3068 neglecta
1974 2986 2129 3067 pleraque
2151 2987 2329 3068 perierunt,

296 3088 400 3152 pauca
428 3080 614 3150 supersunt.
672 3072 863 3137 Melanthea
892 3077 964 3156 ipse
994 3096 1156 3159 nunquam
1185 3080 1246 3142 bas
1273 3081 1435 3143 orationes
1464 3078 1594 3158 collegit
1626 3076 1679 3135 vel
1708 3075 1740 3134 in
1769 3073 1809 3134 iis
1838 3069 2028 3154 colligendis
2051 3090 2184 3151 operam
2207 3076 2329 3154 posuit,

296 3155 381 3237 qued
404 3155 646 3239 feceruntatii,
674 3176 758 3240 quos
780 3163 944 3223 recensuit
963 3158 1146 3226 Strobeh'os
1166 3163 1396 3245 (Miscebantur
1419 3159 1602 3242 [iterassem
1624 3159 1758 3238 Sopolis.
1789 3157 1838 3222 ὖιι
1861 3156 1997 3224 &ommi
2022 3176 2053 3237 p.
2073 3155 2135 3220 133
2146 3158 2256 3239 sqq).

424 3271 687 3354 Distingueadae
708 3283 816 3339 autem
838 3287 915 3341 suat
936 3279 1065 3342 omnino
1087 3277 1226 3362 pisisque
1246 3277 1400 3344 editiones
1420 3277 1699 3342 Declamatienum
1718 3275 1815 3337 hiet:
1836 3326 1842 3336 .

468 3388 507 3469 1)
531 3384 640 3452 Editio
661 3388 903 3474 Hopoooerssie,
932 3412 1017 3457 aaao
1041 3379 1142 3479 1533,
1172 3413 1287 3459 maaca
1308 3393 1423 3460 adhuc.

466 3473 509 3555 2)
530 3471 591 3535 Ed.
614 3471 900 3559 Arpealorolemis
922 3481 994 3541 anni
1019 3481 1119 3562 1541,
1149 3499 1232 3563 quae
1255 3501 1298 3543 ex
1319 3480 1449 3543 cilicina
1472 3477 1624 3543 Cratonis
1646 3477 1738 3562 Mylii
1760 3474 1877 3558 prodiit
1900 3476 2004 3538 forma
2027 3476 2244 3557 quatamaria.

465 3556 507 3639 3)
529 3555 639 3621 Editio
657 3559 825 3645 princepe,
846 3566 1155 3648 Argentorateasis,
1176 3563 1281 3631 ferma
1301 3568 1478 3647 octauaria,
1504 3566 1578 3628 inde
1591 3566 1631 3628 ab
1653 3583 1735 3627 anne
1753 3565 1843 3626 1514.
1857 3563 1888 3623 in
1902 3565 2025 3643 sepiem
2047 3557 2160 3652 tomis..

468 3643 509 3724 4)
532 3641 641 3707 Editio
662 3643 877 3732 servarene,
904 3669 934 3712 a.
958 3651 1053 3715 1586.

467 3727 507 3810 5)
531 3727 640 3791 Editio
662 3726 908 3816 Richardioao,
935 3754 964 3797 a.
990 3735 1082 3801 1570.

341 3842 366 3906 1.
410 3840 521 3907 Editio
542 3843 777 3929 Hoponoeasio.
821 3849 944 3914 Prodiit
973 3852 1022 3915 sic
1050 3851 1220 3933 inscripta:
1254 3851 1448 3937 „Orationes
1476 3852 1595 3933 aliquot
1625 3851 1709 3915 lectu
1739 3847 1949 3934 dignissimae
1976 3865 1998 3908 a
2018 3844 2102 3908 Phil.
2124 3845 2203 3909 Mel.
2236 3859 2331 3929 atque

384 3930 457 3991 aliis
488 3931 687 3995 doctissimis
717 3935 906 4016 quibusdam
935 3937 966 3998 in
996 3938 1123 4020 publica
1151 3938 1259 4002 Viteb.
1287 3941 1401 4002 schola
1431 3939 1668 4019 pronunciatae.
1727 3937 1909 4018 Hagaaoac
1937 3951 1982 3993 ex
2011 3931 2144 3995 officina
2173 3932 2330 3995 Kobiaaa.

385 4013 480 4079 1533.
503 4036 616 4079 ιιιιιιιι
639 4020 773 4102 Septb.”
815 4021 845 4084 8.
880 4022 922 4084 16
940 4022 981 4103 pl.
1009 4058 1044 4068 —
1098 4020 1180 4100 Quis
1210 4025 1296 4086 hunc
1325 4027 1437 4087 librum
1465 4025 1636 4105 collegerit
1666 4025 1848 4102 nescimus;
1882 4028 1973 4080 caret
2002 4018 2086 4079 enim
2116 4017 2329 4097 praelatione.

384 4100 517 4183 Insunt,
549 4113 584 4165 ut
606 4104 787 4169 Strobelius
810 4106 830 4170 l.
844 4125 872 4170 c.
894 4108 989 4170 tradit
1011 4107 1104 4190 (narn
1127 4110 1278 4190 equidem
1300 4110 1414 4173 librum
1437 4129 1499 4170 non
1525 4108 1626 4190 vidi),
1655 4107 1694 4188 1)
1720 4107 1859 4186 epistola
1880 4102 1921 4165 ad
1945 4103 2173 4184 Gryguaeum3
2195 4103 2237 4185 2)
2254 4123 2329 4166 ora-

386 4185 430 4246 tio
444 4186 485 4246 de
500 4187 643 4273 legibus3
665 4189 706 4271 3)
721 4190 761 4253 de
777 4193 915 4255 miseriis
929 4194 1210 4278 paedagogorum;
1233 4195 1272 4274 4)
1290 4194 1330 4256 de
1347 4194 1531 4277 dialectica3
1564 4194 1604 4274 5)
1620 4194 1659 4254 do
1675 4194 1801 4275 legibus
1820 4189 1859 4270 (a
1874 4190 1955 4253 Seb.
1968 4189 2142 4250 Munstero
2158 4190 2328 4269 recitata);

354 4285 355 4288 ’
385 4268 426 4348 6)
441 4268 482 4331 de
496 4272 614 4336 studiis
629 4275 813 4340 inferiorum
829 4274 884 4361 (i)
901 4280 1031 4363 artium,
1052 4281 1092 4362 7)
1107 4282 1147 4345 da
1162 4280 1268 4343 studio
1284 4281 1480 4363 linguarum3
1508 4282 1549 4362 8)
1566 4279 1606 4340 de
1624 4291 1719 4359 capta
1735 4287 1768 4338 et
1782 4277 1904 4356 direpta
1917 4275 1996 4336 urbe
2012 4272 2134 4354 Roma3
2164 4274 2207 4354 9)
2221 4285 2329 4337 οοιιιιι

385 4352 725 4506 affecqatiqinembnovi
744 4365 902 4447 vestitus,
940 4365 1000 4448 10)
1023 4368 1203 4429 encomium
1223 4366 1450 4449 formicarum3
1490 4366 1548 4448 11)
1569 4366 1744 4437 orationem
1767 4361 1934 4425 Ciceronis
1955 4377 2013 4441 pro
2033 4357 2193 4421 Marcello
2217 4360 2250 4421 in
2272 4378 2328 4422 sua

382 4457 526 4503 mamre
561 4454 631 4507 ιιιιι
655 4456 751 4511 utam.
1170 4477 1171 4480 ¹

342 4557 383 4620 ll.
427 4554 537 4621 Editio
551 4557 838 4645 Argentoratensem
853 4563 932 4628 anni
950 4565 1042 4630 1541.
1057 4565 1160 4629 forma
1174 4568 1373 4648 quaternaria
1387 4568 1436 4630 sic
1450 4568 1602 4652 inscripta
1617 4564 1748 4649 prodiit:

384 4639 516 4726 „Liber
527 4643 720 4710 selectorum
735 4647 1019 4714 Declamatiorsum
1035 4652 1173 4733 Philippi
1187 4653 1427 4731 Melanthoais,
1449 4671 1531 4734 quas
1549 4653 1739 4733 conscripsit
1754 4659 1787 4714 et
1800 4649 1913 4731 partim
1935 4647 2005 4728 ipse
2026 4646 2056 4707 in
2073 4641 2199 4709 Schola
2217 4648 2325 4712 Wite-

382 4731 563 4814 „bergensi
581 4734 744 4812 recitavit,
766 4738 880 4817 partim
895 4737 966 4799 aliis
983 4738 1166 4800 recitandas
1184 4739 1336 4801 exhibuit.
1379 4736 1537 4799 Adiectae
1553 4748 1629 4801 sunt
1644 4737 1788 4799 eiusdem
1806 4729 2031 4817 praefationes
2052 4733 2083 4792 iu
2106 4731 2235 4813 aliquot
2257 4734 2325 4794 illu·
2352 4741 2356 4746 “

379 4827 654 4898 ,,ιιιιιιιιιοιοι.
699 4820 815 4884 Omnia
828 4840 944 4884 recens
958 4823 988 4883 in
1004 4823 1108 4886 lucem
1127 4823 1214 4887 edita
1236 4819 1324 4888 Grai.
1342 4818 1427 4901 Met.
1471 4821 1554 4887 Cum
1576 4826 1680 4906 gratia
1696 4834 1729 4886 et
1743 4820 1924 4902 privilegio.
1952 4815 2144 4880 M.D.Xhl.
2190 4819 2251 4899 (ln
2271 4817 2326 4880 line

371 4902 502 4983 .„libri)
524 4906 733 4986 Argentorati
748 4926 790 4970 ex
804 4905 935 4970 officina
947 4905 1097 4972 Crotonis
1109 4905 1231 4992 Mylis',
1253 4928 1368 4973 mense
1383 4911 1516 4992 Martio,
1537 4929 1621 4973 anne
1637 4908 1682 4971 M.
1693 4906 1850 4970 D.Xbl.''
1891 4903 1957 4968 862
1969 4920 2067 4984 pagg.
2084 4903 2114 4964 4·

427 5018 565 5081 lacobus
585 5021 766 5105 Milichius,
793 5023 917 5087 Doctor
940 5036 972 5089 et
990 5025 1167 5090 Professor
1186 5028 1267 5090 artis
1284 5026 1429 5090 medicae
1449 5027 1479 5088 in
1502 5025 1682 5090 Academia
1697 5020 1958 5104 Witebergeasi,
1983 5018 2166 5100 collegerat
2178 5018 2328 5101 singalas

299 5100 520 5166 Melanthoais
541 5109 703 5171 orationes
727 5119 762 5174 et
783 5110 942 5173 collectas
964 5114 1098 5176 miserat
1118 5115 1368 5196 Argentoratum
1388 5112 1429 5175 ad
1453 5112 1624 5175 Nicolaum
1640 5112 1841 5189 Gerbelium,
1870 5106 1925 5188 qai
1949 5122 2008 5166 eas
2029 5101 2129 5165 edidit
2142 5121 2187 5164 ax
2202 5104 2329 5167 officiat

299 5186 451 5254 Cratonis
464 5190 574 5271 Mylii,
599 5194 704 5277 iisque
718 5198 905 5279 praeposuit
925 5199 1097 5283 epistelam
1118 5199 1383 5282 nuncupatoriam
1402 5197 1443 5261 ad
1457 5197 1650 5282 blichium,
1675 5216 1770 5280 quam
1797 5196 1850 5258 hic
1862 5193 1966 5315 liceat
1985 5188 2107 5253 addere
2119 5186 2174 5270 a),
2221 5190 2331 5253 Insunt

280 5407 283 5411 ¹
350 5424 574 5489 'lacrimaee
592 5436 659 5486 es‘ro
677 5435 799 5489 Posteri
817 5438 950 5490 laccho
969 5440 1150 5499 Multchle
1166 5437 1258 5490 stabili
1274 5439 1388 5490 Medico
1407 5400 1674 5499 etMethensatico,
1702 5436 1846 5489 Nicotaus
1860 5433 2012 5485 Gerbelius
2032 5433 2063 5481 S·
2079 5430 2114 5481 l).
2157 5428 2332 5482 Artaxerxes

401 5502 459 5551 ltex
477 5498 643 5564 Persarum,
671 5503 752 5566 primi
769 5503 931 5559 Artaxersls
949 5508 994 5570 ιιι
1011 5519 1030 5557 a
1047 5521 1130 5560 mana
1148 5509 1238 5560 altera
1255 5508 1430 5574 longiuscula
1447 5503 1600 5578 μακρόχειρ
1621 5510 1715 5558 dictas
1733 5511 1793 5573 est,
1810 5518 1844 5554 ex
1862 5504 1919 5555 illia
1937 5514 2035 5565 nepos,
2062 5498 2106 5548 ιιι
2124 5499 2179 5551 fult
2197 5501 2332 5552 facilitate

401 5580 524 5639 noram,
547 5575 577 5624 et
600 5573 703 5625 extorta
726 5575 845 5638 quadam
869 5575 1038 5630 liberalitate
1055 5577 1185 5645 celebris,
1209 5579 1306 5633 utem
1323 5591 1455 5645 arguam
1472 5580 1570 5645 qulbus
1588 5579 1668 5631 daret
1686 5576 1765 5643 lpse,
1788 5578 1816 5626 et
1832 5586 1851 5627 a
1869 5574 1965 5640 qulbus
1984 5569 2141 5634 acciperet,
2165 5576 2329 5624 mansueta·
