<?xml version="1.0" encoding="UTF-8"?>
<!DOCTYPE html PUBLIC "-//W3C//DTD XHTML 1.0 Transitional//EN"
    "http://www.w3.org/TR/xhtml1/DTD/xhtml1-transitional.dtd">
<html xmlns="http://www.w3.org/1999/xhtml" xml:lang="en" lang="en">
 <head>
  <title>
</title>
<meta http-equiv="Content-Type" content="text/html;charset=utf-8" />
  <meta name='ocr-system' content='tesseract 3.04.00' />
  <meta name='ocr-capabilities' content='ocr_page ocr_carea ocr_par ocr_line ocrx_word'/>
</head>
<body>
  <div class='ocr_page' id='page_1' title='image "./philippimelanth18melagoog/philippimelanth18melagoog_0529.png"; bbox 0 0 4748 6022; ppageno 0'>
   <div class='ocr_carea' id='block_1_1' title="bbox 172 211 270 287">
    <p class='ocr_par' dir='ltr' id='par_1_1' title="bbox 172 211 270 287">
     <span class='ocr_line' id='line_1_1' title="bbox 172 211 270 287; baseline -0.071 0"><span class='ocrx_word' id='word_1_1' title='bbox 172 211 270 287; x_wconf 84' lang='grc'>1007</span> 
     </span>
    </p>
   </div>
   <div class='ocr_carea' id='block_1_2' title="bbox 163 370 1160 1732">
    <p class='ocr_par' dir='ltr' id='par_1_2' title="bbox 163 370 1160 1732">
     <span class='ocr_line' id='line_1_2' title="bbox 164 370 1157 467; baseline -0.01 -12"><span class='ocrx_word' id='word_1_2' title='bbox 164 398 200 455; x_wconf 89' lang='lat' dir='ltr'><strong>et</strong></span> <span class='ocrx_word' id='word_1_3' title='bbox 228 378 351 452; x_wconf 86' lang='lat' dir='ltr'><strong>Latini</strong></span> <span class='ocrx_word' id='word_1_4' title='bbox 382 387 601 467; x_wconf 79' lang='lat' dir='ltr'><strong>reponantur</strong></span> <span class='ocrx_word' id='word_1_5' title='bbox 634 387 669 445; x_wconf 90' lang='lat' dir='ltr'><strong>et</strong></span> <span class='ocrx_word' id='word_1_6' title='bbox 699 388 895 446; x_wconf 88' lang='lat' dir='ltr'><strong>serventur.</strong></span> <span class='ocrx_word' id='word_1_7' title='bbox 954 370 1090 446; x_wconf 90' lang='lat' dir='ltr'><strong>Curent</strong></span> <span class='ocrx_word' id='word_1_8' title='bbox 1121 387 1157 445; x_wconf 92' lang='lat' dir='ltr'><strong>et</strong></span> 
     </span>
     <span class='ocr_line' id='line_1_3' title="bbox 166 477 1157 573; baseline -0.01 -17"><span class='ocrx_word' id='word_1_9' title='bbox 166 485 236 557; x_wconf 90' lang='lat' dir='ltr'><strong>alia</strong></span> <span class='ocrx_word' id='word_1_10' title='bbox 253 482 389 573; x_wconf 87' lang='lat' dir='ltr'><strong>scripta</strong></span> <span class='ocrx_word' id='word_1_11' title='bbox 399 478 501 550; x_wconf 91' lang='lat' dir='ltr'><strong>utilia</strong></span> <span class='ocrx_word' id='word_1_12' title='bbox 523 477 668 569; x_wconf 88' lang='lat' dir='ltr'><strong>reponi,</strong></span> <span class='ocrx_word' id='word_1_13' title='bbox 693 490 733 546; x_wconf 91' lang='lat' dir='ltr'><strong>ut</strong></span> <span class='ocrx_word' id='word_1_14' title='bbox 751 479 796 546; x_wconf 93' lang='lat' dir='ltr'><strong>ad</strong></span> <span class='ocrx_word' id='word_1_15' title='bbox 814 477 1051 568; x_wconf 79' lang='lat' dir='ltr'><strong>posteritatem</strong></span> <span class='ocrx_word' id='word_1_16' title='bbox 1075 499 1157 566; x_wconf 92' lang='lat' dir='ltr'><strong>pro-</strong></span> 
     </span>
     <span class='ocr_line' id='line_1_4' title="bbox 163 573 1158 679; baseline -0.011 -23"><span class='ocrx_word' id='word_1_17' title='bbox 163 598 338 679; x_wconf 88' lang='lat' dir='ltr'><strong>pagentur</strong></span> <span class='ocrx_word' id='word_1_18' title='bbox 360 595 453 652; x_wconf 89' lang='lat' dir='ltr'><strong>certa</strong></span> <span class='ocrx_word' id='word_1_19' title='bbox 469 579 652 650; x_wconf 87' lang='lat' dir='ltr'><strong>doctrinae</strong></span> <span class='ocrx_word' id='word_1_20' title='bbox 674 577 885 651; x_wconf 88' lang='lat' dir='ltr'><strong>testimonia.</strong></span> <span class='ocrx_word' id='word_1_21' title='bbox 937 573 984 648; x_wconf 89' lang='lat' dir='ltr'><strong>Et</strong></span> <span class='ocrx_word' id='word_1_22' title='bbox 1004 591 1043 648; x_wconf 90' lang='lat' dir='ltr'><strong>nt</strong></span> <span class='ocrx_word' id='word_1_23' title='bbox 1064 602 1158 647; x_wconf 91' lang='lat' dir='ltr'><strong>sem-</strong></span> 
     </span>
     <span class='ocr_line' id='line_1_5' title="bbox 166 680 1157 781; baseline -0.01 -23"><span class='ocrx_word' id='word_1_24' title='bbox 166 712 229 781; x_wconf 87' lang='lat' dir='ltr'><strong>per</strong></span> <span class='ocrx_word' id='word_1_25' title='bbox 257 683 428 755; x_wconf 83' lang='lat' dir='ltr'><strong>confectio</strong></span> <span class='ocrx_word' id='word_1_26' title='bbox 452 680 635 752; x_wconf 91' lang='lat' dir='ltr'><strong>annalium</strong></span> <span class='ocrx_word' id='word_1_27' title='bbox 663 693 697 750; x_wconf 90' lang='lat' dir='ltr'><strong>et</strong></span> <span class='ocrx_word' id='word_1_28' title='bbox 722 705 840 751; x_wconf 89' lang='lat' dir='ltr'><strong>rerum</strong></span> <span class='ocrx_word' id='word_1_29' title='bbox 871 693 1048 768; x_wconf 90' lang='lat' dir='ltr'><strong>gestarum</strong></span> <span class='ocrx_word' id='word_1_30' title='bbox 1072 705 1157 749; x_wconf 92' lang='lat' dir='ltr'><strong>cou-</strong></span> 
     </span>
     <span class='ocr_line' id='line_1_6' title="bbox 165 777 1159 881; baseline -0.011 -20"><span class='ocrx_word' id='word_1_31' title='bbox 165 789 310 881; x_wconf 85' lang='lat' dir='ltr'><strong>scriptio</strong></span> <span class='ocrx_word' id='word_1_32' title='bbox 323 785 394 856; x_wconf 84' lang='lat' dir='ltr'><strong>fuit</strong></span> <span class='ocrx_word' id='word_1_33' title='bbox 408 785 573 854; x_wconf 88' lang='lat' dir='ltr'><strong>mandata</strong></span> <span class='ocrx_word' id='word_1_34' title='bbox 590 780 850 861; x_wconf 78' lang='lat' dir='ltr'><strong>Sacerdotibus,</strong></span> <span class='ocrx_word' id='word_1_35' title='bbox 873 783 921 852; x_wconf 92' lang='lat' dir='ltr'><strong>ita</strong></span> <span class='ocrx_word' id='word_1_36' title='bbox 937 781 975 850; x_wconf 91' lang='lat' dir='ltr'><strong>in</strong></span> <span class='ocrx_word' id='word_1_37' title='bbox 988 777 1056 852; x_wconf 94' lang='lat' dir='ltr'><strong>hoc</strong></span> <span class='ocrx_word' id='word_1_38' title='bbox 1072 779 1159 852; x_wconf 90' lang='lat' dir='ltr'><strong>Col-</strong></span> 
     </span>
     <span class='ocr_line' id='line_1_7' title="bbox 166 883 1157 981; baseline -0.009 -20"><span class='ocrx_word' id='word_1_39' title='bbox 166 893 257 981; x_wconf 91' lang='lat' dir='ltr'><strong>legio</strong></span> <span class='ocrx_word' id='word_1_40' title='bbox 280 889 372 958; x_wconf 91' lang='lat' dir='ltr'><strong>liber</strong></span> <span class='ocrx_word' id='word_1_41' title='bbox 391 885 555 978; x_wconf 91' lang='lat' dir='ltr'><strong>publicus</strong></span> <span class='ocrx_word' id='word_1_42' title='bbox 579 885 641 969; x_wconf 91' lang='lat' dir='ltr'><strong>sit,</strong></span> <span class='ocrx_word' id='word_1_43' title='bbox 662 886 790 976; x_wconf 92' lang='lat' dir='ltr'><strong>inquo</strong></span> <span class='ocrx_word' id='word_1_44' title='bbox 813 883 988 954; x_wconf 90' lang='lat' dir='ltr'><strong>scribatur</strong></span> <span class='ocrx_word' id='word_1_45' title='bbox 1008 884 1157 974; x_wconf 89' lang='lat' dir='ltr'><strong>singulis</strong></span> 
     </span>
     <span class='ocr_line' id='line_1_8' title="bbox 165 981 1158 1076; baseline -0.01 -13"><span class='ocrx_word' id='word_1_46' title='bbox 165 993 269 1064; x_wconf 90' lang='lat' dir='ltr'><strong>annis</strong></span> <span class='ocrx_word' id='word_1_47' title='bbox 289 986 438 1060; x_wconf 88' lang='lat' dir='ltr'><strong>historia</strong></span> <span class='ocrx_word' id='word_1_48' title='bbox 453 982 695 1057; x_wconf 88' lang='lat' dir='ltr'><strong>Ecclesiastica</strong></span> <span class='ocrx_word' id='word_1_49' title='bbox 718 981 846 1055; x_wconf 90' lang='lat' dir='ltr'><strong>harum</strong></span> <span class='ocrx_word' id='word_1_50' title='bbox 863 987 1068 1076; x_wconf 90' lang='lat' dir='ltr'><strong>regionum,</strong></span> <span class='ocrx_word' id='word_1_51' title='bbox 1092 1010 1158 1054; x_wconf 90' lang='lat' dir='ltr'><strong>an-</strong></span> 
     </span>
     <span class='ocr_line' id='line_1_9' title="bbox 167 1086 1158 1180; baseline -0.01 -14"><span class='ocrx_word' id='word_1_52' title='bbox 167 1106 337 1166; x_wconf 91' lang='lat' dir='ltr'><strong>notentur</strong></span> <span class='ocrx_word' id='word_1_53' title='bbox 372 1087 562 1160; x_wconf 88' lang='lat' dir='ltr'><strong>certamina</strong></span> <span class='ocrx_word' id='word_1_54' title='bbox 598 1087 797 1178; x_wconf 90' lang='lat' dir='ltr'><strong>doctrinae,</strong></span> <span class='ocrx_word' id='word_1_55' title='bbox 840 1086 971 1171; x_wconf 89' lang='lat' dir='ltr'><strong>iudicia</strong></span> <span class='ocrx_word' id='word_1_56' title='bbox 1005 1087 1158 1180; x_wconf 92' lang='lat' dir='ltr'><strong>piorum,</strong></span> 
     </span>
     <span class='ocr_line' id='line_1_10' title="bbox 166 1188 1160 1284; baseline -0.008 -18"><span class='ocrx_word' id='word_1_57' title='bbox 166 1198 283 1267; x_wconf 87' lang='lat' dir='ltr'><strong>exitus</strong></span> <span class='ocrx_word' id='word_1_58' title='bbox 301 1207 335 1262; x_wconf 88' lang='lat' dir='ltr'><strong>et</strong></span> <span class='ocrx_word' id='word_1_59' title='bbox 350 1214 484 1284; x_wconf 90' lang='lat' dir='ltr'><strong>poenae</strong></span> <span class='ocrx_word' id='word_1_60' title='bbox 504 1188 717 1280; x_wconf 88' lang='lat' dir='ltr'><strong>impiorum,</strong></span> <span class='ocrx_word' id='word_1_61' title='bbox 743 1203 778 1259; x_wconf 90' lang='lat' dir='ltr'><strong>et</strong></span> <span class='ocrx_word' id='word_1_62' title='bbox 793 1188 855 1258; x_wconf 91' lang='lat' dir='ltr'><strong>alii</strong></span> <span class='ocrx_word' id='word_1_63' title='bbox 869 1204 1015 1260; x_wconf 89' lang='lat' dir='ltr'><strong>eventus</strong></span> <span class='ocrx_word' id='word_1_64' title='bbox 1030 1191 1160 1280; x_wconf 89' lang='lat' dir='ltr'><strong>guber-</strong></span> 
     </span>
     <span class='ocr_line' id='line_1_11' title="bbox 167 1291 1159 1384; baseline -0.007 -16"><span class='ocrx_word' id='word_1_65' title='bbox 167 1313 352 1379; x_wconf 82' lang='lat' dir='ltr'><strong>natorum,</strong></span> <span class='ocrx_word' id='word_1_66' title='bbox 379 1303 572 1361; x_wconf 89' lang='lat' dir='ltr'><strong>memoratu</strong></span> <span class='ocrx_word' id='word_1_67' title='bbox 590 1291 707 1381; x_wconf 83' lang='lat' dir='ltr'><strong>digni,</strong></span> <span class='ocrx_word' id='word_1_68' title='bbox 734 1291 817 1384; x_wconf 87' lang='lat' dir='ltr'><strong>quia</strong></span> <span class='ocrx_word' id='word_1_69' title='bbox 838 1292 987 1382; x_wconf 82' lang='lat' dir='ltr'><strong>posteris</strong></span> <span class='ocrx_word' id='word_1_70' title='bbox 1004 1291 1091 1361; x_wconf 91' lang='lat' dir='ltr'><strong>utile</strong></span> <span class='ocrx_word' id='word_1_71' title='bbox 1108 1305 1159 1361; x_wconf 91' lang='lat' dir='ltr'><strong>est</strong></span> 
     </span>
     <span class='ocr_line' id='line_1_12' title="bbox 166 1388 1160 1485; baseline -0.01 -14"><span class='ocrx_word' id='word_1_72' title='bbox 166 1423 270 1470; x_wconf 92' lang='lat' dir='ltr'><strong>nosse</strong></span> <span class='ocrx_word' id='word_1_73' title='bbox 288 1394 421 1465; x_wconf 88' lang='lat' dir='ltr'><strong>iudicia</strong></span> <span class='ocrx_word' id='word_1_74' title='bbox 444 1416 546 1461; x_wconf 88' lang='lat' dir='ltr'><strong>verae</strong></span> <span class='ocrx_word' id='word_1_75' title='bbox 567 1388 746 1462; x_wconf 81' lang='lat' dir='ltr'><strong>Ecclesiae</strong></span> <span class='ocrx_word' id='word_1_76' title='bbox 762 1394 847 1478; x_wconf 91' lang='lat' dir='ltr'><strong>Dei,</strong></span> <span class='ocrx_word' id='word_1_77' title='bbox 872 1408 906 1465; x_wconf 91' lang='lat' dir='ltr'><strong>et</strong></span> <span class='ocrx_word' id='word_1_78' title='bbox 931 1395 1087 1485; x_wconf 87' lang='lat' dir='ltr'><strong>exempla</strong></span> <span class='ocrx_word' id='word_1_79' title='bbox 1102 1393 1160 1462; x_wconf 93' lang='lat' dir='ltr'><strong>di-</strong></span> 
     </span>
     <span class='ocr_line' id='line_1_13' title="bbox 166 1495 396 1572; baseline -0.039 0"><span class='ocrx_word' id='word_1_80' title='bbox 166 1501 242 1572; x_wconf 86' lang='lat' dir='ltr'><strong>vini</strong></span> <span class='ocrx_word' id='word_1_81' title='bbox 261 1495 396 1567; x_wconf 90' lang='lat' dir='ltr'><strong>iudicii.</strong></span> 
     </span>
     <span class='ocr_line' id='line_1_14' title="bbox 523 1648 802 1732; baseline 0 -19"><span class='ocrx_word' id='word_1_82' title='bbox 523 1648 802 1732; x_wconf 84' lang='lat' dir='ltr'><strong>Qniudsoims.</strong></span> 
     </span>
    </p>
   </div>
   <div class='ocr_carea' id='block_1_3' title="bbox 132 1777 1160 3093">
    <p class='ocr_par' dir='ltr' id='par_1_3' title="bbox 132 1777 1160 3093">
     <span class='ocr_line' id='line_1_15' title="bbox 258 1777 1160 1875; baseline -0.002 -20"><span class='ocrx_word' id='word_1_83' title='bbox 258 1783 405 1874; x_wconf 89' lang='lat' dir='ltr'><strong>Semper</strong></span> <span class='ocrx_word' id='word_1_84' title='bbox 421 1780 528 1852; x_wconf 90' lang='lat' dir='ltr'><strong>etiam</strong></span> <span class='ocrx_word' id='word_1_85' title='bbox 542 1782 654 1875; x_wconf 87' lang='lat' dir='ltr'><strong>aliqui</strong></span> <span class='ocrx_word' id='word_1_86' title='bbox 666 1777 836 1853; x_wconf 89' lang='lat' dir='ltr'><strong>Doctores</strong></span> <span class='ocrx_word' id='word_1_87' title='bbox 852 1781 890 1853; x_wconf 90' lang='lat' dir='ltr'><strong>in</strong></span> <span class='ocrx_word' id='word_1_88' title='bbox 907 1778 975 1853; x_wconf 91' lang='lat' dir='ltr'><strong>hoc</strong></span> <span class='ocrx_word' id='word_1_89' title='bbox 991 1780 1160 1874; x_wconf 89' lang='lat' dir='ltr'><strong>Collegio,</strong></span> 
     </span>
     <span class='ocr_line' id='line_1_16' title="bbox 168 1881 1159 1976; baseline -0.002 -20"><span class='ocrx_word' id='word_1_90' title='bbox 168 1902 203 1957; x_wconf 89' lang='lat' dir='ltr'><strong>et</strong></span> <span class='ocrx_word' id='word_1_91' title='bbox 226 1888 264 1956; x_wconf 92' lang='lat' dir='ltr'><strong>in</strong></span> <span class='ocrx_word' id='word_1_92' title='bbox 285 1881 353 1955; x_wconf 92' lang='lat' dir='ltr'><strong>hoc</strong></span> <span class='ocrx_word' id='word_1_93' title='bbox 376 1907 527 1953; x_wconf 92' lang='lat' dir='ltr'><strong>numero</strong></span> <span class='ocrx_word' id='word_1_94' title='bbox 542 1897 694 1976; x_wconf 85' lang='lat' dir='ltr'><strong>quatuor</strong></span> <span class='ocrx_word' id='word_1_95' title='bbox 709 1882 917 1972; x_wconf 87' lang='lat' dir='ltr'><strong>Lectornm,</strong></span> <span class='ocrx_word' id='word_1_96' title='bbox 943 1887 988 1954; x_wconf 88' lang='lat' dir='ltr'><strong>ad</strong></span> <span class='ocrx_word' id='word_1_97' title='bbox 1012 1887 1159 1957; x_wconf 88' lang='lat' dir='ltr'><strong>latinam</strong></span> 
     </span>
     <span class='ocr_line' id='line_1_17' title="bbox 132 1980 1159 2079; baseline 0 -22"><span class='ocrx_word' id='word_1_98' title='bbox 132 2043 134 2047; x_wconf 89' lang='lat'><strong>.</strong></span> <span class='ocrx_word' id='word_1_99' title='bbox 166 1989 325 2078; x_wconf 91' lang='lat' dir='ltr'><strong>linguam</strong></span> <span class='ocrx_word' id='word_1_100' title='bbox 348 1985 560 2074; x_wconf 88' lang='lat' dir='ltr'><strong>adiungant,</strong></span> <span class='ocrx_word' id='word_1_101' title='bbox 592 1980 764 2056; x_wconf 87' lang='lat' dir='ltr'><strong>Ebraieae</strong></span> <span class='ocrx_word' id='word_1_102' title='bbox 783 2001 818 2057; x_wconf 92' lang='lat' dir='ltr'><strong>et</strong></span> <span class='ocrx_word' id='word_1_103' title='bbox 839 1983 994 2057; x_wconf 88' lang='lat' dir='ltr'><strong>Graecae</strong></span> <span class='ocrx_word' id='word_1_104' title='bbox 1018 1988 1159 2079; x_wconf 91' lang='lat' dir='ltr'><strong>linguae</strong></span> 
     </span>
     <span class='ocr_line' id='line_1_18' title="bbox 166 2086 1159 2182; baseline 0 -23"><span class='ocrx_word' id='word_1_105' title='bbox 166 2091 301 2173; x_wconf 89' lang='lat' dir='ltr'><strong>studia,</strong></span> <span class='ocrx_word' id='word_1_106' title='bbox 328 2103 369 2159; x_wconf 90' lang='lat' dir='ltr'><strong>ut</strong></span> <span class='ocrx_word' id='word_1_107' title='bbox 382 2086 550 2156; x_wconf 91' lang='lat' dir='ltr'><strong>adiuvare</strong></span> <span class='ocrx_word' id='word_1_108' title='bbox 565 2086 667 2171; x_wconf 90' lang='lat' dir='ltr'><strong>alios,</strong></span> <span class='ocrx_word' id='word_1_109' title='bbox 691 2101 724 2158; x_wconf 91' lang='lat' dir='ltr'><strong>et</strong></span> <span class='ocrx_word' id='word_1_110' title='bbox 740 2101 850 2159; x_wconf 91' lang='lat' dir='ltr'><strong>totam</strong></span> <span class='ocrx_word' id='word_1_111' title='bbox 868 2086 1060 2159; x_wconf 81' lang='lat' dir='ltr'><strong>Ecclesiam</strong></span> <span class='ocrx_word' id='word_1_112' title='bbox 1076 2114 1159 2182; x_wconf 90' lang='lat' dir='ltr'><strong>pos-</strong></span> 
     </span>
     <span class='ocr_line' id='line_1_19' title="bbox 167 2188 1159 2282; baseline -0.002 -20"><span class='ocrx_word' id='word_1_113' title='bbox 167 2192 240 2262; x_wconf 88' lang='lat' dir='ltr'><strong>sint</strong></span> <span class='ocrx_word' id='word_1_114' title='bbox 274 2192 312 2258; x_wconf 93' lang='lat' dir='ltr'><strong>in</strong></span> <span class='ocrx_word' id='word_1_115' title='bbox 348 2188 534 2259; x_wconf 89' lang='lat' dir='ltr'><strong>retinenda</strong></span> <span class='ocrx_word' id='word_1_116' title='bbox 561 2202 594 2257; x_wconf 89' lang='lat' dir='ltr'><strong>et</strong></span> <span class='ocrx_word' id='word_1_117' title='bbox 627 2189 834 2280; x_wconf 82' lang='lat' dir='ltr'><strong>explicanda</strong></span> <span class='ocrx_word' id='word_1_118' title='bbox 860 2192 1091 2282; x_wconf 87' lang='lat' dir='ltr'><strong>proprietate,</strong></span> <span class='ocrx_word' id='word_1_119' title='bbox 1125 2204 1159 2260; x_wconf 90' lang='lat' dir='ltr'><strong>et</strong></span> 
     </span>
     <span class='ocr_line' id='line_1_20' title="bbox 165 2285 1158 2385; baseline -0.001 -23"><span class='ocrx_word' id='word_1_120' title='bbox 165 2288 287 2385; x_wconf 89' lang='lat' dir='ltr'><strong>phrasi</strong></span> <span class='ocrx_word' id='word_1_121' title='bbox 322 2291 495 2361; x_wconf 90' lang='lat' dir='ltr'><strong>sermonis</strong></span> <span class='ocrx_word' id='word_1_122' title='bbox 524 2285 780 2376; x_wconf 88' lang='lat' dir='ltr'><strong>Ecclesiastici,</strong></span> <span class='ocrx_word' id='word_1_123' title='bbox 814 2305 849 2361; x_wconf 94' lang='lat' dir='ltr'><strong>et</strong></span> <span class='ocrx_word' id='word_1_124' title='bbox 881 2306 1054 2385; x_wconf 90' lang='lat' dir='ltr'><strong>quantum</strong></span> <span class='ocrx_word' id='word_1_125' title='bbox 1082 2293 1158 2363; x_wconf 88' lang='lat' dir='ltr'><strong>lieri</strong></span> 
     </span>
     <span class='ocr_line' id='line_1_21' title="bbox 165 2391 1159 2487; baseline 0.001 -23"><span class='ocrx_word' id='word_1_126' title='bbox 165 2409 297 2487; x_wconf 89' lang='lat' dir='ltr'><strong>potest,</strong></span> <span class='ocrx_word' id='word_1_127' title='bbox 327 2393 530 2481; x_wconf 89' lang='lat' dir='ltr'><strong>ostendere,</strong></span> <span class='ocrx_word' id='word_1_128' title='bbox 563 2391 650 2485; x_wconf 90' lang='lat' dir='ltr'><strong>quid</strong></span> <span class='ocrx_word' id='word_1_129' title='bbox 677 2393 717 2462; x_wconf 93' lang='lat' dir='ltr'><strong>in</strong></span> <span class='ocrx_word' id='word_1_130' title='bbox 748 2393 908 2465; x_wconf 87' lang='lat' dir='ltr'><strong>fontibus</strong></span> <span class='ocrx_word' id='word_1_131' title='bbox 937 2395 1090 2485; x_wconf 90' lang='lat' dir='ltr'><strong>legatur,</strong></span> <span class='ocrx_word' id='word_1_132' title='bbox 1125 2409 1159 2465; x_wconf 90' lang='lat' dir='ltr'><strong>et</strong></span> 
     </span>
     <span class='ocr_line' id='line_1_22' title="bbox 168 2494 1158 2591; baseline 0 -25"><span class='ocrx_word' id='word_1_133' title='bbox 168 2496 331 2591; x_wconf 89' lang='lat' dir='ltr'><strong>quaesit</strong></span> <span class='ocrx_word' id='word_1_134' title='bbox 362 2495 402 2563; x_wconf 93' lang='lat' dir='ltr'><strong>in</strong></span> <span class='ocrx_word' id='word_1_135' title='bbox 433 2494 593 2565; x_wconf 89' lang='lat' dir='ltr'><strong>fontibus</strong></span> <span class='ocrx_word' id='word_1_136' title='bbox 623 2519 703 2564; x_wconf 89' lang='lat' dir='ltr'><strong>vera</strong></span> <span class='ocrx_word' id='word_1_137' title='bbox 729 2508 763 2566; x_wconf 91' lang='lat' dir='ltr'><strong>et</strong></span> <span class='ocrx_word' id='word_1_138' title='bbox 788 2496 940 2587; x_wconf 90' lang='lat' dir='ltr'><strong>genuina</strong></span> <span class='ocrx_word' id='word_1_139' title='bbox 968 2496 1158 2566; x_wconf 91' lang='lat' dir='ltr'><strong>verborum</strong></span> 
     </span>
     <span class='ocr_line' id='line_1_23' title="bbox 164 2593 1158 2692; baseline -0.001 -25"><span class='ocrx_word' id='word_1_140' title='bbox 164 2596 389 2692; x_wconf 81' lang='lat' dir='ltr'><strong>significatio.</strong></span> <span class='ocrx_word' id='word_1_141' title='bbox 443 2593 552 2666; x_wconf 87' lang='lat' dir='ltr'><strong>Dedit</strong></span> <span class='ocrx_word' id='word_1_142' title='bbox 577 2595 672 2666; x_wconf 91' lang='lat' dir='ltr'><strong>euim</strong></span> <span class='ocrx_word' id='word_1_143' title='bbox 687 2594 785 2667; x_wconf 87' lang='lat' dir='ltr'><strong>Deus</strong></span> <span class='ocrx_word' id='word_1_144' title='bbox 801 2600 936 2669; x_wconf 91' lang='lat' dir='ltr'><strong>donum</strong></span> <span class='ocrx_word' id='word_1_145' title='bbox 957 2597 1158 2690; x_wconf 89' lang='lat' dir='ltr'><strong>linguarum</strong></span> 
     </span>
     <span class='ocr_line' id='line_1_24' title="bbox 164 2696 1160 2793; baseline 0 -23"><span class='ocrx_word' id='word_1_146' title='bbox 164 2697 344 2770; x_wconf 85' lang='lat' dir='ltr'><strong>Ecclesiae</strong></span> <span class='ocrx_word' id='word_1_147' title='bbox 360 2709 505 2790; x_wconf 90' lang='lat' dir='ltr'><strong>propter</strong></span> <span class='ocrx_word' id='word_1_148' title='bbox 522 2698 758 2768; x_wconf 88' lang='lat' dir='ltr'><strong>ministerium</strong></span> <span class='ocrx_word' id='word_1_149' title='bbox 773 2696 979 2790; x_wconf 83' lang='lat' dir='ltr'><strong>Evangelii,</strong></span> <span class='ocrx_word' id='word_1_150' title='bbox 1005 2714 1039 2771; x_wconf 92' lang='lat' dir='ltr'><strong>et</strong></span> <span class='ocrx_word' id='word_1_151' title='bbox 1057 2723 1160 2793; x_wconf 85' lang='lat' dir='ltr'><strong>saepe</strong></span> 
     </span>
     <span class='ocr_line' id='line_1_25' title="bbox 166 2800 1160 2895; baseline 0 -25"><span class='ocrx_word' id='word_1_152' title='bbox 166 2803 361 2885; x_wconf 90' lang='lat' dir='ltr'><strong>instaurat,</strong></span> <span class='ocrx_word' id='word_1_153' title='bbox 388 2815 423 2869; x_wconf 91' lang='lat' dir='ltr'><strong>et</strong></span> <span class='ocrx_word' id='word_1_154' title='bbox 442 2800 520 2870; x_wconf 89' lang='lat' dir='ltr'><strong>vult</strong></span> <span class='ocrx_word' id='word_1_155' title='bbox 540 2800 777 2871; x_wconf 86' lang='lat' dir='ltr'><strong>instauratum</strong></span> <span class='ocrx_word' id='word_1_156' title='bbox 792 2827 868 2872; x_wconf 91' lang='lat' dir='ltr'><strong>non</strong></span> <span class='ocrx_word' id='word_1_157' title='bbox 890 2825 953 2892; x_wconf 90' lang='lat' dir='ltr'><strong>per</strong></span> <span class='ocrx_word' id='word_1_158' title='bbox 975 2802 1160 2895; x_wconf 91' lang='lat' dir='ltr'><strong>negligen-</strong></span> 
     </span>
     <span class='ocr_line' id='line_1_26' title="bbox 165 2899 1160 2995; baseline 0 -23"><span class='ocrx_word' id='word_1_159' title='bbox 165 2904 251 2972; x_wconf 88' lang='lat' dir='ltr'><strong>tiam</strong></span> <span class='ocrx_word' id='word_1_160' title='bbox 269 2902 403 2987; x_wconf 91' lang='lat' dir='ltr'><strong>amitti,</strong></span> <span class='ocrx_word' id='word_1_161' title='bbox 422 2900 483 2971; x_wconf 86' lang='lat' dir='ltr'><strong>sed</strong></span> <span class='ocrx_word' id='word_1_162' title='bbox 501 2915 645 2995; x_wconf 87' lang='lat' dir='ltr'><strong>propter</strong></span> <span class='ocrx_word' id='word_1_163' title='bbox 661 2927 884 2974; x_wconf 88' lang='lat' dir='ltr'><strong>communem</strong></span> <span class='ocrx_word' id='word_1_164' title='bbox 904 2899 1080 2974; x_wconf 86' lang='lat' dir='ltr'><strong>Ecclesiae</strong></span> <span class='ocrx_word' id='word_1_165' title='bbox 1096 2928 1160 2972; x_wconf 92' lang='lat' dir='ltr'><strong>ne-</strong></span> 
     </span>
     <span class='ocr_line' id='line_1_27' title="bbox 167 3003 1110 3093; baseline 0 -20"><span class='ocrx_word' id='word_1_166' title='bbox 167 3004 362 3075; x_wconf 90' lang='lat' dir='ltr'><strong>cessitatem</strong></span> <span class='ocrx_word' id='word_1_167' title='bbox 382 3003 554 3072; x_wconf 88' lang='lat' dir='ltr'><strong>mediocri</strong></span> <span class='ocrx_word' id='word_1_168' title='bbox 569 3005 754 3093; x_wconf 84' lang='lat' dir='ltr'><strong>diligentia</strong></span> <span class='ocrx_word' id='word_1_169' title='bbox 771 3019 805 3076; x_wconf 91' lang='lat' dir='ltr'><strong>et</strong></span> <span class='ocrx_word' id='word_1_170' title='bbox 819 3007 938 3076; x_wconf 90' lang='lat' dir='ltr'><strong>studio</strong></span> <span class='ocrx_word' id='word_1_171' title='bbox 952 3006 1110 3075; x_wconf 91' lang='lat' dir='ltr'><strong>retineri.</strong></span> 
     </span>
    </p>
   </div>
   <div class='ocr_carea' id='block_1_4' title="bbox 562 3175 778 3241">
    <p class='ocr_par' dir='ltr' id='par_1_4' title="bbox 562 3175 778 3241">
     <span class='ocr_line' id='line_1_28' title="bbox 562 3175 778 3241; baseline 0.009 -2"><span class='ocrx_word' id='word_1_172' title='bbox 562 3175 778 3241; x_wconf 84' lang='lat' dir='ltr'><strong>Sedecima.</strong></span> 
     </span>
    </p>
   </div>
   <div class='ocr_carea' id='block_1_5' title="bbox 163 3301 1161 4819">
    <p class='ocr_par' dir='ltr' id='par_1_5' title="bbox 163 3301 1161 4819">
     <span class='ocr_line' id='line_1_29' title="bbox 269 3301 1161 3397; baseline 0.004 -21"><span class='ocrx_word' id='word_1_173' title='bbox 269 3301 445 3376; x_wconf 90' lang='lat' dir='ltr'><strong>Omnium</strong></span> <span class='ocrx_word' id='word_1_174' title='bbox 470 3306 767 3397; x_wconf 82' lang='lat' dir='ltr'><strong>gubernationum</strong></span> <span class='ocrx_word' id='word_1_175' title='bbox 794 3307 834 3376; x_wconf 94' lang='lat' dir='ltr'><strong>iu</strong></span> <span class='ocrx_word' id='word_1_176' title='bbox 849 3309 919 3378; x_wconf 88' lang='lat' dir='ltr'><strong>vita</strong></span> <span class='ocrx_word' id='word_1_177' title='bbox 941 3308 1161 3396; x_wconf 84' lang='lat' dir='ltr'><strong>difficillima,</strong></span> 
     </span>
     <span class='ocr_line' id='line_1_30' title="bbox 165 3401 1161 3504; baseline 0.002 -24"><span class='ocrx_word' id='word_1_178' title='bbox 165 3423 218 3481; x_wconf 91' lang='lat' dir='ltr'><strong>est</strong></span> <span class='ocrx_word' id='word_1_179' title='bbox 238 3406 483 3479; x_wconf 88' lang='lat' dir='ltr'><strong>Ecclesiastica</strong></span> <span class='ocrx_word' id='word_1_180' title='bbox 517 3422 550 3479; x_wconf 91' lang='lat' dir='ltr'><strong>et</strong></span> <span class='ocrx_word' id='word_1_181' title='bbox 581 3409 691 3499; x_wconf 88' lang='lat' dir='ltr'><strong>magis</strong></span> <span class='ocrx_word' id='word_1_182' title='bbox 713 3401 835 3479; x_wconf 88' lang='lat' dir='ltr'><strong>divina</strong></span> <span class='ocrx_word' id='word_1_183' title='bbox 860 3435 965 3504; x_wconf 88' lang='lat' dir='ltr'><strong>quam</strong></span> <span class='ocrx_word' id='word_1_184' title='bbox 994 3406 1161 3498; x_wconf 91' lang='lat' dir='ltr'><strong>humana,</strong></span> 
     </span>
     <span class='ocr_line' id='line_1_31' title="bbox 166 3511 1161 3605; baseline 0.003 -24"><span class='ocrx_word' id='word_1_185' title='bbox 166 3512 247 3582; x_wconf 88' lang='lat' dir='ltr'><strong>ideo</strong></span> <span class='ocrx_word' id='word_1_186' title='bbox 267 3533 333 3579; x_wconf 92' lang='lat' dir='ltr'><strong>nos</strong></span> <span class='ocrx_word' id='word_1_187' title='bbox 356 3511 495 3596; x_wconf 90' lang='lat' dir='ltr'><strong>omnia,</strong></span> <span class='ocrx_word' id='word_1_188' title='bbox 528 3536 618 3605; x_wconf 93' lang='lat' dir='ltr'><strong>quae</strong></span> <span class='ocrx_word' id='word_1_189' title='bbox 640 3512 677 3580; x_wconf 94' lang='lat' dir='ltr'><strong>in</strong></span> <span class='ocrx_word' id='word_1_190' title='bbox 702 3526 801 3583; x_wconf 88' lang='lat' dir='ltr'><strong>tanta</strong></span> <span class='ocrx_word' id='word_1_191' title='bbox 823 3526 1023 3604; x_wconf 89' lang='lat' dir='ltr'><strong>temporum</strong></span> <span class='ocrx_word' id='word_1_192' title='bbox 1040 3515 1161 3584; x_wconf 91' lang='lat' dir='ltr'><strong>diver-</strong></span> 
     </span>
     <span class='ocr_line' id='line_1_32' title="bbox 167 3608 1160 3705; baseline 0.003 -23"><span class='ocrx_word' id='word_1_193' title='bbox 167 3615 267 3684; x_wconf 89' lang='lat' dir='ltr'><strong>sitate</strong></span> <span class='ocrx_word' id='word_1_194' title='bbox 283 3608 366 3682; x_wconf 92' lang='lat' dir='ltr'><strong>huic</strong></span> <span class='ocrx_word' id='word_1_195' title='bbox 381 3609 541 3703; x_wconf 90' lang='lat' dir='ltr'><strong>Collegio</strong></span> <span class='ocrx_word' id='word_1_196' title='bbox 563 3614 724 3682; x_wconf 87' lang='lat' dir='ltr'><strong>facienda</strong></span> <span class='ocrx_word' id='word_1_197' title='bbox 741 3627 841 3697; x_wconf 86' lang='lat' dir='ltr'><strong>sunt,</strong></span> <span class='ocrx_word' id='word_1_198' title='bbox 868 3615 1056 3704; x_wconf 89' lang='lat' dir='ltr'><strong>complecti</strong></span> <span class='ocrx_word' id='word_1_199' title='bbox 1073 3618 1160 3705; x_wconf 91' lang='lat' dir='ltr'><strong>legi-</strong></span> 
     </span>
     <span class='ocr_line' id='line_1_33' title="bbox 165 3712 1159 3803; baseline 0.002 -17"><span class='ocrx_word' id='word_1_200' title='bbox 165 3718 234 3786; x_wconf 86' lang='lat' dir='ltr'><strong>bus</strong></span> <span class='ocrx_word' id='word_1_201' title='bbox 258 3738 331 3783; x_wconf 90' lang='lat' dir='ltr'><strong>non</strong></span> <span class='ocrx_word' id='word_1_202' title='bbox 355 3738 556 3803; x_wconf 90' lang='lat' dir='ltr'><strong>possumus,</strong></span> <span class='ocrx_word' id='word_1_203' title='bbox 590 3717 649 3784; x_wconf 92' lang='lat' dir='ltr'><strong>sed</strong></span> <span class='ocrx_word' id='word_1_204' title='bbox 676 3712 714 3783; x_wconf 92' lang='lat' dir='ltr'><strong>hi</strong></span> <span class='ocrx_word' id='word_1_205' title='bbox 736 3716 897 3785; x_wconf 87' lang='lat' dir='ltr'><strong>doctores</strong></span> <span class='ocrx_word' id='word_1_206' title='bbox 922 3717 1066 3790; x_wconf 88' lang='lat' dir='ltr'><strong>videant</strong></span> <span class='ocrx_word' id='word_1_207' title='bbox 1084 3719 1159 3788; x_wconf 85' lang='lat' dir='ltr'><strong>for-</strong></span> 
     </span>
     <span class='ocr_line' id='line_1_34' title="bbox 168 3813 1160 3909; baseline 0.005 -23"><span class='ocrx_word' id='word_1_208' title='bbox 168 3842 263 3886; x_wconf 90' lang='lat' dir='ltr'><strong>mam</strong></span> <span class='ocrx_word' id='word_1_209' title='bbox 298 3816 566 3905; x_wconf 85' lang='lat' dir='ltr'><strong>gubernationis</strong></span> <span class='ocrx_word' id='word_1_210' title='bbox 601 3817 638 3884; x_wconf 93' lang='lat' dir='ltr'><strong>in</strong></span> <span class='ocrx_word' id='word_1_211' title='bbox 674 3816 847 3908; x_wconf 88' lang='lat' dir='ltr'><strong>scriptura</strong></span> <span class='ocrx_word' id='word_1_212' title='bbox 879 3813 1090 3909; x_wconf 88' lang='lat' dir='ltr'><strong>Prophetica</strong></span> <span class='ocrx_word' id='word_1_213' title='bbox 1126 3835 1160 3891; x_wconf 94' lang='lat' dir='ltr'><strong>et</strong></span> 
     </span>
     <span class='ocr_line' id='line_1_35' title="bbox 167 3918 1159 4012; baseline 0.004 -23"><span class='ocrx_word' id='word_1_214' title='bbox 167 3918 372 4012; x_wconf 88' lang='lat' dir='ltr'><strong>Apostolica</strong></span> <span class='ocrx_word' id='word_1_215' title='bbox 388 3919 575 4000; x_wconf 83' lang='lat' dir='ltr'><strong>traditam,</strong></span> <span class='ocrx_word' id='word_1_216' title='bbox 601 3932 635 3988; x_wconf 90' lang='lat' dir='ltr'><strong>et</strong></span> <span class='ocrx_word' id='word_1_217' title='bbox 650 3921 843 4009; x_wconf 91' lang='lat' dir='ltr'><strong>prudenter</strong></span> <span class='ocrx_word' id='word_1_218' title='bbox 863 3942 939 3988; x_wconf 89' lang='lat' dir='ltr'><strong>eam</strong></span> <span class='ocrx_word' id='word_1_219' title='bbox 963 3918 1159 4008; x_wconf 89' lang='lat' dir='ltr'><strong>imitentur,</strong></span> 
     </span>
     <span class='ocr_line' id='line_1_36' title="bbox 166 4021 1158 4113; baseline 0.002 -20"><span class='ocrx_word' id='word_1_220' title='bbox 166 4036 202 4093; x_wconf 94' lang='lat' dir='ltr'><strong>et</strong></span> <span class='ocrx_word' id='word_1_221' title='bbox 231 4021 392 4113; x_wconf 90' lang='lat' dir='ltr'><strong>quolibet</strong></span> <span class='ocrx_word' id='word_1_222' title='bbox 422 4033 580 4112; x_wconf 89' lang='lat' dir='ltr'><strong>tempore</strong></span> <span class='ocrx_word' id='word_1_223' title='bbox 610 4044 669 4106; x_wconf 90' lang='lat' dir='ltr'><strong>ea,</strong></span> <span class='ocrx_word' id='word_1_224' title='bbox 703 4045 793 4113; x_wconf 90' lang='lat' dir='ltr'><strong>quae</strong></span> <span class='ocrx_word' id='word_1_225' title='bbox 820 4023 925 4092; x_wconf 89' lang='lat' dir='ltr'><strong>rebus</strong></span> <span class='ocrx_word' id='word_1_226' title='bbox 955 4023 1158 4095; x_wconf 86' lang='lat' dir='ltr'><strong>deliberatis</strong></span> 
     </span>
     <span class='ocr_line' id='line_1_37' title="bbox 166 4121 1159 4214; baseline 0.003 -20"><span class='ocrx_word' id='word_1_227' title='bbox 166 4123 347 4194; x_wconf 92' lang='lat' dir='ltr'><strong>communi</strong></span> <span class='ocrx_word' id='word_1_228' title='bbox 361 4122 512 4191; x_wconf 87' lang='lat' dir='ltr'><strong>consilio</strong></span> <span class='ocrx_word' id='word_1_229' title='bbox 527 4121 755 4207; x_wconf 87' lang='lat' dir='ltr'><strong>iudicabunt,</strong></span> <span class='ocrx_word' id='word_1_230' title='bbox 783 4135 816 4193; x_wconf 91' lang='lat' dir='ltr'><strong>et</strong></span> <span class='ocrx_word' id='word_1_231' title='bbox 830 4146 1024 4214; x_wconf 91' lang='lat' dir='ltr'><strong>congruere</strong></span> <span class='ocrx_word' id='word_1_232' title='bbox 1037 4123 1159 4197; x_wconf 89' lang='lat' dir='ltr'><strong>Evan-</strong></span> 
     </span>
     <span class='ocr_line' id='line_1_38' title="bbox 164 4221 1158 4316; baseline 0.007 -24"><span class='ocrx_word' id='word_1_233' title='bbox 164 4225 275 4316; x_wconf 92' lang='lat' dir='ltr'><strong>gelio,</strong></span> <span class='ocrx_word' id='word_1_234' title='bbox 302 4238 337 4294; x_wconf 88' lang='lat' dir='ltr'><strong>et</strong></span> <span class='ocrx_word' id='word_1_235' title='bbox 356 4224 524 4296; x_wconf 86' lang='lat' dir='ltr'><strong>salutaria</strong></span> <span class='ocrx_word' id='word_1_236' title='bbox 538 4248 612 4294; x_wconf 89' lang='lat' dir='ltr'><strong>esse</strong></span> <span class='ocrx_word' id='word_1_237' title='bbox 628 4221 804 4297; x_wconf 88' lang='lat' dir='ltr'><strong>Ecclesiae</strong></span> <span class='ocrx_word' id='word_1_238' title='bbox 820 4223 906 4313; x_wconf 91' lang='lat' dir='ltr'><strong>Dei,</strong></span> <span class='ocrx_word' id='word_1_239' title='bbox 935 4243 1058 4316; x_wconf 87' lang='lat' dir='ltr'><strong>agant,</strong></span> <span class='ocrx_word' id='word_1_240' title='bbox 1088 4230 1158 4298; x_wconf 90' lang='lat' dir='ltr'><strong>im-</strong></span> 
     </span>
     <span class='ocr_line' id='line_1_39' title="bbox 163 4326 1159 4421; baseline 0.005 -25"><span class='ocrx_word' id='word_1_241' title='bbox 163 4326 290 4419; x_wconf 90' lang='lat' dir='ltr'><strong>primis</strong></span> <span class='ocrx_word' id='word_1_242' title='bbox 315 4338 432 4395; x_wconf 85' lang='lat' dir='ltr'><strong>autem</strong></span> <span class='ocrx_word' id='word_1_243' title='bbox 458 4352 669 4399; x_wconf 90' lang='lat' dir='ltr'><strong>consensum</strong></span> <span class='ocrx_word' id='word_1_244' title='bbox 693 4353 801 4421; x_wconf 90' lang='lat' dir='ltr'><strong>purae</strong></span> <span class='ocrx_word' id='word_1_245' title='bbox 824 4329 1006 4400; x_wconf 88' lang='lat' dir='ltr'><strong>doctrinae</strong></span> <span class='ocrx_word' id='word_1_246' title='bbox 1033 4346 1159 4403; x_wconf 90' lang='lat' dir='ltr'><strong>tuean-</strong></span> 
     </span>
     <span class='ocr_line' id='line_1_40' title="bbox 165 4426 1157 4515; baseline 0.004 -16"><span class='ocrx_word' id='word_1_247' title='bbox 165 4443 241 4507; x_wconf 91' lang='lat' dir='ltr'><strong>tur,</strong></span> <span class='ocrx_word' id='word_1_248' title='bbox 267 4440 299 4497; x_wconf 92' lang='lat' dir='ltr'><strong>et</strong></span> <span class='ocrx_word' id='word_1_249' title='bbox 315 4426 427 4495; x_wconf 90' lang='lat' dir='ltr'><strong>vitent</strong></span> <span class='ocrx_word' id='word_1_250' title='bbox 443 4430 627 4499; x_wconf 87' lang='lat' dir='ltr'><strong>ambitiosa</strong></span> <span class='ocrx_word' id='word_1_251' title='bbox 643 4433 736 4501; x_wconf 90' lang='lat' dir='ltr'><strong>inter</strong></span> <span class='ocrx_word' id='word_1_252' title='bbox 751 4456 825 4500; x_wconf 88' lang='lat' dir='ltr'><strong>sese</strong></span> <span class='ocrx_word' id='word_1_253' title='bbox 839 4432 1050 4515; x_wconf 85' lang='lat' dir='ltr'><strong>certamina,</strong></span> <span class='ocrx_word' id='word_1_254' title='bbox 1077 4459 1157 4503; x_wconf 92' lang='lat' dir='ltr'><strong>cum</strong></span> 
     </span>
     <span class='ocr_line' id='line_1_41' title="bbox 164 4524 1159 4625; baseline 0.003 -25"><span class='ocrx_word' id='word_1_255' title='bbox 164 4530 278 4600; x_wconf 90' lang='lat' dir='ltr'><strong>sciant</strong></span> <span class='ocrx_word' id='word_1_256' title='bbox 291 4551 393 4618; x_wconf 89' lang='lat' dir='ltr'><strong>saepe</strong></span> <span class='ocrx_word' id='word_1_257' title='bbox 406 4524 574 4597; x_wconf 89' lang='lat' dir='ltr'><strong>Ecclesiis</strong></span> <span class='ocrx_word' id='word_1_258' title='bbox 588 4547 621 4601; x_wconf 90' lang='lat' dir='ltr'><strong>et</strong></span> <span class='ocrx_word' id='word_1_259' title='bbox 638 4533 794 4621; x_wconf 88' lang='lat' dir='ltr'><strong>imperiis</strong></span> <span class='ocrx_word' id='word_1_260' title='bbox 809 4536 1053 4618; x_wconf 90' lang='lat' dir='ltr'><strong>ambitionem,</strong></span> <span class='ocrx_word' id='word_1_261' title='bbox 1076 4559 1159 4625; x_wconf 88' lang='lat' dir='ltr'><strong>pra-</strong></span> 
     </span>
     <span class='ocr_line' id='line_1_42' title="bbox 164 4630 1159 4720; baseline 0.007 -22"><span class='ocrx_word' id='word_1_262' title='bbox 164 4655 226 4701; x_wconf 91' lang='lat' dir='ltr'><strong>vas</strong></span> <span class='ocrx_word' id='word_1_263' title='bbox 247 4631 521 4714; x_wconf 88' lang='lat' dir='ltr'><strong>aemulationes,</strong></span> <span class='ocrx_word' id='word_1_264' title='bbox 555 4630 781 4720; x_wconf 90' lang='lat' dir='ltr'><strong>cupiditatem</strong></span> <span class='ocrx_word' id='word_1_265' title='bbox 806 4636 1001 4718; x_wconf 88' lang='lat' dir='ltr'><strong>vindictae,</strong></span> <span class='ocrx_word' id='word_1_266' title='bbox 1033 4635 1159 4706; x_wconf 86' lang='lat' dir='ltr'><strong>factio-</strong></span> 
     </span>
     <span class='ocr_line' id='line_1_43' title="bbox 167 4734 514 4819; baseline -0.006 -17"><span class='ocrx_word' id='word_1_267' title='bbox 167 4758 250 4819; x_wconf 89' lang='lat' dir='ltr'><strong>nes,</strong></span> <span class='ocrx_word' id='word_1_268' title='bbox 277 4735 382 4805; x_wconf 82' lang='lat' dir='ltr'><strong>exitio</strong></span> <span class='ocrx_word' id='word_1_269' title='bbox 396 4734 514 4803; x_wconf 86' lang='lat' dir='ltr'><strong>inisse.</strong></span> 
     </span>
    </p>
   </div>
   <div class='ocr_carea' id='block_1_6' title="bbox 165 4852 1158 5353">
    <p class='ocr_par' dir='ltr' id='par_1_6' title="bbox 165 4852 1158 5353">
     <span class='ocr_line' id='line_1_44' title="bbox 268 4852 1158 4954; baseline 0.009 -31"><span class='ocrx_word' id='word_1_270' title='bbox 268 4852 486 4924; x_wconf 89' lang='lat' dir='ltr'><strong>Auditorum</strong></span> <span class='ocrx_word' id='word_1_271' title='bbox 499 4854 605 4923; x_wconf 90' lang='lat' dir='ltr'><strong>etiam</strong></span> <span class='ocrx_word' id='word_1_272' title='bbox 621 4853 760 4942; x_wconf 90' lang='lat' dir='ltr'><strong>ingenia</strong></span> <span class='ocrx_word' id='word_1_273' title='bbox 776 4854 974 4942; x_wconf 90' lang='lat' dir='ltr'><strong>observent,</strong></span> <span class='ocrx_word' id='word_1_274' title='bbox 997 4860 1061 4929; x_wconf 89' lang='lat' dir='ltr'><strong>etsi</strong></span> <span class='ocrx_word' id='word_1_275' title='bbox 1078 4861 1158 4954; x_wconf 89' lang='lat' dir='ltr'><strong>quis</strong></span> 
     </span>
     <span class='ocr_line' id='line_1_45' title="bbox 167 4956 1157 5049; baseline 0.01 -26"><span class='ocrx_word' id='word_1_276' title='bbox 167 4956 330 5048; x_wconf 89' lang='lat' dir='ltr'><strong>petulans</strong></span> <span class='ocrx_word' id='word_1_277' title='bbox 359 4956 593 5026; x_wconf 88' lang='lat' dir='ltr'><strong>delectabitur</strong></span> <span class='ocrx_word' id='word_1_278' title='bbox 628 4957 744 5048; x_wconf 91' lang='lat' dir='ltr'><strong>pravis</strong></span> <span class='ocrx_word' id='word_1_279' title='bbox 778 4957 1027 5049; x_wconf 88' lang='lat' dir='ltr'><strong>opinionibus,</strong></span> <span class='ocrx_word' id='word_1_280' title='bbox 1062 4958 1157 5034; x_wconf 88' lang='lat' dir='ltr'><strong>hunc</strong></span> 
     </span>
     <span class='ocr_line' id='line_1_46' title="bbox 165 5054 1158 5147; baseline 0.008 -21"><span class='ocrx_word' id='word_1_281' title='bbox 165 5068 330 5127; x_wconf 86' lang='lat' dir='ltr'><strong>vocatum</strong></span> <span class='ocrx_word' id='word_1_282' title='bbox 348 5057 390 5124; x_wconf 90' lang='lat' dir='ltr'><strong>ad</strong></span> <span class='ocrx_word' id='word_1_283' title='bbox 407 5054 605 5147; x_wconf 91' lang='lat' dir='ltr'><strong>Collegium</strong></span> <span class='ocrx_word' id='word_1_284' title='bbox 623 5062 857 5144; x_wconf 89' lang='lat' dir='ltr'><strong>admoneant,</strong></span> <span class='ocrx_word' id='word_1_285' title='bbox 882 5074 915 5131; x_wconf 93' lang='lat' dir='ltr'><strong>et</strong></span> <span class='ocrx_word' id='word_1_286' title='bbox 938 5063 976 5130; x_wconf 90' lang='lat' dir='ltr'><strong>in</strong></span> <span class='ocrx_word' id='word_1_287' title='bbox 993 5064 1085 5132; x_wconf 91' lang='lat' dir='ltr'><strong>viam</strong></span> <span class='ocrx_word' id='word_1_288' title='bbox 1101 5091 1158 5134; x_wconf 91' lang='lat' dir='ltr'><strong>re-</strong></span> 
     </span>
     <span class='ocr_line' id='line_1_47' title="bbox 167 5158 1157 5244; baseline 0.009 -16"><span class='ocrx_word' id='word_1_289' title='bbox 167 5172 314 5244; x_wconf 89' lang='lat' dir='ltr'><strong>vocent,</strong></span> <span class='ocrx_word' id='word_1_290' title='bbox 344 5171 566 5230; x_wconf 89' lang='lat' dir='ltr'><strong>contumaces</strong></span> <span class='ocrx_word' id='word_1_291' title='bbox 586 5184 670 5229; x_wconf 90' lang='lat' dir='ltr'><strong>vero</strong></span> <span class='ocrx_word' id='word_1_292' title='bbox 684 5185 803 5232; x_wconf 87' lang='lat' dir='ltr'><strong>severe</strong></span> <span class='ocrx_word' id='word_1_293' title='bbox 819 5158 1036 5234; x_wconf 89' lang='lat' dir='ltr'><strong>coherceant.</strong></span> <span class='ocrx_word' id='word_1_294' title='bbox 1072 5165 1157 5237; x_wconf 92' lang='lat' dir='ltr'><strong>Mo-</strong></span> 
     </span>
     <span class='ocr_line' id='line_1_48' title="bbox 167 5262 1158 5353; baseline 0.006 -19"><span class='ocrx_word' id='word_1_295' title='bbox 167 5286 222 5334; x_wconf 90' lang='lat' dir='ltr'><strong>res</strong></span> <span class='ocrx_word' id='word_1_296' title='bbox 240 5262 344 5333; x_wconf 91' lang='lat' dir='ltr'><strong>etiam</strong></span> <span class='ocrx_word' id='word_1_297' title='bbox 363 5263 566 5332; x_wconf 89' lang='lat' dir='ltr'><strong>auditorum</strong></span> <span class='ocrx_word' id='word_1_298' title='bbox 590 5287 709 5334; x_wconf 92' lang='lat' dir='ltr'><strong>severe</strong></span> <span class='ocrx_word' id='word_1_299' title='bbox 726 5278 867 5353; x_wconf 89' lang='lat' dir='ltr'><strong>regant,</strong></span> <span class='ocrx_word' id='word_1_300' title='bbox 892 5282 1015 5339; x_wconf 88' lang='lat' dir='ltr'><strong>curent</strong></span> <span class='ocrx_word' id='word_1_301' title='bbox 1037 5283 1078 5341; x_wconf 93' lang='lat' dir='ltr'><strong>ut</strong></span> <span class='ocrx_word' id='word_1_302' title='bbox 1093 5296 1158 5340; x_wconf 92' lang='lat' dir='ltr'><strong>ve-</strong></span> 
     </span>
    </p>
   </div>
   <div class='ocr_carea' id='block_1_7' title="bbox 657 198 1713 294">
    <p class='ocr_par' dir='ltr' id='par_1_7' title="bbox 657 198 1713 294">
     <span class='ocr_line' id='line_1_49' title="bbox 657 198 1713 294; baseline 0.001 -19"><span class='ocrx_word' id='word_1_303' title='bbox 657 198 962 294; x_wconf 76' lang='lat' dir='ltr'><strong>ALLOQuta</strong></span> <span class='ocrx_word' id='word_1_304' title='bbox 986 199 1061 275; x_wconf 86' lang='lat' dir='ltr'><strong>ET</strong></span> <span class='ocrx_word' id='word_1_305' title='bbox 1095 198 1329 277; x_wconf 84' lang='lat' dir='ltr'><strong>BREVES</strong></span> <span class='ocrx_word' id='word_1_306' title='bbox 1360 198 1713 277; x_wconf 85' lang='lat' dir='ltr'><strong>CONClONES.</strong></span> 
     </span>
    </p>
   </div>
   <div class='ocr_carea' id='block_1_8' title="bbox 2107 207 2207 281">
    <p class='ocr_par' dir='ltr' id='par_1_8' title="bbox 2107 207 2207 281">
     <span class='ocr_line' id='line_1_50' title="bbox 2107 207 2207 281; baseline 0.04 -4"><span class='ocrx_word' id='word_1_307' title='bbox 2107 207 2207 281; x_wconf 78' lang='lat'>1008</span> 
     </span>
    </p>
   </div>
   <div class='ocr_carea' id='block_1_9' title="bbox 1209 373 2209 1480">
    <p class='ocr_par' dir='ltr' id='par_1_9' title="bbox 1209 373 2209 1480">
     <span class='ocr_line' id='line_1_51' title="bbox 1209 373 2209 467; baseline 0.006 -22"><span class='ocrx_word' id='word_1_308' title='bbox 1209 377 1361 448; x_wconf 88' lang='lat' dir='ltr'><strong>modesti</strong></span> <span class='ocrx_word' id='word_1_309' title='bbox 1386 377 1425 445; x_wconf 91' lang='lat' dir='ltr'><strong>in</strong></span> <span class='ocrx_word' id='word_1_310' title='bbox 1442 374 1610 445; x_wconf 88' lang='lat' dir='ltr'><strong>omnibus</strong></span> <span class='ocrx_word' id='word_1_311' title='bbox 1633 373 1898 465; x_wconf 86' lang='lat' dir='ltr'><strong>congressibus,</strong></span> <span class='ocrx_word' id='word_1_312' title='bbox 1918 374 1994 447; x_wconf 81' lang='lat' dir='ltr'><strong>siut</strong></span> <span class='ocrx_word' id='word_1_313' title='bbox 2016 375 2150 467; x_wconf 85' lang='lat' dir='ltr'><strong>placidi</strong></span> <span class='ocrx_word' id='word_1_314' title='bbox 2167 379 2209 451; x_wconf 92' lang='lat' dir='ltr'><strong>in</strong></span> 
     </span>
     <span class='ocr_line' id='line_1_52' title="bbox 1211 477 2207 570; baseline 0.001 -23"><span class='ocrx_word' id='word_1_315' title='bbox 1211 478 1530 570; x_wconf 85' lang='lat' dir='ltr'><strong>disputationibus,</strong></span> <span class='ocrx_word' id='word_1_316' title='bbox 1552 477 1625 549; x_wconf 92' lang='lat' dir='ltr'><strong>sint</strong></span> <span class='ocrx_word' id='word_1_317' title='bbox 1640 491 1877 570; x_wconf 86' lang='lat' dir='ltr'><strong>temperantes</strong></span> <span class='ocrx_word' id='word_1_318' title='bbox 1889 491 1926 549; x_wconf 92' lang='lat' dir='ltr'><strong>et</strong></span> <span class='ocrx_word' id='word_1_319' title='bbox 1941 478 2050 559; x_wconf 87' lang='lat' dir='ltr'><strong>casti,</strong></span> <span class='ocrx_word' id='word_1_320' title='bbox 2075 503 2122 548; x_wconf 89' lang='lat' dir='ltr'><strong>ne</strong></span> <span class='ocrx_word' id='word_1_321' title='bbox 2135 479 2207 548; x_wconf 83' lang='lat' dir='ltr'><strong>im-</strong></span> 
     </span>
     <span class='ocr_line' id='line_1_53' title="bbox 1211 575 2207 670; baseline 0.004 -22"><span class='ocrx_word' id='word_1_322' title='bbox 1211 581 1355 670; x_wconf 90' lang='lat' dir='ltr'><strong>pediant</strong></span> <span class='ocrx_word' id='word_1_323' title='bbox 1368 581 1628 650; x_wconf 89' lang='lat' dir='ltr'><strong>invocationem</strong></span> <span class='ocrx_word' id='word_1_324' title='bbox 1639 577 1717 650; x_wconf 82' lang='lat' dir='ltr'><strong>Dei.</strong></span> <span class='ocrx_word' id='word_1_325' title='bbox 1750 577 1872 650; x_wconf 88' lang='lat' dir='ltr'><strong>Sciant</strong></span> <span class='ocrx_word' id='word_1_326' title='bbox 1887 575 2074 670; x_wconf 91' lang='lat' dir='ltr'><strong>prohiberi</strong></span> <span class='ocrx_word' id='word_1_327' title='bbox 2086 583 2207 652; x_wconf 89' lang='lat' dir='ltr'><strong>omni</strong></span> 
     </span>
     <span class='ocr_line' id='line_1_54' title="bbox 1211 681 2205 776; baseline 0.004 -26"><span class='ocrx_word' id='word_1_328' title='bbox 1211 683 1278 751; x_wconf 90' lang='lat' dir='ltr'><strong>bus</strong></span> <span class='ocrx_word' id='word_1_329' title='bbox 1292 683 1445 773; x_wconf 91' lang='lat' dir='ltr'><strong>publicis</strong></span> <span class='ocrx_word' id='word_1_330' title='bbox 1458 682 1594 771; x_wconf 87' lang='lat' dir='ltr'><strong>legibus</strong></span> <span class='ocrx_word' id='word_1_331' title='bbox 1607 681 1749 751; x_wconf 91' lang='lat' dir='ltr'><strong>libellos</strong></span> <span class='ocrx_word' id='word_1_332' title='bbox 1764 682 1938 765; x_wconf 81' lang='lat' dir='ltr'><strong>famosos,</strong></span> <span class='ocrx_word' id='word_1_333' title='bbox 1960 684 2117 776; x_wconf 84' lang='lat' dir='ltr'><strong>denique</strong></span> <span class='ocrx_word' id='word_1_334' title='bbox 2132 709 2205 755; x_wconf 87' lang='lat' dir='ltr'><strong>me-</strong></span> 
     </span>
     <span class='ocr_line' id='line_1_55' title="bbox 1210 778 2207 873; baseline 0.004 -20"><span class='ocrx_word' id='word_1_335' title='bbox 1210 784 1382 855; x_wconf 91' lang='lat' dir='ltr'><strong>minerint</strong></span> <span class='ocrx_word' id='word_1_336' title='bbox 1404 779 1469 853; x_wconf 89' lang='lat' dir='ltr'><strong>hos</strong></span> <span class='ocrx_word' id='word_1_337' title='bbox 1490 798 1608 854; x_wconf 90' lang='lat' dir='ltr'><strong>coetus</strong></span> <span class='ocrx_word' id='word_1_338' title='bbox 1629 778 1867 873; x_wconf 80' lang='lat' dir='ltr'><strong>Theologicos</strong></span> <span class='ocrx_word' id='word_1_339' title='bbox 1889 782 2023 855; x_wconf 82' lang='lat' dir='ltr'><strong>similes</strong></span> <span class='ocrx_word' id='word_1_340' title='bbox 2044 807 2121 856; x_wconf 88' lang='lat' dir='ltr'><strong>esse</strong></span> <span class='ocrx_word' id='word_1_341' title='bbox 2142 787 2207 857; x_wconf 89' lang='lat' dir='ltr'><strong>de-</strong></span> 
     </span>
     <span class='ocr_line' id='line_1_56' title="bbox 1210 881 2206 979; baseline 0.007 -25"><span class='ocrx_word' id='word_1_342' title='bbox 1210 886 1294 955; x_wconf 88' lang='lat' dir='ltr'><strong>bere</strong></span> <span class='ocrx_word' id='word_1_343' title='bbox 1321 881 1452 955; x_wconf 89' lang='lat' dir='ltr'><strong>scholis</strong></span> <span class='ocrx_word' id='word_1_344' title='bbox 1481 882 1600 970; x_wconf 89' lang='lat' dir='ltr'><strong>Eliae,</strong></span> <span class='ocrx_word' id='word_1_345' title='bbox 1630 881 1782 970; x_wconf 84' lang='lat' dir='ltr'><strong>Elisaei,</strong></span> <span class='ocrx_word' id='word_1_346' title='bbox 1816 881 1985 956; x_wconf 84' lang='lat' dir='ltr'><strong>iohannis</strong></span> <span class='ocrx_word' id='word_1_347' title='bbox 2012 884 2206 979; x_wconf 86' lang='lat' dir='ltr'><strong>Baptistae,</strong></span> 
     </span>
     <span class='ocr_line' id='line_1_57' title="bbox 1210 982 2205 1081; baseline 0.001 -22"><span class='ocrx_word' id='word_1_348' title='bbox 1210 982 1362 1072; x_wconf 89' lang='lat' dir='ltr'><strong>Christi,</strong></span> <span class='ocrx_word' id='word_1_349' title='bbox 1400 982 1571 1059; x_wconf 88' lang='lat' dir='ltr'><strong>lobannis</strong></span> <span class='ocrx_word' id='word_1_350' title='bbox 1592 988 1775 1077; x_wconf 84' lang='lat' dir='ltr'><strong>Apostoli,</strong></span> <span class='ocrx_word' id='word_1_351' title='bbox 1812 985 2019 1081; x_wconf 87' lang='lat' dir='ltr'><strong>Polycarpi,</strong></span> <span class='ocrx_word' id='word_1_352' title='bbox 2054 988 2205 1076; x_wconf 90' lang='lat' dir='ltr'><strong>lrenaei,</strong></span> 
     </span>
     <span class='ocr_line' id='line_1_58' title="bbox 1211 1087 2206 1184; baseline 0.004 -26"><span class='ocrx_word' id='word_1_353' title='bbox 1211 1102 1246 1173; x_wconf 72' lang='lat' dir='ltr'><strong>et</strong></span> <span class='ocrx_word' id='word_1_354' title='bbox 1273 1090 1460 1160; x_wconf 87' lang='lat' dir='ltr'><strong>similium.</strong></span> <span class='ocrx_word' id='word_1_355' title='bbox 1512 1088 1809 1184; x_wconf 85' lang='lat' dir='ltr'><strong>Quandocunqne</strong></span> <span class='ocrx_word' id='word_1_356' title='bbox 1837 1090 1931 1160; x_wconf 90' lang='lat' dir='ltr'><strong>enim</strong></span> <span class='ocrx_word' id='word_1_357' title='bbox 1955 1087 2116 1163; x_wconf 88' lang='lat' dir='ltr'><strong>Ecclesia</strong></span> <span class='ocrx_word' id='word_1_358' title='bbox 2138 1094 2206 1162; x_wconf 87' lang='lat' dir='ltr'><strong>flo-</strong></span> 
     </span>
     <span class='ocr_line' id='line_1_59' title="bbox 1211 1185 2206 1288; baseline 0.004 -27"><span class='ocrx_word' id='word_1_359' title='bbox 1211 1191 1302 1276; x_wconf 90' lang='lat' dir='ltr'><strong>ruit,</strong></span> <span class='ocrx_word' id='word_1_360' title='bbox 1328 1193 1415 1261; x_wconf 89' lang='lat' dir='ltr'><strong>tales</strong></span> <span class='ocrx_word' id='word_1_361' title='bbox 1429 1192 1568 1284; x_wconf 89' lang='lat' dir='ltr'><strong>aliquos</strong></span> <span class='ocrx_word' id='word_1_362' title='bbox 1582 1185 1710 1261; x_wconf 91' lang='lat' dir='ltr'><strong>habuit</strong></span> <span class='ocrx_word' id='word_1_363' title='bbox 1725 1187 1962 1264; x_wconf 77' lang='lat' dir='ltr'><strong>scholasticos</strong></span> <span class='ocrx_word' id='word_1_364' title='bbox 1977 1207 2118 1278; x_wconf 89' lang='lat' dir='ltr'><strong>coetus,</strong></span> <span class='ocrx_word' id='word_1_365' title='bbox 2144 1220 2206 1288; x_wconf 90' lang='lat' dir='ltr'><strong>per</strong></span> 
     </span>
     <span class='ocr_line' id='line_1_60' title="bbox 1212 1290 2207 1385; baseline 0.004 -23"><span class='ocrx_word' id='word_1_366' title='bbox 1212 1317 1302 1385; x_wconf 90' lang='lat' dir='ltr'><strong>quos</strong></span> <span class='ocrx_word' id='word_1_367' title='bbox 1323 1293 1485 1363; x_wconf 88' lang='lat' dir='ltr'><strong>doctriua</strong></span> <span class='ocrx_word' id='word_1_368' title='bbox 1509 1293 1567 1385; x_wconf 84' lang='lat' dir='ltr'><strong>pia</strong></span> <span class='ocrx_word' id='word_1_369' title='bbox 1595 1307 1783 1385; x_wconf 90' lang='lat' dir='ltr'><strong>propagata</strong></span> <span class='ocrx_word' id='word_1_370' title='bbox 1808 1309 1868 1364; x_wconf 88' lang='lat' dir='ltr'><strong>est.</strong></span> <span class='ocrx_word' id='word_1_371' title='bbox 1921 1290 2063 1364; x_wconf 87' lang='lat' dir='ltr'><strong>Horum</strong></span> <span class='ocrx_word' id='word_1_372' title='bbox 2079 1298 2207 1381; x_wconf 88' lang='lat' dir='ltr'><strong>studia,</strong></span> 
     </span>
     <span class='ocr_line' id='line_1_61' title="bbox 1211 1395 2120 1480; baseline 0.01 -17"><span class='ocrx_word' id='word_1_373' title='bbox 1211 1396 1336 1480; x_wconf 86' lang='lat' dir='ltr'><strong>fidem,</strong></span> <span class='ocrx_word' id='word_1_374' title='bbox 1360 1408 1395 1466; x_wconf 92' lang='lat' dir='ltr'><strong>et</strong></span> <span class='ocrx_word' id='word_1_375' title='bbox 1409 1417 1524 1464; x_wconf 92' lang='lat' dir='ltr'><strong>mores</strong></span> <span class='ocrx_word' id='word_1_376' title='bbox 1540 1395 1655 1464; x_wconf 87' lang='lat' dir='ltr'><strong>nostri</strong></span> <span class='ocrx_word' id='word_1_377' title='bbox 1668 1408 1788 1466; x_wconf 87' lang='lat' dir='ltr'><strong>coetus</strong></span> <span class='ocrx_word' id='word_1_378' title='bbox 1802 1395 1908 1467; x_wconf 89' lang='lat' dir='ltr'><strong>etiam</strong></span> <span class='ocrx_word' id='word_1_379' title='bbox 1924 1395 2120 1472; x_wconf 89' lang='lat' dir='ltr'><strong>imitentur.</strong></span> 
     </span>
    </p>
   </div>
   <div class='ocr_carea' id='block_1_10' title="bbox 1212 1541 2208 1822">
    <p class='ocr_par' dir='ltr' id='par_1_10' title="bbox 1212 1541 2208 1822">
     <span class='ocr_line' id='line_1_62' title="bbox 1310 1541 2207 1634; baseline 0.004 -17"><span class='ocrx_word' id='word_1_380' title='bbox 1310 1541 1436 1618; x_wconf 88' lang='lat' dir='ltr'><strong>Esaiae</strong></span> <span class='ocrx_word' id='word_1_381' title='bbox 1449 1546 1510 1618; x_wconf 85' lang='lat' dir='ltr'><strong>Ll.</strong></span> <span class='ocrx_word' id='word_1_382' title='bbox 1562 1546 1670 1619; x_wconf 88' lang='lat' dir='ltr'><strong>Posui</strong></span> <span class='ocrx_word' id='word_1_383' title='bbox 1688 1548 1796 1618; x_wconf 89' lang='lat' dir='ltr'><strong>verba</strong></span> <span class='ocrx_word' id='word_1_384' title='bbox 1820 1571 1897 1617; x_wconf 90' lang='lat' dir='ltr'><strong>mea</strong></span> <span class='ocrx_word' id='word_1_385' title='bbox 1921 1548 2037 1619; x_wconf 90' lang='lat' dir='ltr'><strong>inore</strong></span> <span class='ocrx_word' id='word_1_386' title='bbox 2060 1562 2144 1634; x_wconf 90' lang='lat' dir='ltr'><strong>tuo,</strong></span> <span class='ocrx_word' id='word_1_387' title='bbox 2172 1565 2207 1622; x_wconf 92' lang='lat' dir='ltr'><strong>et</strong></span> 
     </span>
     <span class='ocr_line' id='line_1_63' title="bbox 1213 1649 2208 1745; baseline 0.006 -28"><span class='ocrx_word' id='word_1_388' title='bbox 1213 1649 1338 1719; x_wconf 85' lang='lat' dir='ltr'><strong>umbra</strong></span> <span class='ocrx_word' id='word_1_389' title='bbox 1360 1673 1485 1719; x_wconf 90' lang='lat' dir='ltr'><strong>manus</strong></span> <span class='ocrx_word' id='word_1_390' title='bbox 1502 1675 1601 1720; x_wconf 89' lang='lat' dir='ltr'><strong>meae</strong></span> <span class='ocrx_word' id='word_1_391' title='bbox 1622 1662 1803 1742; x_wconf 89' lang='lat' dir='ltr'><strong>protegam</strong></span> <span class='ocrx_word' id='word_1_392' title='bbox 1819 1664 1871 1736; x_wconf 92' lang='lat' dir='ltr'><strong>te,</strong></span> <span class='ocrx_word' id='word_1_393' title='bbox 1895 1663 1935 1721; x_wconf 91' lang='lat' dir='ltr'><strong>ut</strong></span> <span class='ocrx_word' id='word_1_394' title='bbox 1951 1652 2108 1745; x_wconf 87' lang='lat' dir='ltr'><strong>plantem</strong></span> <span class='ocrx_word' id='word_1_395' title='bbox 2125 1677 2208 1722; x_wconf 86' lang='lat' dir='ltr'><strong>coe-</strong></span> 
     </span>
     <span class='ocr_line' id='line_1_64' title="bbox 1212 1750 2170 1822; baseline 0.009 -3"><span class='ocrx_word' id='word_1_396' title='bbox 1212 1751 1266 1820; x_wconf 88' lang='lat' dir='ltr'><strong>los</strong></span> <span class='ocrx_word' id='word_1_397' title='bbox 1287 1765 1350 1822; x_wconf 91' lang='lat' dir='ltr'><strong>etc.</strong></span> <span class='ocrx_word' id='word_1_398' title='bbox 2166 1750 2170 1757; x_wconf 67' lang='grc'></span> 
     </span>
    </p>
   </div>
   <div class='ocr_carea' id='block_1_11' title="bbox 1236 2020 2181 2241">
    <p class='ocr_par' dir='ltr' id='par_1_11' title="bbox 1236 2020 2181 2241">
     <span class='ocr_line' id='line_1_65' title="bbox 1236 2020 2181 2125; baseline 0.006 -29"><span class='ocrx_word' id='word_1_399' title='bbox 1236 2029 1354 2125; x_wconf 73' lang='lat' dir='ltr'><strong>Leges</strong></span> <span class='ocrx_word' id='word_1_400' title='bbox 1376 2026 1524 2122; x_wconf 71' lang='lat' dir='ltr'><strong>collegit</strong></span> <span class='ocrx_word' id='word_1_401' title='bbox 1545 2020 1753 2118; x_wconf 73' lang='lat' dir='ltr'><strong>facultatis</strong></span> <span class='ocrx_word' id='word_1_402' title='bbox 1777 2025 1989 2101; x_wconf 74' lang='lat' dir='ltr'><strong>tiberalium</strong></span> <span class='ocrx_word' id='word_1_403' title='bbox 2016 2033 2181 2117; x_wconf 77' lang='lat' dir='ltr'><strong>ortium,</strong></span> 
     </span>
     <span class='ocr_line' id='line_1_66' title="bbox 1441 2143 1984 2241; baseline -0.002 -24"><span class='ocrx_word' id='word_1_404' title='bbox 1441 2167 1537 2240; x_wconf 80' lang='lat' dir='ltr'><strong>quus</strong></span> <span class='ocrx_word' id='word_1_405' title='bbox 1550 2143 1792 2241; x_wconf 76' lang='lat' dir='ltr'><strong>Philosophia</strong></span> <span class='ocrx_word' id='word_1_406' title='bbox 1807 2150 1984 2220; x_wconf 82' lang='lat' dir='ltr'><strong>continet.</strong></span> 
     </span>
    </p>
   </div>
   <div class='ocr_carea' id='block_1_12' title="bbox 1209 2311 2225 5362">
    <p class='ocr_par' dir='ltr' id='par_1_12' title="bbox 1209 2311 2225 5362">
     <span class='ocr_line' id='line_1_67' title="bbox 1299 2311 2225 2388; baseline 0.003 -5"><span class='ocrx_word' id='word_1_407' title='bbox 1299 2311 1396 2384; x_wconf 85' lang='lat' dir='ltr'><strong>Deus</strong></span> <span class='ocrx_word' id='word_1_408' title='bbox 1411 2329 1573 2385; x_wconf 89' lang='lat' dir='ltr'><strong>aeternus</strong></span> <span class='ocrx_word' id='word_1_409' title='bbox 1588 2315 1692 2386; x_wconf 89' lang='lat' dir='ltr'><strong>Pater</strong></span> <span class='ocrx_word' id='word_1_410' title='bbox 1705 2315 1851 2387; x_wconf 88' lang='lat' dir='ltr'><strong>Domini</strong></span> <span class='ocrx_word' id='word_1_411' title='bbox 1873 2318 1986 2388; x_wconf 88' lang='lat' dir='ltr'><strong>nostri</strong></span> <span class='ocrx_word' id='word_1_412' title='bbox 2002 2315 2082 2387; x_wconf 90' lang='lat' dir='ltr'><strong>lesu</strong></span> <span class='ocrx_word' id='word_1_413' title='bbox 2097 2312 2208 2386; x_wconf 90' lang='lat' dir='ltr'><strong>Chri</strong></span> <span class='ocrx_word' id='word_1_414' title='bbox 2223 2325 2225 2330; x_wconf 84' lang='lat'>&#39;</span> 
     </span>
     <span class='ocr_line' id='line_1_68' title="bbox 1212 2413 2205 2508; baseline 0.001 -22"><span class='ocrx_word' id='word_1_415' title='bbox 1212 2417 1270 2501; x_wconf 90' lang='lat' dir='ltr'><strong>sti,</strong></span> <span class='ocrx_word' id='word_1_416' title='bbox 1296 2417 1451 2487; x_wconf 87' lang='lat' dir='ltr'><strong>ostendit</strong></span> <span class='ocrx_word' id='word_1_417' title='bbox 1465 2419 1588 2508; x_wconf 86' lang='lat' dir='ltr'><strong>generi</strong></span> <span class='ocrx_word' id='word_1_418' title='bbox 1603 2413 1761 2488; x_wconf 90' lang='lat' dir='ltr'><strong>humano</strong></span> <span class='ocrx_word' id='word_1_419' title='bbox 1778 2421 1896 2490; x_wconf 89' lang='lat' dir='ltr'><strong>literas</strong></span> <span class='ocrx_word' id='word_1_420' title='bbox 1909 2433 1943 2490; x_wconf 90' lang='lat' dir='ltr'><strong>et</strong></span> <span class='ocrx_word' id='word_1_421' title='bbox 1958 2443 2205 2504; x_wconf 90' lang='lat' dir='ltr'><strong>numerorum,</strong></span> 
     </span>
     <span class='ocr_line' id='line_1_69' title="bbox 1211 2519 2206 2610; baseline 0.002 -23"><span class='ocrx_word' id='word_1_422' title='bbox 1211 2521 1403 2607; x_wconf 86' lang='lat' dir='ltr'><strong>figurarum</strong></span> <span class='ocrx_word' id='word_1_423' title='bbox 1426 2519 1529 2603; x_wconf 88' lang='lat' dir='ltr'><strong>anni,</strong></span> <span class='ocrx_word' id='word_1_424' title='bbox 1552 2521 1808 2607; x_wconf 91' lang='lat' dir='ltr'><strong>remediorum,</strong></span> <span class='ocrx_word' id='word_1_425' title='bbox 1835 2523 1953 2610; x_wconf 90' lang='lat' dir='ltr'><strong>legum</strong></span> <span class='ocrx_word' id='word_1_426' title='bbox 1976 2522 2021 2591; x_wconf 93' lang='lat' dir='ltr'><strong>de</strong></span> <span class='ocrx_word' id='word_1_427' title='bbox 2041 2521 2206 2610; x_wconf 91' lang='lat' dir='ltr'><strong>regendis</strong></span> 
     </span>
     <span class='ocr_line' id='line_1_70' title="bbox 1212 2618 2207 2708; baseline 0 -18"><span class='ocrx_word' id='word_1_428' title='bbox 1212 2620 1377 2690; x_wconf 88' lang='lat' dir='ltr'><strong>civilibus</strong></span> <span class='ocrx_word' id='word_1_429' title='bbox 1392 2620 1553 2690; x_wconf 88' lang='lat' dir='ltr'><strong>moribus</strong></span> <span class='ocrx_word' id='word_1_430' title='bbox 1568 2623 1785 2708; x_wconf 90' lang='lat' dir='ltr'><strong>doctrinam,</strong></span> <span class='ocrx_word' id='word_1_431' title='bbox 1814 2637 1848 2694; x_wconf 91' lang='lat' dir='ltr'><strong>et</strong></span> <span class='ocrx_word' id='word_1_432' title='bbox 1868 2618 2052 2706; x_wconf 88' lang='lat' dir='ltr'><strong>historias,</strong></span> <span class='ocrx_word' id='word_1_433' title='bbox 2078 2636 2114 2692; x_wconf 90' lang='lat' dir='ltr'><strong>et</strong></span> <span class='ocrx_word' id='word_1_434' title='bbox 2133 2646 2207 2691; x_wconf 93' lang='lat' dir='ltr'><strong>ser-</strong></span> 
     </span>
     <span class='ocr_line' id='line_1_71' title="bbox 1213 2716 2208 2814; baseline 0 -22"><span class='ocrx_word' id='word_1_435' title='bbox 1213 2735 1272 2792; x_wconf 87' lang='lat' dir='ltr'><strong>vat</strong></span> <span class='ocrx_word' id='word_1_436' title='bbox 1292 2716 1376 2789; x_wconf 85' lang='lat' dir='ltr'><strong>haec</strong></span> <span class='ocrx_word' id='word_1_437' title='bbox 1392 2723 1485 2790; x_wconf 89' lang='lat' dir='ltr'><strong>dona</strong></span> <span class='ocrx_word' id='word_1_438' title='bbox 1510 2723 1615 2792; x_wconf 91' lang='lat' dir='ltr'><strong>nobis</strong></span> <span class='ocrx_word' id='word_1_439' title='bbox 1634 2748 1708 2794; x_wconf 91' lang='lat' dir='ltr'><strong>nou</strong></span> <span class='ocrx_word' id='word_1_440' title='bbox 1732 2726 1867 2810; x_wconf 91' lang='lat' dir='ltr'><strong>solum,</strong></span> <span class='ocrx_word' id='word_1_441' title='bbox 1888 2739 1928 2795; x_wconf 91' lang='lat' dir='ltr'><strong>ut</strong></span> <span class='ocrx_word' id='word_1_442' title='bbox 1943 2724 2015 2793; x_wconf 89' lang='lat' dir='ltr'><strong>siut</strong></span> <span class='ocrx_word' id='word_1_443' title='bbox 2030 2723 2208 2814; x_wconf 90' lang='lat' dir='ltr'><strong>praesidia</strong></span> 
     </span>
     <span class='ocr_line' id='line_1_72' title="bbox 1212 2820 2206 2917; baseline 0 -23"><span class='ocrx_word' id='word_1_444' title='bbox 1212 2820 1320 2894; x_wconf 90' lang='lat' dir='ltr'><strong>huius</strong></span> <span class='ocrx_word' id='word_1_445' title='bbox 1353 2822 1446 2891; x_wconf 89' lang='lat' dir='ltr'><strong>vitae</strong></span> <span class='ocrx_word' id='word_1_446' title='bbox 1480 2826 1681 2895; x_wconf 88' lang='lat' dir='ltr'><strong>communia</strong></span> <span class='ocrx_word' id='word_1_447' title='bbox 1722 2826 1889 2896; x_wconf 93' lang='lat' dir='ltr'><strong>omnibus</strong></span> <span class='ocrx_word' id='word_1_448' title='bbox 1923 2825 2106 2917; x_wconf 90' lang='lat' dir='ltr'><strong>gentibus,</strong></span> <span class='ocrx_word' id='word_1_449' title='bbox 2146 2828 2206 2894; x_wconf 90' lang='lat' dir='ltr'><strong>sed</strong></span> 
     </span>
     <span class='ocr_line' id='line_1_73' title="bbox 1211 2916 2206 3019; baseline 0.001 -25"><span class='ocrx_word' id='word_1_450' title='bbox 1211 2926 1326 2994; x_wconf 92' lang='lat' dir='ltr'><strong>multo</strong></span> <span class='ocrx_word' id='word_1_451' title='bbox 1342 2925 1453 3014; x_wconf 91' lang='lat' dir='ltr'><strong>magis</strong></span> <span class='ocrx_word' id='word_1_452' title='bbox 1467 2948 1508 2993; x_wconf 91' lang='lat' dir='ltr'><strong>eo</strong></span> <span class='ocrx_word' id='word_1_453' title='bbox 1518 2916 1537 3010; x_wconf 54' lang='lat'><strong>,</strong></span> <span class='ocrx_word' id='word_1_454' title='bbox 1551 2927 1634 3019; x_wconf 89' lang='lat' dir='ltr'><strong>quia</strong></span> <span class='ocrx_word' id='word_1_455' title='bbox 1651 2952 1730 2997; x_wconf 90' lang='lat' dir='ltr'><strong>cum</strong></span> <span class='ocrx_word' id='word_1_456' title='bbox 1746 2927 1843 2998; x_wconf 87' lang='lat' dir='ltr'><strong>Deus</strong></span> <span class='ocrx_word' id='word_1_457' title='bbox 1857 2929 2030 2997; x_wconf 90' lang='lat' dir='ltr'><strong>immensa</strong></span> <span class='ocrx_word' id='word_1_458' title='bbox 2047 2927 2206 2997; x_wconf 87' lang='lat' dir='ltr'><strong>bonitate</strong></span> 
     </span>
     <span class='ocr_line' id='line_1_74' title="bbox 1213 3026 2206 3122; baseline 0.002 -26"><span class='ocrx_word' id='word_1_459' title='bbox 1213 3052 1254 3096; x_wconf 82' lang='lat' dir='ltr'><strong>ex</strong></span> <span class='ocrx_word' id='word_1_460' title='bbox 1269 3026 1329 3095; x_wconf 92' lang='lat' dir='ltr'><strong>illa</strong></span> <span class='ocrx_word' id='word_1_461' title='bbox 1346 3049 1407 3096; x_wconf 87' lang='lat' dir='ltr'><strong>sua</strong></span> <span class='ocrx_word' id='word_1_462' title='bbox 1424 3041 1564 3097; x_wconf 90' lang='lat' dir='ltr'><strong>aeterna</strong></span> <span class='ocrx_word' id='word_1_463' title='bbox 1579 3042 1613 3098; x_wconf 90' lang='lat' dir='ltr'><strong>et</strong></span> <span class='ocrx_word' id='word_1_464' title='bbox 1630 3052 1756 3099; x_wconf 86' lang='lat' dir='ltr'><strong>arcana</strong></span> <span class='ocrx_word' id='word_1_465' title='bbox 1772 3032 1854 3099; x_wconf 87' lang='lat' dir='ltr'><strong>sede</strong></span> <span class='ocrx_word' id='word_1_466' title='bbox 1870 3029 2038 3122; x_wconf 90' lang='lat' dir='ltr'><strong>prodiens</strong></span> <span class='ocrx_word' id='word_1_467' title='bbox 2055 3052 2093 3098; x_wconf 89' lang='lat' dir='ltr'><strong>se</strong></span> <span class='ocrx_word' id='word_1_468' title='bbox 2108 3043 2206 3119; x_wconf 89' lang='lat' dir='ltr'><strong>pate-</strong></span> 
     </span>
     <span class='ocr_line' id='line_1_75' title="bbox 1212 3127 2206 3221; baseline 0 -23"><span class='ocrx_word' id='word_1_469' title='bbox 1212 3127 1353 3211; x_wconf 79' lang='lat' dir='ltr'><strong>fecerit,</strong></span> <span class='ocrx_word' id='word_1_470' title='bbox 1380 3128 1484 3198; x_wconf 90' lang='lat' dir='ltr'><strong>editis</strong></span> <span class='ocrx_word' id='word_1_471' title='bbox 1506 3131 1801 3221; x_wconf 89' lang='lat' dir='ltr'><strong>promissionibus</strong></span> <span class='ocrx_word' id='word_1_472' title='bbox 1822 3145 1855 3202; x_wconf 93' lang='lat' dir='ltr'><strong>et</strong></span> <span class='ocrx_word' id='word_1_473' title='bbox 1880 3131 2083 3201; x_wconf 90' lang='lat' dir='ltr'><strong>illustribus</strong></span> <span class='ocrx_word' id='word_1_474' title='bbox 2107 3130 2206 3200; x_wconf 89' lang='lat' dir='ltr'><strong>testi-</strong></span> 
     </span>
     <span class='ocr_line' id='line_1_76' title="bbox 1213 3226 2207 3311; baseline 0.002 -12"><span class='ocrx_word' id='word_1_475' title='bbox 1213 3230 1344 3299; x_wconf 90' lang='lat' dir='ltr'><strong>moniis</strong></span> <span class='ocrx_word' id='word_1_476' title='bbox 1366 3232 1410 3299; x_wconf 97' lang='lat' dir='ltr'><strong>de</strong></span> <span class='ocrx_word' id='word_1_477' title='bbox 1430 3226 1504 3299; x_wconf 79' lang='lat' dir='ltr'><strong>lilio</strong></span> <span class='ocrx_word' id='word_1_478' title='bbox 1533 3255 1598 3301; x_wconf 87' lang='lat' dir='ltr'><strong>suo</strong></span> <span class='ocrx_word' id='word_1_479' title='bbox 1620 3232 1777 3302; x_wconf 91' lang='lat' dir='ltr'><strong>Domino</strong></span> <span class='ocrx_word' id='word_1_480' title='bbox 1801 3245 1923 3303; x_wconf 92' lang='lat' dir='ltr'><strong>nostro</strong></span> <span class='ocrx_word' id='word_1_481' title='bbox 1946 3229 2028 3302; x_wconf 90' lang='lat' dir='ltr'><strong>lesu</strong></span> <span class='ocrx_word' id='word_1_482' title='bbox 2050 3226 2207 3311; x_wconf 84' lang='lat' dir='ltr'><strong>Christo,</strong></span> 
     </span>
     <span class='ocr_line' id='line_1_77' title="bbox 1214 3327 2206 3423; baseline 0.001 -23"><span class='ocrx_word' id='word_1_483' title='bbox 1214 3333 1327 3402; x_wconf 91' lang='lat' dir='ltr'><strong>voluit</strong></span> <span class='ocrx_word' id='word_1_484' title='bbox 1344 3327 1434 3401; x_wconf 88' lang='lat' dir='ltr'><strong>hanc</strong></span> <span class='ocrx_word' id='word_1_485' title='bbox 1450 3356 1550 3401; x_wconf 92' lang='lat' dir='ltr'><strong>suam</strong></span> <span class='ocrx_word' id='word_1_486' title='bbox 1565 3332 1853 3423; x_wconf 82' lang='lat' dir='ltr'><strong>patefactionem,</strong></span> <span class='ocrx_word' id='word_1_487' title='bbox 1879 3335 1974 3404; x_wconf 87' lang='lat' dir='ltr'><strong>dicta</strong></span> <span class='ocrx_word' id='word_1_488' title='bbox 1997 3349 2031 3404; x_wconf 89' lang='lat' dir='ltr'><strong>et</strong></span> <span class='ocrx_word' id='word_1_489' title='bbox 2047 3334 2206 3404; x_wconf 88' lang='lat' dir='ltr'><strong>testimo-</strong></span> 
     </span>
     <span class='ocr_line' id='line_1_78' title="bbox 1213 3432 2204 3527; baseline 0.001 -25"><span class='ocrx_word' id='word_1_490' title='bbox 1213 3435 1272 3503; x_wconf 86' lang='lat' dir='ltr'><strong>nia</strong></span> <span class='ocrx_word' id='word_1_491' title='bbox 1287 3435 1450 3504; x_wconf 88' lang='lat' dir='ltr'><strong>mandari</strong></span> <span class='ocrx_word' id='word_1_492' title='bbox 1466 3434 1578 3504; x_wconf 88' lang='lat' dir='ltr'><strong>literis</strong></span> <span class='ocrx_word' id='word_1_493' title='bbox 1593 3459 1656 3527; x_wconf 91' lang='lat' dir='ltr'><strong>per</strong></span> <span class='ocrx_word' id='word_1_494' title='bbox 1669 3433 1803 3521; x_wconf 88' lang='lat' dir='ltr'><strong>Patres,</strong></span> <span class='ocrx_word' id='word_1_495' title='bbox 1824 3432 2032 3527; x_wconf 90' lang='lat' dir='ltr'><strong>Prophetas,</strong></span> <span class='ocrx_word' id='word_1_496' title='bbox 2052 3448 2087 3504; x_wconf 88' lang='lat' dir='ltr'><strong>et</strong></span> <span class='ocrx_word' id='word_1_497' title='bbox 2102 3433 2204 3525; x_wconf 81' lang='lat' dir='ltr'><strong>Apo-</strong></span> 
     </span>
     <span class='ocr_line' id='line_1_79' title="bbox 1213 3531 2205 3621; baseline 0.001 -18"><span class='ocrx_word' id='word_1_498' title='bbox 1213 3536 1342 3621; x_wconf 90' lang='lat' dir='ltr'><strong>stolos,</strong></span> <span class='ocrx_word' id='word_1_499' title='bbox 1375 3550 1408 3606; x_wconf 90' lang='lat' dir='ltr'><strong>et</strong></span> <span class='ocrx_word' id='word_1_500' title='bbox 1431 3531 1497 3605; x_wconf 91' lang='lat' dir='ltr'><strong>hac</strong></span> <span class='ocrx_word' id='word_1_501' title='bbox 1520 3539 1680 3608; x_wconf 85' lang='lat' dir='ltr'><strong>doctriua</strong></span> <span class='ocrx_word' id='word_1_502' title='bbox 1712 3539 1780 3609; x_wconf 90' lang='lat' dir='ltr'><strong>sibi</strong></span> <span class='ocrx_word' id='word_1_503' title='bbox 1805 3535 1999 3608; x_wconf 88' lang='lat' dir='ltr'><strong>Ecclesiam</strong></span> <span class='ocrx_word' id='word_1_504' title='bbox 2026 3550 2205 3606; x_wconf 84' lang='lat' dir='ltr'><strong>aeternam</strong></span> 
     </span>
     <span class='ocr_line' id='line_1_80' title="bbox 1213 3636 2203 3734; baseline 0.003 -27"><span class='ocrx_word' id='word_1_505' title='bbox 1213 3636 1341 3727; x_wconf 90' lang='lat' dir='ltr'><strong>colligi.</strong></span> <span class='ocrx_word' id='word_1_506' title='bbox 1395 3637 1495 3709; x_wconf 84' lang='lat' dir='ltr'><strong>Sicut</strong></span> <span class='ocrx_word' id='word_1_507' title='bbox 1515 3637 1644 3711; x_wconf 87' lang='lat' dir='ltr'><strong>Paulus</strong></span> <span class='ocrx_word' id='word_1_508' title='bbox 1660 3641 1795 3734; x_wconf 89' lang='lat' dir='ltr'><strong>inquit:</strong></span> <span class='ocrx_word' id='word_1_509' title='bbox 1821 3638 2058 3732; x_wconf 88' lang='lat' dir='ltr'><strong>Evangelium</strong></span> <span class='ocrx_word' id='word_1_510' title='bbox 2075 3653 2126 3710; x_wconf 89' lang='lat' dir='ltr'><strong>est</strong></span> <span class='ocrx_word' id='word_1_511' title='bbox 2141 3663 2203 3730; x_wconf 89' lang='lat' dir='ltr'><strong>pu-</strong></span> 
     </span>
     <span class='ocr_line' id='line_1_81' title="bbox 1214 3738 2202 3813; baseline 0.001 -4"><span class='ocrx_word' id='word_1_512' title='bbox 1214 3740 1322 3809; x_wconf 89' lang='lat' dir='ltr'><strong>tentia</strong></span> <span class='ocrx_word' id='word_1_513' title='bbox 1338 3738 1402 3810; x_wconf 89' lang='lat' dir='ltr'><strong>Dei</strong></span> <span class='ocrx_word' id='word_1_514' title='bbox 1423 3741 1466 3808; x_wconf 93' lang='lat' dir='ltr'><strong>ad</strong></span> <span class='ocrx_word' id='word_1_515' title='bbox 1484 3740 1631 3811; x_wconf 90' lang='lat' dir='ltr'><strong>salutem</strong></span> <span class='ocrx_word' id='word_1_516' title='bbox 1649 3744 1747 3811; x_wconf 88' lang='lat' dir='ltr'><strong>omni</strong></span> <span class='ocrx_word' id='word_1_517' title='bbox 1764 3744 1932 3813; x_wconf 89' lang='lat' dir='ltr'><strong>credenti.</strong></span> <span class='ocrx_word' id='word_1_518' title='bbox 1977 3740 2052 3811; x_wconf 88' lang='lat' dir='ltr'><strong>Nec</strong></span> <span class='ocrx_word' id='word_1_519' title='bbox 2069 3741 2202 3810; x_wconf 86' lang='lat' dir='ltr'><strong>aliaest</strong></span> 
     </span>
     <span class='ocr_line' id='line_1_82' title="bbox 1211 3840 2203 3928; baseline 0.002 -19"><span class='ocrx_word' id='word_1_520' title='bbox 1211 3840 1372 3910; x_wconf 89' lang='lat' dir='ltr'><strong>doctrina</strong></span> <span class='ocrx_word' id='word_1_521' title='bbox 1396 3864 1479 3910; x_wconf 90' lang='lat' dir='ltr'><strong>vera</strong></span> <span class='ocrx_word' id='word_1_522' title='bbox 1500 3844 1544 3911; x_wconf 93' lang='lat' dir='ltr'><strong>de</strong></span> <span class='ocrx_word' id='word_1_523' title='bbox 1572 3844 1795 3915; x_wconf 87' lang='lat' dir='ltr'><strong>invocatione</strong></span> <span class='ocrx_word' id='word_1_524' title='bbox 1817 3842 1903 3928; x_wconf 89' lang='lat' dir='ltr'><strong>Dei,</strong></span> <span class='ocrx_word' id='word_1_525' title='bbox 1929 3847 1973 3914; x_wconf 89' lang='lat' dir='ltr'><strong>de</strong></span> <span class='ocrx_word' id='word_1_526' title='bbox 1995 3843 2203 3914; x_wconf 89' lang='lat' dir='ltr'><strong>reconcilia-</strong></span> 
     </span>
     <span class='ocr_line' id='line_1_83' title="bbox 1212 3939 2205 4039; baseline 0 -27"><span class='ocrx_word' id='word_1_527' title='bbox 1212 3944 1310 4013; x_wconf 92' lang='lat' dir='ltr'><strong>tione</strong></span> <span class='ocrx_word' id='word_1_528' title='bbox 1334 3939 1520 4012; x_wconf 93' lang='lat' dir='ltr'><strong>hominum</strong></span> <span class='ocrx_word' id='word_1_529' title='bbox 1544 3966 1624 4014; x_wconf 88' lang='lat' dir='ltr'><strong>cum</strong></span> <span class='ocrx_word' id='word_1_530' title='bbox 1648 3944 1742 4027; x_wconf 87' lang='lat' dir='ltr'><strong>Deo,</strong></span> <span class='ocrx_word' id='word_1_531' title='bbox 1775 3949 1819 4016; x_wconf 92' lang='lat' dir='ltr'><strong>de</strong></span> <span class='ocrx_word' id='word_1_532' title='bbox 1843 3946 1913 4017; x_wconf 88' lang='lat' dir='ltr'><strong>vita</strong></span> <span class='ocrx_word' id='word_1_533' title='bbox 1937 3962 2100 4039; x_wconf 83' lang='lat' dir='ltr'><strong>aeterna,</strong></span> <span class='ocrx_word' id='word_1_534' title='bbox 2134 3944 2205 4013; x_wconf 91' lang='lat' dir='ltr'><strong>nisi</strong></span> 
     </span>
     <span class='ocr_line' id='line_1_84' title="bbox 1213 4041 2203 4139; baseline 0 -24"><span class='ocrx_word' id='word_1_535' title='bbox 1213 4043 1299 4115; x_wconf 90' lang='lat' dir='ltr'><strong>haec</strong></span> <span class='ocrx_word' id='word_1_536' title='bbox 1324 4045 1398 4136; x_wconf 90' lang='lat' dir='ltr'><strong>ipsa</strong></span> <span class='ocrx_word' id='word_1_537' title='bbox 1432 4046 1560 4117; x_wconf 88' lang='lat' dir='ltr'><strong>tradita</strong></span> <span class='ocrx_word' id='word_1_538' title='bbox 1592 4071 1610 4116; x_wconf 89' lang='lat' dir='ltr'><strong>a</strong></span> <span class='ocrx_word' id='word_1_539' title='bbox 1635 4046 1710 4118; x_wconf 87' lang='lat' dir='ltr'><strong>Deo</strong></span> <span class='ocrx_word' id='word_1_540' title='bbox 1736 4073 1799 4139; x_wconf 89' lang='lat' dir='ltr'><strong>per</strong></span> <span class='ocrx_word' id='word_1_541' title='bbox 1823 4047 1962 4128; x_wconf 89' lang='lat' dir='ltr'><strong>Patres,</strong></span> <span class='ocrx_word' id='word_1_542' title='bbox 1999 4041 2203 4138; x_wconf 85' lang='lat' dir='ltr'><strong>Prophetas,</strong></span> 
     </span>
     <span class='ocr_line' id='line_1_85' title="bbox 1211 4143 2198 4240; baseline -0.002 -22"><span class='ocrx_word' id='word_1_543' title='bbox 1211 4143 1392 4218; x_wconf 89' lang='lat' dir='ltr'><strong>Christum</strong></span> <span class='ocrx_word' id='word_1_544' title='bbox 1410 4162 1443 4218; x_wconf 91' lang='lat' dir='ltr'><strong>et</strong></span> <span class='ocrx_word' id='word_1_545' title='bbox 1460 4144 1661 4237; x_wconf 82' lang='lat' dir='ltr'><strong>Apostolos.</strong></span> <span class='ocrx_word' id='word_1_546' title='bbox 1713 4149 1838 4221; x_wconf 84' lang='lat' dir='ltr'><strong>Servat</strong></span> <span class='ocrx_word' id='word_1_547' title='bbox 1860 4151 1969 4240; x_wconf 89' lang='lat' dir='ltr'><strong>igitur</strong></span> <span class='ocrx_word' id='word_1_548' title='bbox 1983 4148 2080 4220; x_wconf 87' lang='lat' dir='ltr'><strong>Deus</strong></span> <span class='ocrx_word' id='word_1_549' title='bbox 2102 4143 2198 4216; x_wconf 91' lang='lat' dir='ltr'><strong>hunc</strong></span> 
     </span>
     <span class='ocr_line' id='line_1_86' title="bbox 1212 4243 2200 4343; baseline 0.002 -25"><span class='ocrx_word' id='word_1_550' title='bbox 1212 4251 1358 4333; x_wconf 88' lang='lat' dir='ltr'><strong>librum,</strong></span> <span class='ocrx_word' id='word_1_551' title='bbox 1380 4263 1414 4319; x_wconf 93' lang='lat' dir='ltr'><strong>et</strong></span> <span class='ocrx_word' id='word_1_552' title='bbox 1428 4243 1624 4320; x_wconf 87' lang='lat' dir='ltr'><strong>Ecclesiam</strong></span> <span class='ocrx_word' id='word_1_553' title='bbox 1642 4255 1822 4323; x_wconf 82' lang='lat' dir='ltr'><strong>custodem</strong></span> <span class='ocrx_word' id='word_1_554' title='bbox 1839 4252 1915 4322; x_wconf 90' lang='lat' dir='ltr'><strong>eius</strong></span> <span class='ocrx_word' id='word_1_555' title='bbox 1931 4275 2005 4322; x_wconf 90' lang='lat' dir='ltr'><strong>esse</strong></span> <span class='ocrx_word' id='word_1_556' title='bbox 2016 4248 2200 4343; x_wconf 85' lang='lat' dir='ltr'><strong>praecipit.</strong></span> 
     </span>
     <span class='ocr_line' id='line_1_87' title="bbox 1210 4350 2202 4446; baseline 0 -25"><span class='ocrx_word' id='word_1_557' title='bbox 1210 4350 1284 4421; x_wconf 91' lang='lat' dir='ltr'><strong>Nec</strong></span> <span class='ocrx_word' id='word_1_558' title='bbox 1303 4364 1441 4421; x_wconf 88' lang='lat' dir='ltr'><strong>tantum</strong></span> <span class='ocrx_word' id='word_1_559' title='bbox 1465 4355 1636 4444; x_wconf 90' lang='lat' dir='ltr'><strong>proponi,</strong></span> <span class='ocrx_word' id='word_1_560' title='bbox 1667 4355 1754 4446; x_wconf 90' lang='lat' dir='ltr'><strong>legi,</strong></span> <span class='ocrx_word' id='word_1_561' title='bbox 1787 4370 1821 4425; x_wconf 91' lang='lat' dir='ltr'><strong>et</strong></span> <span class='ocrx_word' id='word_1_562' title='bbox 1843 4355 1961 4425; x_wconf 89' lang='lat' dir='ltr'><strong>audiri</strong></span> <span class='ocrx_word' id='word_1_563' title='bbox 1985 4350 2091 4424; x_wconf 87' lang='lat' dir='ltr'><strong>huius</strong></span> <span class='ocrx_word' id='word_1_564' title='bbox 2112 4351 2202 4421; x_wconf 91' lang='lat' dir='ltr'><strong>libri</strong></span> 
     </span>
     <span class='ocr_line' id='line_1_88' title="bbox 1211 4450 2202 4549; baseline -0.001 -27"><span class='ocrx_word' id='word_1_565' title='bbox 1211 4454 1409 4523; x_wconf 89' lang='lat' dir='ltr'><strong>doctrinam</strong></span> <span class='ocrx_word' id='word_1_566' title='bbox 1432 4457 1594 4536; x_wconf 88' lang='lat' dir='ltr'><strong>mandat,</strong></span> <span class='ocrx_word' id='word_1_567' title='bbox 1621 4459 1681 4526; x_wconf 89' lang='lat' dir='ltr'><strong>sed</strong></span> <span class='ocrx_word' id='word_1_568' title='bbox 1700 4459 1776 4528; x_wconf 88' lang='lat' dir='ltr'><strong>vult</strong></span> <span class='ocrx_word' id='word_1_569' title='bbox 1792 4450 2006 4537; x_wconf 88' lang='lat' dir='ltr'><strong>Ecclesiam,</strong></span> <span class='ocrx_word' id='word_1_570' title='bbox 2032 4470 2202 4549; x_wconf 87' lang='lat' dir='ltr'><strong>tanquam</strong></span> 
     </span>
     <span class='ocr_line' id='line_1_89' title="bbox 1210 4554 2202 4643; baseline 0.002 -19"><span class='ocrx_word' id='word_1_571' title='bbox 1210 4557 1344 4625; x_wconf 85' lang='lat' dir='ltr'><strong>foetum</strong></span> <span class='ocrx_word' id='word_1_572' title='bbox 1367 4556 1406 4624; x_wconf 90' lang='lat' dir='ltr'><strong>in</strong></span> <span class='ocrx_word' id='word_1_573' title='bbox 1422 4557 1502 4625; x_wconf 92' lang='lat' dir='ltr'><strong>alvo</strong></span> <span class='ocrx_word' id='word_1_574' title='bbox 1525 4572 1702 4643; x_wconf 87' lang='lat' dir='ltr'><strong>materno,</strong></span> <span class='ocrx_word' id='word_1_575' title='bbox 1726 4554 1811 4628; x_wconf 92' lang='lat' dir='ltr'><strong>huic</strong></span> <span class='ocrx_word' id='word_1_576' title='bbox 1827 4560 1998 4629; x_wconf 87' lang='lat' dir='ltr'><strong>inclusam</strong></span> <span class='ocrx_word' id='word_1_577' title='bbox 2017 4556 2202 4629; x_wconf 87' lang='lat' dir='ltr'><strong>doctrinae</strong></span> 
     </span>
     <span class='ocr_line' id='line_1_90' title="bbox 1211 4658 2201 4752; baseline 0.001 -27"><span class='ocrx_word' id='word_1_578' title='bbox 1211 4658 1255 4726; x_wconf 91' lang='lat' dir='ltr'><strong>ab</strong></span> <span class='ocrx_word' id='word_1_579' title='bbox 1271 4682 1310 4726; x_wconf 92' lang='lat' dir='ltr'><strong>ea</strong></span> <span class='ocrx_word' id='word_1_580' title='bbox 1326 4658 1393 4740; x_wconf 93' lang='lat' dir='ltr'><strong>ali,</strong></span> <span class='ocrx_word' id='word_1_581' title='bbox 1418 4659 1462 4726; x_wconf 92' lang='lat' dir='ltr'><strong>ad</strong></span> <span class='ocrx_word' id='word_1_582' title='bbox 1479 4659 1586 4727; x_wconf 85' lang='lat' dir='ltr'><strong>vitam</strong></span> <span class='ocrx_word' id='word_1_583' title='bbox 1601 4675 1798 4746; x_wconf 86' lang='lat' dir='ltr'><strong>aeternam,</strong></span> <span class='ocrx_word' id='word_1_584' title='bbox 1823 4686 1887 4731; x_wconf 93' lang='lat' dir='ltr'><strong>nec</strong></span> <span class='ocrx_word' id='word_1_585' title='bbox 1907 4661 1994 4730; x_wconf 90' lang='lat' dir='ltr'><strong>alias</strong></span> <span class='ocrx_word' id='word_1_586' title='bbox 2010 4661 2201 4752; x_wconf 82' lang='lat' dir='ltr'><strong>opiniones</strong></span> 
     </span>
     <span class='ocr_line' id='line_1_91' title="bbox 1211 4759 2201 4844; baseline 0.002 -16"><span class='ocrx_word' id='word_1_587' title='bbox 1211 4761 1254 4828; x_wconf 91' lang='lat' dir='ltr'><strong>de</strong></span> <span class='ocrx_word' id='word_1_588' title='bbox 1271 4759 1418 4828; x_wconf 89' lang='lat' dir='ltr'><strong>essentia</strong></span> <span class='ocrx_word' id='word_1_589' title='bbox 1436 4772 1470 4828; x_wconf 89' lang='lat' dir='ltr'><strong>et</strong></span> <span class='ocrx_word' id='word_1_590' title='bbox 1483 4761 1664 4833; x_wconf 88' lang='lat' dir='ltr'><strong>voluntate</strong></span> <span class='ocrx_word' id='word_1_591' title='bbox 1682 4761 1776 4843; x_wconf 80' lang='lat' dir='ltr'><strong>Dei,</strong></span> <span class='ocrx_word' id='word_1_592' title='bbox 1803 4766 1847 4833; x_wconf 90' lang='lat' dir='ltr'><strong>de</strong></span> <span class='ocrx_word' id='word_1_593' title='bbox 1864 4788 1945 4833; x_wconf 91' lang='lat' dir='ltr'><strong>vera</strong></span> <span class='ocrx_word' id='word_1_594' title='bbox 1962 4762 2201 4844; x_wconf 88' lang='lat' dir='ltr'><strong>invocatione,</strong></span> 
     </span>
     <span class='ocr_line' id='line_1_92' title="bbox 1210 4860 2202 4960; baseline 0.001 -29"><span class='ocrx_word' id='word_1_595' title='bbox 1210 4863 1302 4931; x_wconf 88' lang='lat' dir='ltr'><strong>etde</strong></span> <span class='ocrx_word' id='word_1_596' title='bbox 1318 4862 1605 4934; x_wconf 87' lang='lat' dir='ltr'><strong>reconciliatione</strong></span> <span class='ocrx_word' id='word_1_597' title='bbox 1623 4867 1819 4941; x_wconf 87' lang='lat' dir='ltr'><strong>admittere.</strong></span> <span class='ocrx_word' id='word_1_598' title='bbox 1869 4866 1969 4938; x_wconf 87' lang='lat' dir='ltr'><strong>Sicut</strong></span> <span class='ocrx_word' id='word_1_599' title='bbox 1992 4864 2112 4960; x_wconf 89' lang='lat' dir='ltr'><strong>inquit</strong></span> <span class='ocrx_word' id='word_1_600' title='bbox 2126 4860 2202 4932; x_wconf 86' lang='lat' dir='ltr'><strong>Da</strong></span> 
     </span>
     <span class='ocr_line' id='line_1_93' title="bbox 1211 4963 2201 5057; baseline 0.005 -28"><span class='ocrx_word' id='word_1_601' title='bbox 1211 4964 1269 5032; x_wconf 90' lang='lat' dir='ltr'><strong>vid</strong></span> <span class='ocrx_word' id='word_1_602' title='bbox 1279 4970 1290 5032; x_wconf 74' lang='grc' dir='ltr'><strong></strong></span> <span class='ocrx_word' id='word_1_603' title='bbox 1315 4963 1474 5034; x_wconf 86' lang='lat' dir='ltr'><strong>Lucerna</strong></span> <span class='ocrx_word' id='word_1_604' title='bbox 1497 4967 1648 5057; x_wconf 90' lang='lat' dir='ltr'><strong>pedibus</strong></span> <span class='ocrx_word' id='word_1_605' title='bbox 1670 4969 1757 5038; x_wconf 90' lang='lat' dir='ltr'><strong>meis</strong></span> <span class='ocrx_word' id='word_1_606' title='bbox 1776 4971 1924 5040; x_wconf 87' lang='lat' dir='ltr'><strong>verbum</strong></span> <span class='ocrx_word' id='word_1_607' title='bbox 1941 4983 2056 5041; x_wconf 90' lang='lat' dir='ltr'><strong>tuum.</strong></span> <span class='ocrx_word' id='word_1_608' title='bbox 2108 4963 2201 5037; x_wconf 89' lang='lat' dir='ltr'><strong>Cum</strong></span> 
     </span>
     <span class='ocr_line' id='line_1_94' title="bbox 1210 5064 2202 5154; baseline 0.004 -21"><span class='ocrx_word' id='word_1_609' title='bbox 1210 5067 1318 5154; x_wconf 86' lang='lat' dir='ltr'><strong>igitur</strong></span> <span class='ocrx_word' id='word_1_610' title='bbox 1337 5090 1476 5137; x_wconf 90' lang='lat' dir='ltr'><strong>necesse</strong></span> <span class='ocrx_word' id='word_1_611' title='bbox 1499 5069 1544 5138; x_wconf 88' lang='lat' dir='ltr'><strong>sit</strong></span> <span class='ocrx_word' id='word_1_612' title='bbox 1568 5064 1663 5140; x_wconf 92' lang='lat' dir='ltr'><strong>hunc</strong></span> <span class='ocrx_word' id='word_1_613' title='bbox 1685 5072 1818 5141; x_wconf 81' lang='lat' dir='ltr'><strong>librum</strong></span> <span class='ocrx_word' id='word_1_614' title='bbox 1840 5071 1951 5142; x_wconf 85' lang='lat' dir='ltr'><strong>aDeo</strong></span> <span class='ocrx_word' id='word_1_615' title='bbox 1978 5069 2083 5140; x_wconf 90' lang='lat' dir='ltr'><strong>nohis</strong></span> <span class='ocrx_word' id='word_1_616' title='bbox 2101 5092 2202 5138; x_wconf 90' lang='lat' dir='ltr'><strong>com-</strong></span> 
     </span>
     <span class='ocr_line' id='line_1_95' title="bbox 1209 5171 2202 5268; baseline 0.003 -32"><span class='ocrx_word' id='word_1_617' title='bbox 1209 5171 1413 5240; x_wconf 91' lang='lat' dir='ltr'><strong>mendatum</strong></span> <span class='ocrx_word' id='word_1_618' title='bbox 1434 5193 1660 5261; x_wconf 89' lang='lat' dir='ltr'><strong>cognoscere,</strong></span> <span class='ocrx_word' id='word_1_619' title='bbox 1694 5197 1810 5268; x_wconf 90' lang='lat' dir='ltr'><strong>neque</strong></span> <span class='ocrx_word' id='word_1_620' title='bbox 1829 5174 1865 5243; x_wconf 95' lang='lat' dir='ltr'><strong>id</strong></span> <span class='ocrx_word' id='word_1_621' title='bbox 1890 5173 1968 5243; x_wconf 91' lang='lat' dir='ltr'><strong>sine</strong></span> <span class='ocrx_word' id='word_1_622' title='bbox 1995 5171 2202 5264; x_wconf 88' lang='lat' dir='ltr'><strong>cognitione</strong></span> 
     </span>
     <span class='ocr_line' id='line_1_96' title="bbox 1209 5271 2201 5362; baseline 0.003 -23"><span class='ocrx_word' id='word_1_623' title='bbox 1209 5271 1409 5356; x_wconf 87' lang='lat' dir='ltr'><strong>literarum,</strong></span> <span class='ocrx_word' id='word_1_624' title='bbox 1443 5272 1665 5362; x_wconf 88' lang='lat' dir='ltr'><strong>linguarum,</strong></span> <span class='ocrx_word' id='word_1_625' title='bbox 1698 5289 1732 5347; x_wconf 91' lang='lat' dir='ltr'><strong>et</strong></span> <span class='ocrx_word' id='word_1_626' title='bbox 1756 5277 1948 5346; x_wconf 88' lang='lat' dir='ltr'><strong>multarum</strong></span> <span class='ocrx_word' id='word_1_627' title='bbox 1970 5275 2102 5345; x_wconf 90' lang='lat' dir='ltr'><strong>artium</strong></span> <span class='ocrx_word' id='word_1_628' title='bbox 2124 5273 2201 5343; x_wconf 85' lang='lat' dir='ltr'><strong>lieri</strong></span> 
     </span>
    </p>
   </div>
   <div class='ocr_carea' id='block_1_13' title="bbox 165 5360 2200 5470">
    <p class='ocr_par' dir='ltr' id='par_1_13' title="bbox 165 5360 2200 5470">
     <span class='ocr_line' id='line_1_97' title="bbox 165 5360 2200 5470; baseline 0.004 -35"><span class='ocrx_word' id='word_1_629' title='bbox 165 5365 252 5437; x_wconf 89' lang='lat' dir='ltr'><strong>stitu</strong></span> <span class='ocrx_word' id='word_1_630' title='bbox 267 5360 416 5436; x_wconf 88' lang='lat' dir='ltr'><strong>honesto</strong></span> <span class='ocrx_word' id='word_1_631' title='bbox 432 5379 466 5438; x_wconf 90' lang='lat' dir='ltr'><strong>et</strong></span> <span class='ocrx_word' id='word_1_632' title='bbox 482 5365 574 5435; x_wconf 83' lang='lat' dir='ltr'><strong>inira</strong></span> <span class='ocrx_word' id='word_1_633' title='bbox 596 5389 708 5457; x_wconf 89' lang='lat' dir='ltr'><strong>genua</strong></span> <span class='ocrx_word' id='word_1_634' title='bbox 723 5367 874 5437; x_wconf 90' lang='lat' dir='ltr'><strong>demisso</strong></span> <span class='ocrx_word' id='word_1_635' title='bbox 897 5382 1060 5454; x_wconf 89' lang='lat' dir='ltr'><strong>utantur,</strong></span> <span class='ocrx_word' id='word_1_636' title='bbox 1085 5372 1157 5444; x_wconf 90' lang='lat' dir='ltr'><strong>sint</strong></span> <span class='ocrx_word' id='word_1_637' title='bbox 1183 5421 1185 5426; x_wconf 90' lang='lat'><em>-</em></span> <span class='ocrx_word' id='word_1_638' title='bbox 1208 5375 1337 5465; x_wconf 89' lang='lat' dir='ltr'><strong>possit,</strong></span> <span class='ocrx_word' id='word_1_639' title='bbox 1371 5375 1596 5445; x_wconf 81' lang='lat' dir='ltr'><strong>manifestum</strong></span> <span class='ocrx_word' id='word_1_640' title='bbox 1623 5392 1690 5463; x_wconf 90' lang='lat' dir='ltr'><strong>est,</strong></span> <span class='ocrx_word' id='word_1_641' title='bbox 1720 5379 1759 5446; x_wconf 94' lang='lat' dir='ltr'><strong>in</strong></span> <span class='ocrx_word' id='word_1_642' title='bbox 1782 5379 1907 5470; x_wconf 85' lang='lat' dir='ltr'><strong>primis</strong></span> <span class='ocrx_word' id='word_1_643' title='bbox 1931 5374 2115 5449; x_wconf 86' lang='lat' dir='ltr'><strong>Ecclesiae</strong></span> <span class='ocrx_word' id='word_1_644' title='bbox 2137 5375 2200 5448; x_wconf 84' lang='lat' dir='ltr'><strong>Ilei</strong></span> 
     </span>
    </p>
   </div>
   <div class='ocr_carea' id='block_1_14' title="bbox 0 0 2379 6020">
    <p class='ocr_par' dir='ltr' id='par_1_14' title="bbox 0 0 2379 6020">
     <span class='ocr_line' id='line_1_98' title="bbox 0 0 2379 6020; baseline 0 0"><span class='ocrx_word' id='word_1_645' title='bbox 0 0 2379 6020; x_wconf 95' lang='lat' dir='ltr'><strong> </strong></span> 
     </span>
    </p>
   </div>
  </div>
 </body>
</html>
