4748 6022
136 375 210 451 221
518 370 769 453 SCRIPTA
802 374 880 450 AD
913 368 1107 449 VITAM
1136 362 1213 447 ΕΤ
1245 366 1481 449 OBITUM
1505 368 1807 460 MELANTH.
2089 394 2167 470 222

138 540 352 643 cabatur'⁸),
382 570 487 641 quam
515 549 650 617 febrem
672 562 708 620 et
728 544 972 645 dryonvpetds‘
991 560 1124 619 veteres
1175 557 1320 628 orante,
1354 558 1390 615 et
1417 544 1664 635 dissuadente,
1695 567 1730 622 et
1763 549 1926 628 hortante
1947 558 2162 649 Camerario,

138 649 383 744 appellarunt,
409 651 502 742 quod
526 649 1035 740 111111111111111111111311111,
1060 651 1123 743 qui
1173 668 1220 713 ne
1236 646 1273 715 in
1292 646 1472 736 publicum
1489 651 1665 738 prodiret,
1691 654 1747 723 cui
1770 658 1831 725 ille
1847 664 2056 746 adversans,
2081 678 2161 734 tan·

137 749 206 823 hac
230 750 481 843 corripiuntur.
532 748 695 821 Medicus
717 775 802 821 vcro
825 772 1047 845 nequaquam
1074 752 1122 823 ita
1174 760 1250 816 tum
1267 749 1401 830 aiebat,
1427 750 1566 818 unicam
1586 757 1797 826 seutentiam
1825 763 1943 851 pueris
1966 765 2159 855 explicabo.

139 854 288 953 11111111,
312 851 643 924 sedmainsmalum
666 876 739 922 csse
762 851 978 943 intelligere,
1000 866 1035 923 et
1060 878 1122 945 pe-
1177 846 1226 916 lta
1261 849 1334 918 illis
1369 855 1720 925 controversantibus
1764 860 1957 934 intervenit
1997 860 2158 959 Philippi

139 956 292 1026 ciculum
314 970 467 1024 metuere
492 952 658 1041 gravius,
691 956 786 1048 quod
813 953 909 1023 enirn
935 979 1120 1049 nunquam
1171 949 1285 1035 1111111,
1310 965 1346 1021 et
1364 952 1616 1024 rrunciatPatri
1629 959 1806 1029 nerninem
1824 986 1897 1032 esse
1914 964 1952 1032 in
1964 967 2157 1052 auditorio,

139 1058 216 1128 sine
234 1054 477 1127 calorealieno
491 1076 624 1144 corpus
635 1078 708 1125 esse
725 1056 871 1126 sentiret
886 1055 1022 1125 febrem
1032 1081 1119 1126 cou—
1171 1074 1277 1143 quem
1310 1050 1415 1121 Pater
1448 1052 1572 1124 durius
1599 1061 1830 1148 compellans,
1863 1088 1946 1153 ergo
1972 1080 2011 1135 tu
2039 1067 2157 1161 inquit

132 1160 270 1231 tint-ram
295 1180 368 1227 esse
388 1150 642 1247 deprehendit,
664 1180 733 1250 qua
760 1156 852 1224 vires
867 1180 1119 1231 consumeren-
1170 1152 1349 1223 discedere
1364 1152 1523 1224 iussisti?
1545 1160 1739 1248 quodcum
1758 1165 1850 1232 lilius
1873 1182 2033 1255 negaret,
2058 1182 2157 1260 pater

133 1274 211 1344 tur,
244 1272 279 1328 et
299 1258 469 1330 intestino
490 1256 658 1327 incendio
680 1258 970 1351 colliquescercnt
1000 1260 1118 1352 qnasi-
1169 1253 1289 1322 animo
1305 1257 1444 1333 sedato,
1468 1256 1526 1326 cui
1543 1256 1653 1345 igitur
1671 1261 1805 1349 legam,
1831 1266 1966 1357 inquit,
1988 1269 2020 1337 si
2045 1293 2152 1341 11111111

136 1386 204 1459 que
234 1360 511 1449 conflagrarent,
541 1361 586 1428 ad
609 1384 714 1454 quam
737 1384 817 1430 com
840 1360 1004 1451 periodos
1037 1360 1117 1430 illas
1168 1355 1286 1439 adest,
1300 1370 1345 1427 'et
1357 1355 1436 1425 sine
1449 1357 1611 1447 graviore
1624 1365 1862 1434 commotione
1877 1386 2008 1439 vestem
2031 1393 2154 1442 rursus

136 1463 305 1536 tertianas
319 1463 484 1530 accedere
498 1459 653 1543 videret,
676 1456 912 1556 ἦμιτριταῖον
933 1483 1006 1532 esse
1021 1462 1116 1530 iudi·
1168 1456 1351 1547 deposuit,
1384 1471 1491 1549 atquc
1517 1453 1583 1528 hac
1608 1461 1753 1530 minime
1778 1464 2004 1563 culpanda⁹)
2028 1471 2156 1541 fraude

136 1564 248 1646 cavit,
281 1564 342 1657 qui
362 1584 404 1631 ex
428 1561 577 1631 tertiana
598 1576 632 1633 et
652 1564 891 1648 continuarit,
916 1576 951 1633 et
967 1564 1117 1633 manife-
1168 1558 1230 1627 1111
1247 1558 1414 1628 11111111
1430 1560 1633 1648 defatigatio
1649 1564 1699 1632 sic
1721 1564 1808 1648 fuit,
1828 1582 1987 1661 utquam
2004 1572 2154 1641 minime

134 1667 197 1739 stis
213 1667 259 1735 de
273 1663 386 1735 causis
401 1664 510 1732 lerme
526 1686 663 1757 semper
674 1677 726 1734 est
742 1664 967 1748 incurabilis,
1007 1662 1113 1753 Quod
1166 1673 1468 1745 commoveretur,
1494 1678 1701 1734 nontamen
1719 1663 1832 1753 nihil,
1857 1696 1961 1763 quam
1987 1696 2061 1741 nen
2085 1697 2153 1764 po·

131 1780 249 1839 autem
271 1765 310 1835 in
333 1764 447 1835 urinis
466 1765 603 1836 lentum
628 1779 664 1837 et
686 1766 847 1855 nigrum,
880 1778 914 1835 et
936 1767 1036 1859 quasi
1061 1767 1115 1858 pi·
1166 1761 1290 1832 tuisset
1310 1762 1493 1833 sustinere.
1552 1762 1769 1856 Expectabat
1793 1784 1867 1839 tum
1889 1774 1931 1839 ad
1953 1775 2047 1842 loces
2069 1798 2153 1845 mu-

131 1893 232 1940 cenm
248 1868 419 1961 quiddam
437 1867 618 1937 subsidere
639 1868 797 1952 solebat,
848 1864 888 1935 ld
902 1892 922 1935 1
938 1868 1114 1961 plerisque
1166 1861 1237 1931 saei
1264 1862 1469 1934 1111111111111
1490 1864 1616 1936 missus
1640 1870 1685 1935 ad
1707 1892 1787 1938 eum
1804 1894 1845 1939 ex
1860 1871 2090 1960 Pomerania,
2116 1888 2153 1947 et

129 1994 197 2061 pro
219 1968 344 2040 calculi
365 1968 511 2039 materia
534 1965 747 2049 habebatur,
771 1990 852 2035 cum
875 1980 911 2036 et
935 1968 1012 2037 sine
1037 1992 1113 2037 are-
1166 1976 1267 2032 currat
1281 1965 1405 2035 eodem
1423 1977 1580 2054 tempore
1597 1967 1719 2039 literae
1736 1973 1767 2039 ei
1785 1974 1993 2045 scribendae
2012 1978 2057 2047 ad
2071 1976 2151 2047 Du·

129 2072 227 2141 nulis
243 2094 427 2164 nunquam
445 2083 577 2151 essent,
601 2069 819 2138 et'turbidae
835 2091 992 2157 semper,
1017 2072 1113 2159 quod
1166 2087 1239 2131 cem
1259 2062 1526 2136 Borussiaeetc.
1586 2064 1755 2158 lmpedita
1773 2071 1881 2160 igitur
1904 2077 2190 2164 praelectionis·

127 2173 239 2243 febris
262 2170 437 2241 calculum
461 2169 567 2237 simul
593 2181 841 2238 commoveret.
898 2166 1024 2237 Talem
1049 2191 1114 2237 au-
1166 2164 1326 2253 publicae
1350 2190 1456 2253 opera
1481 2181 1519 2235 ut
1545 2167 1717 2252 diximus,
1744 2167 1827 2241 11111
1848 2177 1992 2263 agebat,
2016 2191 2050 2247 ct
2075 2175 2150 2248 Bo-

128 2288 201 2345 tem
212 2272 353 2342 urinam
370 2270 408 2337 in
425 2270 550 2339 calculi
567 2268 867 2338 commotionibus
878 2290 980 2358 saepe
996 2292 1114 2337 exere·
1165 2263 1337 2332 rossiacas
1350 2266 1505 2356 primum
1528 2266 1568 2334 iu
1591 2290 1717 2339 suenus
1730 2276 1908 2360 sumebat,
1933 2300 2086 2371 cumque
2111 2279 2152 2349 in

126 2388 232 2445 verat
252 2384 372 2450 antea,
402 2372 483 2440 etsi
501 2371 587 2463 quid
609 2370 746 2438 adversi
761 2382 918 2439 senserat
932 2382 1056 2453 antea,
1082 2370 1113 2438 si
1166 2359 1222 2434 his
1244 2366 1438 2436 scribendis
1460 2367 1582 2460 aliquo
1599 2392 1712 2462 nsque
1728 2394 1933 2463 progressus
1946 2377 2089 2464 luisset,
2111 2402 2150 2450 se

127 2475 235 2547 talem
251 2472 415 2542 edidisset
428 2472 591 2557 urinam,
617 2467 710 2540 nihil
726 2471 822 2540 alind
847 2470 915 2539 nisi
936 2470 1111 2541 calculum
1164 2466 1286 2556 positis
1299 2466 1361 2551 iis,
1381 2464 1612 2538 Pomeranica
1628 2475 1853 2561 expediebat,
1874 2492 1913 2547 ut
1929 2479 2047 2551 minus
2063 2504 2149 2571 ope-

130 2600 204 2645 esse
218 2588 313 2643 certo
326 2575 500 2645 statuebat
523 2574 648 2663 longae
667 2572 901 2664 experientiae
924 2594 1113 2661 argumen-
1164 2568 1411 2656 rosanegocia.
1460 2567 1597 2638 Literas
1617 2571 1729 2658 igitur
1750 2589 1824 2644 turn
1845 2578 1884 2645 in
1899 2577 2149 2651 Pomeraniam

128 2678 176 2750 tis
191 2678 346 2747 edoctus.
395 2673 475 2745 Hoc
498 2676 607 2765 igitur
630 2677 726 2767 quod
751 2687 827 2744 tum
849 2674 1019 2745 edebatur
1031 2673 1112 2744 Me-
1163 2669 1338 2738 scribebat
1352 2682 1471 2739 tecnas
1486 2672 1531 2738 ad
1548 2670 1756 2755 minimum,
1782 2690 1816 2747 ct
1841 2679 1982 2749 libellos
2004 2684 2148 2773 pluscu-

129 2778 231 2849 ,ltffls
247 2792 365 2847 noster
381 2792 414 2847 er
429 2774 535 2867 ὤμογ
547 2770 674 2869 χυμὸν
689 2774 845 2846 iudicare
860 2788 894 2845 et
917 2798 961 2843 ne
976 2799 1111 2869 ovmq.
1162 2771 1215 2838 los
1236 2769 1419 2840 concionis
1442 2766 1583 2842 habitae
1605 2774 1650 2841 ad
1667 2774 1774 2846 iunus
1796 2774 1905 2849 Ducis
1919 2779 2149 2855 Pomeranioe

128 2876 504 2972 msxdvaliquidesset
519 2892 675 2947 metuere
693 2901 729 2945 se
745 2876 981 2965 significabat,
998 2877 1110 2948 inter·
1163 2866 1321 2962 Philippi
1345 2885 1410 2943 etc.
1435 2871 1480 2940 de
1509 2898 1578 2965 qua
1605 2878 1905 2966 supradiximus,
1933 2884 2055 2955 amicis
2089 2885 2148 2954 in-

128 2982 355 3072 sufflantibus,
391 2980 492 3049 carius
516 2980 733 3048 coniecturas
756 2992 866 3075 rectas
886 2991 921 3046 et
938 2978 1109 3047 iudicium
1162 2974 1348 3046 scribebat.
1400 2968 1573 3045 Fortassis
1588 2990 1704 3047 autem
1724 2974 1791 3049 hoc
1807 2983 1912 3052 etiam
1935 2983 2028 3055 inter
2053 2988 2147 3055 omi—

127 3107 252 3152 verum
274 3083 381 3151 fuisse
404 3080 516 3149 exitus
543 3079 805 3171 comprobavit,
837 3092 871 3149 ct
895 3079 1002 3148 nimis
1028 3080 1109 3174 qui·
1163 3096 1248 3143 nosa
1264 3074 1487 3143 referendum
1508 3091 1604 3146 sexta
1626 3091 1708 3149 ante
1729 3098 1879 3153 mortem
1901 3085 1960 3154 die
1981 3110 2062 3156 curn
2087 3088 2146 3157 su-

126 3187 229 3269 dem,
253 3208 335 3253 nam
353 3176 628 3252 haemitritaeam
645 3182 779 3250 febrem
798 3181 924 3266 luisse,
949 3204 1039 3274 quae
1064 3178 1108 3254 D.
1161 3178 1288 3244 nebres
1303 3174 1491 3245 conciones
1508 3178 1712 3254 inscribere.
1750 3182 1827 3253 Sub
1842 3186 1879 3255 id
1896 3198 2034 3279 tempus
2048 3212 2145 3258 nun-

124 3282 333 3377 Philippum
356 3285 561 3368 coniecerit,
593 3298 627 3353 11
652 3284 743 3353 vires
767 3283 805 3351 in
832 3306 979 3375 corpore
1004 3282 1107 3351 senili
1160 3277 1319 3347 ciebatur
1332 3278 1363 3346 11
1375 3278 1419 3344 dc
1436 3280 1620 3349 conatibus
1637 3282 1914 3373 malevolorum,
1940 3291 2071 3382 quihus
2086 3291 2144 3359 in-

124 3387 280 3481 reliquas
302 3387 531 3466 absumserit,
558 3387 712 3454 dubitari
736 3410 810 3454 nou
830 3398 954 3471 potest.
1007 3383 1108 3471 Quae
1159 3380 1331 3447 sidiarum
1356 3392 1530 3448 certarum
1552 3384 1748 3453 tendiculas
1771 3387 1824 3454 illi
1844 3404 2043 3461 struxerant
2068 3392 2145 3461 coi·

123 3492 170 3559 de
186 3492 311 3559 morbo
330 3490 440 3579 ipsius
454 3483 521 3556 hoc
538 3488 643 3554 modo
663 3488 818 3555 breviter
834 3485 1024 3553 indicanda
1041 3509 1108 3573 pu-
1159 3479 1259 3561 dam,
1301 3501 1405 3569 quem
1435 3504 1514 3549 cum
1539 3481 1641 3550 bonis
1663 3486 1776 3553 facere
1797 3489 1950 3574 graviter
1971 3492 2143 3578 ferebant,

122 3593 298 3675 tavirrrus,
349 3592 419 3659 Sed
446 3602 590 3679 propter
614 3610 863 3678 paroxysmum
887 3585 948 3652 illa
972 3586 1107 3671 vesperi
1158 3602 1248 3671 qnae
1263 3590 1383 3647 tamen
1400 3579 1448 3647 ita
1466 3582 1512 3647 ab
1537 3581 1608 3648 illis
1623 3584 1836 3671 agebantur,
1863 3602 1901 3657 ut
1926 3591 1999 3659 risu
2022 3594 2142 3681 potius

122 3692 226 3764 cibus
241 3705 301 3762 aut
318 3705 422 3782 potus
440 3692 471 3757 ci
496 3692 580 3755 darc
601 3710 714 3779 neque
733 3686 865 3777 potuit,
891 3709 1006 3778 neque
1033 3686 1108 3776 ipse
1157 3702 1264 3774 quem
1289 3678 1460 3747 10101111
1484 3694 1631 3751 conatus
1654 3682 1753 3773 digni
1777 3682 2010 3774 viderentur,
2028 3706 2063 3763 et
2084 3693 2143 3762 in.

120 3793 301 3884 expetivit.
353 3790 499 3860 Noctem
514 3802 629 3859 autem
647 3801 848 3881 sequentem
866 3800 985 3871 totam,
1010 3803 1050 3858 nt
1067 3788 1104 3855 in
1156 3780 1345 3868 cogitantia
1362 3781 1581 3852 crudelitatis
1601 3796 1635 3854 et
1649 3786 1918 3861 malevolentiae
1941 3792 2040 3863 illius
2064 3818 2142 3863 ma·

118 3915 352 3988 paroxysmo,
379 3914 582 3982 pergravem
596 3884 737 3972 hahuit,
761 3903 796 3958 et
812 3888 1023 3982 inquietam,
1038 3891 1105 3957 sub
1156 3882 1281 3952 nifesta
1307 3884 1404 3953 111111
1431 3885 1599 3954 (1111111111
1622 3886 1684 3979 qni
1707 3891 1884 3965 audirent.
1936 3892 2060 3987 ltaque
2084 3918 2143 3966 111

119 3995 320 4067 diluculum
338 4007 455 4063 tamen
472 3990 712 4085 acquiescens,
739 3992 896 4060 dormire
915 3992 1044 4081 caepit,
1071 4008 1105 4059 et
1156 3998 1227 4054 10111
1243 3986 1289 4054 ab
1304 3984 1382 4076 ipso
1397 3985 1502 4054 1111111
1519 3986 1713 4072 ridebatur,
1733 3991 1810 4060 sine
1828 3993 1900 4063 ulla
1916 3995 2027 4064 animi
2043 4021 2142 4067 com-

119 4120 268 4167 somnus
284 4096 475 4186 productus
490 4095 737 4187 fuitnsqucad
753 4088 877 4162 horam
892 4095 1103 4164 matutinam
1154 4087 1324 4157 mollone:
1376 4085 1446 4158 Sed
1468 4101 1502 4157 et
1527 4089 1695 4180 temporis
1719 4093 1856 4163 ratione
1879 4096 1925 4167 111
1951 4098 2140 4185 flagitante,

118 4202 230 4270 l'errne
259 4198 443 4290 quintam,
493 4192 577 4283 Quo
598 4211 756 4287 tempore
779 4194 849 4263 diei
873 4194 989 4278 illius,
1014 4218 1104 4288 quae
1154 4201 1190 4256 et
1204 4192 1300 4280 quod
1318 4188 1362 4257 ad
1375 4191 1486 4257 111111
1499 4192 1756 4266 moresolenni
1771 4218 1899 4265 munus
1923 4200 2140 4271 1111111111-

118 4300 188 4370 fuit
212 4299 347 4370 decima
372 4310 496 4392 quarta
512 4297 649 4389 Aprilis
669 4312 703 4368 et
726 4290 916 4365 Paschatos
938 4297 1033 4379 dies,
1058 4297 1103 4363 de
1154 4290 1305 4358 rendum
1326 4302 1415 4358 esset
1437 4290 1474 4357 in
1497 4291 1687 4382 templum,
1705 4294 1865 4367 ¹abiicere
1881 4302 2027 4385 caeteri,
2052 4302 2139 4371 reli-

118 4401 208 4471 lecto
225 4400 394 4480 surrexit,
421 4411 455 4468 et
469 4422 673 4493 quanquam
691 4398 783 4466 vires
798 4400 847 4467 ita
862 4413 962 4467 erant
989 4398 1101 4465 imbe-
1154 4404 1210 4460 cto
1249 4393 1344 4483 apsrd
1391 4405 1653 4481 praeceptorem
1702 4390 1883 4470 loachimo
1924 4398 2140 4474 Camerario.

119 4502 238 4583 cissae,
264 4516 303 4573 ut
324 4502 383 4572 vix
405 4500 545 4590 ingredi
567 4524 666 4591 posse
686 4500 884 4586 videretur,
908 4512 1026 4571 11111111
1055 4501 1099 4568 ad
1153 4488 1292 4562 Interea
1315 4492 1397 4561 11111
1420 4490 1673 4579 Pomeranicae
1694 4520 1714 4565 a
1738 4493 1906 4591 Philippo
1929 4503 2139 4595 scriptiones

116 4604 303 4675 lectionem
321 4603 499 4694 publicam
514 4603 726 4672 descendere
740 4603 900 4683 volebat,
925 4626 993 4695 qua
1012 4595 1100 4699 hora
1151 4595 1322 4685 perlectae
1339 4594 1456 4678 luere,
1481 4609 1514 4667 et
1530 4596 1735 4666 tabellarius
1751 4599 1926 4671 dimissus.

116 4718 211 4777 sexta
224 4701 407 4776 historiam
421 4700 693 4794 Evangelieam,
718 4728 808 4797 quae
829 4728 871 4772 eo
886 4704 944 4773 die
959 4704 997 4771 in
1014 4726 1100 4772 con-

116 4806 281 4878 cionibus
296 4806 404 4876 sacris
419 4808 649 4897 proponitur,
671 4801 887 4875 scholasticis
901 4806 1100 4895 explicaret,

116 4911 176 4979 sed
200 4908 367 4999 impedita
392 4930 447 4977 res
468 4907 556 4991 fuit,
582 4921 616 4978 et
640 4909 685 4977 ad
709 4907 877 4978 auditorii
893 4908 986 4975 fores
1001 4928 1098 4973 nnn·

114 5011 246 5081 ciatutn
268 5010 314 5083 D.
327 5005 535 5100 Philippum
562 5032 636 5077 non
661 5030 733 5077 esse
752 5010 947 5089 lecturum,
970 5006 1019 5075 ita
1034 5028 1099 5075 au-

112 5112 247 5183 ditores
263 5122 573 5189 consurrexerunt,
599 5109 662 5202 qui
677 5118 917 5177 convenerant
931 5108 1098 5199 frequen-

112 5214 252 5289 tissimi.
311 5210 386 5284 lam
422 5212 484 5282 ille
517 5224 647 5283 vestem
676 5222 867 5294 sumserat,
904 5208 1036 5279 frustra
1064 5223 1099 5280 et

1252 4755 1376 4829 Postea
1395 4759 1536 4848 prandii
1551 4773 1727 4852 ternpore,
1752 4784 1832 4833 cunr
1848 4768 1891 4833 ad
1909 4763 1976 4839 hoc
1991 4774 2138 4847 descen-

1150 4858 1278 4941 disset,
1299 4874 1334 4929 et
1347 4860 1406 4927 vix
1421 4859 1490 4927 iam
1508 4883 1649 4928 mensae
1671 4864 1908 4955 accubuisset,
1932 4876 2086 4947 tormina
2102 4881 2136 4949 ei

1150 4960 1294 5030 molesta
1314 4963 1433 5043 fuere,
1456 4972 1495 5028 ut
1518 4964 1678 5029 secedere
1700 4986 1838 5037 necesse
1866 4964 2029 5061 haberet,
2053 5003 2136 5049 mox

1150 5083 1330 5146 reversus,
1354 5059 1507 5149 gustavit
1527 5060 1662 5153 aliquid
1686 5066 1730 5133 de
1753 5068 1866 5157 gallo,
1891 5097 1995 5164 quem
2021 5056 2135 5149 nostri

1150 5156 1312 5230 homines
1327 5186 1345 5230 a
1363 5160 1483 5230 betula
1498 5165 1769 5253 cognominant,
1795 5187 1877 5243 suut
1893 5176 1953 5267 qui
1973 5190 2134 5265 attagenu

1149 5278 1308 5334 veterum
1326 5284 1400 5331 csse
1417 5276 1562 5353 putent,
1587 5291 1691 5361 quem
1709 5294 1780 5339 11111
1798 5296 1876 5343 cum
1891 5275 2022 5361 gallina
2038 5281 2132 5353 eius-

111 5432 310 5452 *U-

145 5536 178 5603 11
197 5534 289 5592 111.
307 5532 533 5601 aunuum-r.
1045 5506 1048 5513 ’
1184 5532 1214 5601 1)
1233 5532 1350 5588 naam
1362 5535 1520 5601 11111111]
1537 5534 1588 5595 11.
1604 5538 1630 5592 1.
1647 5536 1780 5591 maome.
