4748 6022
164 278 240 359 999
610 202 922 363 annocum
973 270 1049 346 99
1099 267 1334 378 neurus
1385 253 1741 348 concronns
1920 246 1948 259 ”
2107 271 2182 342 999

166 455 291 549 ltaque
306 439 370 523 etsi
386 452 455 520 iam
472 449 529 520 bis
545 461 707 540 expertus
724 470 820 528 sum,
846 469 942 515 meas
961 446 1054 514 vires
1069 468 1143 513 non
1197 457 1268 513 tem
1302 467 1364 533 per
1393 442 1555 532 ingentes
1579 468 1776 516 aerumnas.
1833 441 2006 535 Deplorat
2035 456 2182 536 uterque

167 550 639 648 cssepareshuicmuneri,
665 566 880 620 tamencum
899 543 1145 638 mihipraece-
1196 568 1277 614 snas
1293 544 1462 617 miserias.
1515 544 1655 636 Cupido
1673 549 1768 639 quod
1792 547 1937 625 missus,
1961 560 2002 615 ut
2027 571 2103 613 caua
2130 546 2183 614 al-

147 648 150 653 *
166 674 286 752 ptores
301 653 392 725 hanc
408 678 594 746 personam
609 653 851 742 imponerent,
874 652 1067 720 detrectare
1084 672 1145 717 co·
1199 647 1310 716 terius
1326 671 1447 715 amore
1472 648 1693 731 incenderet,
1722 647 1796 736 ipse
1810 673 1885 716 eam
1911 647 2074 738 deperire
2101 672 2181 716 999-

149 786 248 845 ‘curn
263 759 485 828 autoritatem
508 756 620 824 99191.
671 752 745 821 Nec
760 766 877 821 metuo
898 746 1144 842 reprehensio·
1198 748 1301 839 perit.
1356 746 1420 816 1119
1439 753 1534 842 quod
1557 751 1805 837 vagabundum
1832 751 1996 818 iuvenem
2022 774 2103 818 9999
2126 771 2178 816 99·

167 886 251 932 nem
269 859 466 942 facilitatis,
492 860 576 927 dum
595 856 720 924 videor
742 878 876 922 morem
902 877 1023 942 gerere
1041 877 1144 942 prae·
1196 850 1294 942 sequi
1312 851 1431 938 possit.
1484 850 1579 920 Haec
1602 852 1728 920 fabella
1751 852 1834 920 satis
1860 853 2042 942 perspicue
2064 850 2181 942 pingit

168 964 369 1054 ceptoribus
393 962 431 1028 in
450 983 487 1026 re
503 959 581 1028 utili
602 956 752 1047 publicis
776 956 912 1027 studiis.
966 953 1084 1045 Quare
1112 965 1145 1021 et
1196 965 1353 1020 errantes
1373 953 1583 1040 cupiditates
1601 947 1777 1021 humanae
1795 954 1933 1022 mentis.
1976 952 2096 1039 Quare
2114 954 2182 1021 do·

167 1088 232 1133 999
247 1087 354 1152 rogo,
375 1087 420 1129 ne
436 1085 492 1128 999
510 1057 726 1149 impudentia
744 1057 879 1146 potins,
906 1081 1011 1150 qnam
1036 1055 1141 1124 oflicii
1197 1053 1309 1122 ctrina
1327 1069 1361 1122 ct
1380 1054 1510 1146 pietate
1530 1055 1706 1124 discamus
1724 1077 1845 1142 regere
1862 1055 2013 1126 animos.
2061 1053 2161 1122 Dixi.

167 1167 306 1236 ratione
328 1167 516 1232 adductum
546 1161 693 1250 putetis,
725 1171 771 1252 99
789 1153 851 1226 has
874 1172 990 1249 partes
1015 1157 1142 1239 iterum

169 1269 394 1358 susciperem.
454 1260 648 1331 Aderimus
670 1274 787 1351 autern
815 1260 1017 1340 materiam,
1055 1281 1145 1350 quae

170 1383 204 1440 et
227 1391 386 1437 exercere
418 1365 619 1452 ingeniosos
649 1375 781 1451 potest,
815 1373 848 1430 et
871 1357 1049 1429 Ecclesiae
1072 1360 1145 1427 uti·
1221 1403 1273 1473 No
1304 1402 1364 1478 84ο
1954 1413 1967 1475 1
1998 1413 2073 1475 Maii
2089 1413 2173 1476 1557

168 1472 215 1540 lis
246 1483 309 1539 est.
369 1461 720 1555 Omnes-sapientes
763 1463 930 1531 omnihus
971 1461 1145 1530 aetatibus
1201 1458 1371 1530 »ὡν
1951 1455 2182 1541 C‘N'

170 1571 420 1660 quaesiverunt
480 1590 599 1684 saum
654 1558 901 1680 ‘humanorum
952 1563 1144 1632 malorum:
1254 1603 1473 1658 190999199999
1489 1601 1627 1659 Taucv.
1644 1605 1779 1676 917999,
1800 1604 2024 1661 inOrstionibus
2040 1609 2184 1677 postremis

167 1670 275 1743 Unde
302 1683 440 1739 tantum
467 1680 512 1736 sat
538 1665 803 1735 calamitatum?
842 1664 945 1737 Unde
968 1679 1039 1735 tarn
1059 1660 1145 1733 hor·
1298 1694 1325 1744 p.
1341 1674 1384 1726 18.
1399 1684 1427 1726 es
1441 1673 1512 1743 apud
1527 1673 1654 1729 19991991.
1670 1673 1706 1729 99.
1722 1695 1747 1746 p.
1761 1676 1823 1730 996.

169 1777 278 1843 renda
298 1771 459 1859 flagicia?
512 1767 585 1856 Qui
606 1769 682 1848 fiat,
705 1781 743 1837 ut
769 1792 849 1834 cum
871 1781 1025 1835 caeterae
1049 1790 1146 1833 crea·
1296 1837 1304 1854 ·
1428 1836 1435 1852 ¹

171 1890 271 1949 turae
287 1897 408 1942 omnes
425 1872 495 1940 sint
520 1872 557 1937 in
582 1869 715 1951 officio,
741 1881 776 1938 99
802 1869 1046 1958 obtemperent
1064 1891 1146 1936 suae
1195 1835 1326 1904 oraim
1357 1840 1522 1903 ’'emisti“
1553 1857 1577 1903 α
1606 1836 1761 1906 31110119
1791 1834 1978 1909 ”avide
2014 1834 2066 1907 αὖ
2095 1841 2185 1909 Utt-

171 1989 336 2054 naturae,
375 1974 442 2042 soli
479 1967 642 2040 homines
676 1968 886 2038 dissentiant
918 1994 936 2036 a
971 1993 1008 2037 se
1037 1968 1147 2059 ipsis?
1192 1933 1339 2031 dnad’
1370 1935 1595 2057 Austrtoco,
1627 1947 1832 2008 fllmfflfei
1855 1940 2063 2010 9180119δὶ99
2084 1940 2186 2009 Aca·

172 2076 276 2148 Unde
292 2077 337 2145 sit
358 2071 444 2142 haec
468 2069 675 2140 harmoniae
698 2070 947 2140 conturbatio?
998 2070 1047 2140 At
1073 2071 1145 2139 sola
1310 2035 1462 2109 ‘lemme
1481 2041 1699 2122 Recfmms
1727 2036 1762 2108 d·
1788 2037 1822 2112 Ῑ·
1841 2044 1941 2113 Mali
1961 2039 2071 2114 1557·
2158 2118 2160 2125 .

159 2177 328 2262 ,coelestis
354 2173 515 2242 doctrina
545 2173 719 2254 ostendit,
753 2195 891 2240 causam
917 2195 990 2240 esse
1014 2172 1145 2241 vicium
1198 2154 2188 2268 0999919919919191,Ρ9999999999991999ἰ991991ι1999999-

169 2278 338 2366 originis,
358 2290 391 2343 et
414 2273 637 2368 tyrannidem
662 2272 818 2355 diaboli,
844 2273 901 2341 cui
921 2286 1067 2364 propter
1080 2273 1147 2340 'vi-
1199 2287 1250 2342 ter
1271 2297 1368 2364 spem
1394 2274 1459 2342 ista
1479 2288 1590 2342 vestra
1606 2271 1694 2342 mihi
1712 2275 1834 2366 petitio
1853 2278 1970 2346 oblata
1988 2290 2057 2362 est,
2083 2293 2122 2348 ut
2136 2277 2187 2345 rei

169 2380 262 2449 cium
277 2376 441 2466 originis,
468 2371 551 2443 haec
566 2374 694 2443 misera
716 2387 839 2443 natura
859 2371 1147 2444 hominnmsub·
1198 2375 1356 2444 novitate
1386 2375 1569 2458 turbatus,
1604 2376 1663 2445 vix
1691 2377 1890 2463 inveniam,
1922 2379 2009 2470 quid
2041 2402 2189 2467 respon-

171 2482 339 2550 19999999.
389 2474 435 2546 Et
453 2477 529 2546 vult
542 2473 639 2544 Deus
655 2499 721 2544 999
737 2498 924 2565 agnoscere
940 2471 1036 2544 hunc
1052 2500 1147 2543 mor-
1198 2477 1310 2544 deam.
1376 2473 1545 2544 Virorum
1578 2477 1864 2567 gravissimorum
1894 2494 1928 2549 et
1951 2480 2188 2572 prudentissi-

169 2585 274 2659 bum,
303 2594 340 2650 nt
359 2579 604 2667 confugiamus
622 2579 665 2645 ad
684 2578 815 2657 lilium,
832 2602 946 2668 quem
965 2578 1147 2649 nobisdo-
1199 2601 1339 2645 morum
1368 2578 1577 2662 consilinm,
1612 2579 1815 2669 improbare
1843 2596 1904 2651 999
1930 2577 2187 2673 reprehendere

169 2683 287 2764 navit,
312 2695 352 2749 ut
375 2697 571 2770 serpentem
596 2691 776 2760 conterat,
808 2671 875 2747 hoc
896 2692 965 2760 est,
991 2681 1149 2747 destruat
1200 2703 1272 2746 non
1309 2679 1439 2763 debeo,
1487 2702 1576 2772 quos
1607 2692 1647 2750 ut
1677 2696 1839 2770 parentes
1867 2683 1996 2753 merito
2027 2707 2188 2752 veneror.

171 2808 277 2873 opera
295 2782 442 2850 diaboli.
494 2777 621 2864 Etnos
639 2781 675 2847 19
691 2776 847 2847 Ecclesia
875 2779 912 2847 in
934 2804 973 2848 ca
997 2779 1148 2850 statione
1200 2777 1432 2848 Dissimulare
1455 2793 1571 2849 tamen
1593 2805 1667 2850 non
1692 2805 1852 2871 possum,
1878 2809 1935 2853 me
1958 2785 2189 2854 consideran-

170 2885 331 2957 collocati
357 2905 497 2965 sumus,
530 2893 570 2950 ut
602 2880 790 2970 puritatem
824 2874 931 2948 huius
955 2882 1147 2960 doctrinae,
1199 2894 1270 2949 tem
1282 2881 1516 2951 meaeaetatis
1533 2883 1820 2965 imbecillitatem,
1846 2899 1881 2954 et
1894 2910 2011 2954 rerum
2028 2887 2189 2955 omniurn

170 3003 340 3079 tanquam
371 2984 602 3074 depositum,
654 2981 748 3049 bona
785 2981 854 3046 fide
890 3004 1148 3055 conservemus.
1200 2981 1433 3072 imperitiam,
1457 2983 1577 3052 mirari
1594 2985 1680 3077 quid
1698 3009 1759 3053 vos
1774 2987 1935 3071 nroverit,
1961 3001 2000 3057 ut
2017 2982 2084 3057 hoc
2101 2999 2189 3056 tem-

172 3088 292 3180 Quare
310 3080 376 3154 hae
392 3085 556 3153 materiae
571 3081 761 3170 diligenter
783 3080 968 3169 agitandas
991 3096 1092 3162 suut,
1115 3095 1150 3151 et
1201 3107 1285 3171 pore
1310 3091 1449 3153 munus
1463 3081 1626 3156 [lectoris
1651 3110 1760 3177 puero
1781 3088 2063 3169 committeretis,
2091 3091 2187 3182 quod

170 3211 272 3259 mens
299 3187 500 3284 excitanda,
534 3209 580 3254 ne
608 3197 648 3252 ut
670 3175 806 3276 Psyche
832 3182 1022 3266 infabulis
1044 3207 1149 3272 vaga·
1201 3182 1345 3274 quidem
1369 3209 1475 3276 quam
1499 3200 1590 3257 recte
1613 3202 1648 3257 et
1670 3188 1806 3260 utiliter
1829 3188 1909 3276 fiat,
1941 3203 2097 3261 vestrum
2121 3189 2189 3260 erit

172 3291 294 3361 hunda
310 3286 449 3381 quaerit
463 3285 697 3378 Cupidinem,
729 3279 780 3354 lta
803 3307 868 3353 nos
893 3283 987 3354 caeci
1009 3297 1148 3355 tantum
1201 3286 1427 3376 perpendere.

170 3390 334 3464 sordidas
348 3390 546 3479 voluptates
564 3407 786 3482 quaeramus.
838 3382 891 3455 Ac
912 3386 1067 3456 recitabo
1086 3410 1149 3456 vo·
1249 3453 1251 3457 ,
1300 3381 1377 3476 Ego
1403 3410 1483 3455 cum
1505 3387 1698 3458 adveniens
1721 3390 1760 3459 in
1784 3387 1875 3483 hanc
1897 3389 2073 3475 scholam,
2113 3395 2189 3465 eius

171 3495 228 3565 bis
242 3491 416 3577 fabulam,
435 3492 473 3561 in
489 3515 558 3585 qua
573 3486 703 3560 eruditi
720 3487 914 3578 pinxerunt
927 3488 1066 3556 animae
1081 3487 1149 3556 im·
1200 3486 1498 3577 gubernatoribus
1532 3489 1772 3558 obedientiam
1808 3495 2052 3582 promiserim,
2102 3509 2187 3586 9999

167 3593 407 3667 becillitatem.
1202 3588 1270 3656 mei
1286 3587 1393 3657 oflicii
1410 3611 1503 3671 esse,
1529 3613 1604 3658 non
1620 3591 1784 3681 defugere
1798 3594 1847 3677 id,
1872 3596 1966 3686 quod
1983 3618 2073 3665 ame
2089 3610 2186 3665 tanto

259 3688 418 3788 Psychen
434 3690 534 3761 aiunt
553 3691 661 3761 fuisse
674 3689 962 3761 formosissimam
983 3690 1150 3780 puellam,
1201 3689 1319 3759 studio
1350 3688 1510 3778 erigitur.
1568 3688 1690 3778 Quare
1721 3693 1787 3762 etsi
1816 3720 1872 3764 me
1898 3697 2002 3787 plane
2025 3698 2186 3789 ineptum

171 3792 308 3867 Phoebi
332 3807 366 3863 et
380 3787 617 3863 Endelechiae
640 3794 766 3875 filiam,
792 3816 883 3886 quae
906 3785 1032 3862 habuit
1050 3814 1150 3860 soro-
1201 3815 1276 3860 esse
1294 3793 1337 3865 ad
1359 3785 1452 3861 hanc
1473 3792 1693 3863 functionem
1715 3793 1895 3886 intelligo,
1919 3800 2013 3868 etad
2031 3799 2186 3868 eiusde·

173 3921 228 3968 res
245 3896 420 3990 quinque,
439 3917 590 3986 quarum
607 3891 693 3964 haec
709 3894 855 3963 ursmina
872 3894 1032 3978 fuerunt,
1052 3890 1149 3986 ὄψις,
1200 3893 1428 3962 clinationem
1443 3894 1555 3964 multa
1571 3918 1652 3964 vere
1665 3910 1700 3966 et
1713 3896 1804 3967 iuste
1816 3911 2016 3989 praetexere
2032 3922 2188 3992 possem:

172 3995 286 4092 ἀκοή,
311 4000 454 4096 γεῦσις,
482 3989 598 4087 ὀσμὴ,
623 3990 713 4091 ἁφὴ.
772 3994 857 4065 Fuit
880 4007 997 4065 autem
1026 3995 1150 4065 vatici·
1200 4007 1318 4066 tamen
1345 4016 1392 4064 nc
1412 3996 1584 4086 superbus
1605 4009 1667 4067 aut
1691 4013 1880 4069 contumax
1905 4001 2056 4071 iudicer:
2089 4005 2186 4095 quod

171 4102 293 4184 nium,
319 4095 411 4168 hanc
427 4110 617 4187 nupturam
632 4121 706 4167 esse
722 4096 959 4188 pulcherrimo
982 4111 1016 4169 et
1040 4095 1150 4187 pessi·
1200 4096 1354 4165 faustum
1374 4095 1419 4165 sit
1439 4121 1482 4182 ac¹
1492 4096 1595 4182 felix,
1619 4112 1755 4169 vestrae
1769 4101 1944 4172 voluntati
1962 4105 2185 4193 obtempera·

170 4228 231 4273 mo
253 4198 478 4272 adolescenti.
530 4195 651 4292 ltaque
674 4223 754 4269 curn
772 4193 959 4291 Zephyrus
981 4222 1057 4267 eam
1085 4198 1148 4266 ab·
1200 4197 1266 4281 bo,
1291 4197 1402 4266 fretus
1416 4197 1575 4267 bonitate
1591 4213 1726 4284 vestra,
1751 4196 1912 4295 mihique
1928 4219 2025 4275 certo
2040 4227 2185 4295 persua·

170 4305 326 4375 (lusisset
344 4302 383 4371 in
399 4314 540 4394 pratum
557 4302 736 4393 quoddam
751 4299 1057 4380 amoenissimum,
1078 4295 1150 4369 Cn-
1199 4299 1304 4379 dens,
1327 4315 1410 4382 999,
1432 4312 1467 4369 99
1489 4299 1641 4370 candido
1663 4303 1707 4370 de
1722 4326 1779 4371 me
1793 4303 1926 4373 iudicio
1942 4300 2038 4376 hunc
2055 4303 2188 4379 119999-

174 4405 260 4497 pido
275 4429 351 4474 eam
367 4404 592 4494 compressit,
617 4415 649 4472 et
662 4402 849 4494 paciscitur
870 4424 908 4471 se
924 4414 1030 4471 noctu
1054 4399 1148 4468 redi·
1200 4399 1249 4468 ris
1271 4399 1415 4469 titulum
1437 4413 1472 4470 et
1493 4400 1649 4471 officium
1671 4405 1715 4473 ad
1733 4399 1788 4473 me
1806 4405 1990 4492 detulisse,
2015 4407 2102 4478 etin
2119 4403 2186 4478 hac

174 4519 295 4576 turum
319 4527 409 4587 esse,
433 4517 533 4592 rogat
557 4517 597 4576 ut
620 4505 657 4573 19
679 4503 836 4576 tenebris
856 4502 1083 4582 admittatur,
1108 4515 1149 4571 ut
1198 4501 1455 4587 gubernatione
1477 4526 1557 4571 cum
1580 4526 1654 4588 999,
1677 4517 1753 4575 tum
1768 4530 1870 4596 eum,
1898 4531 2002 4600 quem
2022 4505 2109 4578 mihi
2128 4535 2186 4580 so-

173 4608 282 4677 latere
296 4604 417 4697 possit.
469 4602 509 4674 ld
527 4623 646 4679 narrat
660 4606 854 4680 sororibus.
905 4599 1147 4674 Haehortan-
1197 4603 1293 4674 cium
1327 4596 1435 4672 huius
1466 4604 1784 4677 administrationis
1811 4610 2028 4699 adiungetis,
2067 4608 2185 4680 restro

174 4724 249 4792 tur,
276 4720 315 4777 ut
338 4705 369 4775 si
390 4706 509 4775 redeat
528 4709 749 4793 adolescens,
775 4709 956 4792 observet,
984 4707 1065 4800 quis
1089 4707 1145 4778 sit.
1197 4704 1364 4784 consilio,
1390 4706 1605 4796 praesentia,
1630 4731 1736 4798 opera
1761 4722 1796 4779 et
1818 4712 2008 4779 autoritate
2032 4710 2192 4800 benigne

173 4808 264 4881 Cum
287 4809 398 4898 igitur
420 4818 530 4876 noctu
552 4809 662 4892 redit,
688 4823 724 4879 et
738 4804 871 4900 Psyche
894 4803 1064 4902 lychnum
1082 4801 1148 4875 ha·
1196 4806 1382 4876 adiuturos
1399 4827 1482 4880 esse.
1555 4820 1557 4829 ’

172 4912 279 4983 bebat
309 4912 492 4978 ardentem
522 4906 560 4975 in
586 4911 746 4999 capsula,
776 4908 977 5001 dormiente
1006 4910 1146 4996 iuvene,
1297 4904 1411 4974 Deum
1434 4921 1615 4979 aeternum
1638 4906 1777 4976 Patrem
1798 4907 1945 4979 Domini
1969 4913 2082 4983 nostri
2106 4911 2184 4986 lesu

173 5012 305 5107 promit
324 5005 513 5104 lychnum,
543 5009 686 5079 accersit
708 5030 864 5087 sorores,
891 5020 931 5076 ut
954 5030 1034 5076 eum
1059 5031 1146 5079 con·
1195 5001 1329 5075 Christi
1360 5020 1435 5077 toto
1467 5023 1606 5100 pectore
1635 5031 1719 5090 oro,
1758 5023 1799 5078 ut
1828 5034 1892 5100 per
1920 5006 1989 5083 hoc
2017 5032 2184 5088 semestre

174 5114 344 5206 spiciant,
371 5112 466 5180 videt
493 5123 526 5180 et
548 5109 615 5179 tela
639 5135 679 5178 ac
694 5133 805 5180 99999.
857 5105 1020 5200 Cumque
1039 5108 1145 5195 sagit·
1182 5109 1486 5201 vtranquillitatem
1510 5105 1565 5177 his
1585 5110 1791 5198 regionibus
1814 5116 2001 5200 concedat,
2033 5132 2067 5188 et
2093 5115 2185 5190 hanc

172 5231 225 5287 tas
250 5216 387 5284 curiose
409 5225 662 5296 contrectaret,
694 5212 849 5280 sauciato
870 5209 981 5297 digito
1008 5208 1143 5296 ingenti
1194 5204 1369 5293 scholam,
1391 5234 1662 5302 nosqueomnes
1677 5212 1870 5284 clementer
1885 5218 2073 5305 gubernet,
2099 5244 2184 5312 pro-

169 5324 291 5391 amore
303 5314 492 5407 Cupidinis
508 5314 646 5388 exarsit.
697 5308 1144 5402 Excitatuanpido,cum
1195 5323 1288 5400 tegat
1302 5324 1337 5382 et
1352 5325 1546 5386 conservet.
1596 5310 1693 5384 Dixi.

168 5444 205 5492 99
218 5418 360 5512 agnosci
374 5416 527 5499 videret,
554 5417 681 5488 avolat.
734 5411 801 5484 1119
821 5412 981 5510 sequitur
1002 5412 1143 5503 fugien-
1212 5504 1217 5509 ι
1431 5412 1551 5485 Prima
1568 5412 1671 5490 Maii.
1703 5412 1941 5491 Ann01557.
