4748 6022
237 245 315 322 ω.
861 287 865 294 .
985 237 1314 318 canurnou
1363 234 1477 314 nm
1497 238 1528 313 1.
1729 345 1733 352 ι
2198 250 2280 330 aot

240 417 402 513 Namque
424 430 486 490 tuo
509 428 631 489 sumtu
651 414 786 486 flavum
807 409 929 485 schola
950 415 1094 488 condita
1109 416 1156 487 ad
1169 407 1237 486 At·
1290 410 1410 503 Quare
1420 436 1483 505 age
1493 416 1637 486 tandem
1650 416 1757 503 ausis,
1772 431 1806 489 et
1816 431 1975 489 sanctam
1987 423 2126 516 suscipe
2139 448 2285 498 causam

755 517 830 586 bim
846 529 910 597 est,
1340 513 1446 586 lrrita
1461 541 1506 587 ne
1521 518 1648 589 fallant
1662 542 1728 589 nos
1740 534 1800 591 tua
1816 519 1910 591 dicta
1924 524 2045 600 modo.

292 619 345 695 Ut
360 623 453 695 vitae
468 647 593 694 verum
610 623 766 693 traderet
779 621 841 690 illa
858 619 1017 693 modum.
1287 614 1509 690 Conscissam
1526 643 1572 690 ne
1587 621 1687 690 vides
1701 623 1834 713 tragico
1850 625 2042 697 crudeliter
2057 631 2143 702 ore?

242 724 313 800 Hic
331 723 518 818 Evangelii
535 726 691 817 primum
708 723 870 794 doctrina
885 718 1065 816 renata¹)‚
1340 717 1470 809 Qualia
1485 723 1530 790 de
1545 722 1713 814 plaustris
1729 723 1848 797 Attica
1867 726 1972 797 turba
1989 745 2102 807 sonat.

293 825 441 901 Deterso
456 828 573 920 coepit
586 822 722 923 pura')
738 827 853 896 nitere
865 825 948 895 situ.
1288 820 1349 892 Tu
1365 819 1473 917 (bene
1488 825 1639 894 dicendo
1656 827 1813 898 convitia
1829 828 1973 900 vincere
1988 831 2066 903 laus
2081 832 2152 930 est)

244 931 369 1004 Induit
383 927 442 1001 hic
456 954 560 1002 veros
577 931 716 1015 vultus,
742 928 945 1021 iterumque
960 927 1133 998 coloremr
1339 923 1459 996 Triste
1473 920 1568 995 nihil
1583 928 1747 998 meritam
1762 954 1847 1000 voce
1861 946 1959 1004 tuere
1975 935 2044 1024 pia.

225 1090 232 1097 -
295 1035 442 1127 Accepit
455 1035 600 1105 tandem
611 1032 751 1122 relligio
765 1033 841 1123 ipsa
856 1051 972 1100 suum.
1100 1095 1104 1103 ,
1172 1111 1174 1113 ,
1287 1023 1392 1096 Hanc
1406 1027 1473 1097 tibi
1491 1027 1701 1100 Maeonides
1715 1031 1840 1102 divino
1857 1036 2014 1106 carmine
2029 1037 2164 1126 laudat,

243 1136 389 1211 Etcum
404 1135 578 1207 Germani
593 1135 774 1206 sumsisset
789 1157 886 1202 arma
904 1130 1081 1225 Tyranni,
1338 1125 1430 1199 Cum
1446 1130 1599 1212 ferrum,
1624 1130 1817 1220 'l’emesem
1843 1136 1919 1228 ipsa
1935 1136 2102 1212 Minerva
2119 1136 2229 1220 vehit.

294 1237 426 1311 Contra
442 1236 678 1328 Evangelium
694 1249 883 1329 sanctaque
899 1233 993 1304 iussa
1007 1230 1088 1309 Dei.
1288 1229 1521 1325 Ascraeique,
1545 1233 1639 1302 senis
1653 1234 1834 1308 celebrant
1849 1242 2010 1323 oracula,
2039 1258 2156 1316 mutat

242 1341 416 1415 Doctores
429 1342 498 1414 tibi
511 1364 594 1411 cura
609 1341 688 1432 pios
702 1338 891 1410 defendere
906 1336 987 1418 soli,
1061 1341 1064 1343 ’
1338 1331 1496 1405 Socratis
1509 1335 1547 1404 in
1564 1339 1698 1426 gremio
1715 1339 1778 1432 qui
1793 1341 1985 1413 recubabat
1999 1345 2089 1419 olor.

294 1441 344 1516 Et
358 1446 428 1516 late
444 1438 580 1516 Christi
592 1464 756 1534 spargere
771 1442 898 1529 dogma
913 1439 993 1515 fuit.
1288 1435 1391 1505 Aude
1407 1435 1516 1526 igitur
1530 1451 1754 1532 spretamque
1769 1443 1838 1532 piis
1853 1444 2035 1518 ulciscitor
2050 1447 2170 1535 armis,

244 1546 313 1619 His
325 1548 392 1619 tibi
404 1569 470 1639 pro
485 1545 624 1617 meritis
640 1559 737 1635 grata
752 1540 940 1635 praeconia
956 1565 1041 1612 voce
1339 1535 1491 1610 Materia
1506 1539 1651 1630 ingenio
1667 1546 1836 1614 convenit
1854 1545 1919 1616 ista
1936 1561 2011 1623 tuo.

295 1649 488 1722 Posteritas
503 1648 638 1732 omnis,
663 1644 790 1738 virque
804 1667 964 1736 puerque
977 1656 1117 1719 canent.
1279 1635 1449 1732 Ἄλκιμος
1461 1637 1554 1728 too’,
1576 1640 1641 1716 tva
1654 1638 1711 1725 τίς
1726 1666 1766 1718 σε
1780 1643 1845 1718 καὶ
1860 1643 2053 1748 ὀψιγόνων
2067 1643 2110 1724 εὖ
2124 1651 2220 1744 eins,

244 1751 352 1825 Nulla
366 1766 445 1824 tuas
462 1774 621 1844 unquam
635 1748 784 1819 virtutes
800 1746 932 1816 nesciet
947 1760 1054 1832 aetas,
1337 1742 1435 1813 Haec
1449 1742 1516 1814 tibi
1530 1743 1742 1817 Maeonides
1754 1748 1916 1838 classica,
1939 1751 2042 1840 lane,
2067 1754 2174 1825 canit.

294 1854 379 1926 Non
393 1856 449 1925 ius
461 1854 501 1922 in
516 1853 640 1923 laudes
655 1872 750 1920 mors
764 1843 871 1920 babet
886 1861 962 1920 atra
976 1863 1064 1924 tuas.

685 1988 797 2058 Aliud,

240 2110 340 2182 Haec
353 2109 557 2204 quicunque
572 2105 671 2175 vides
686 2101 790 2173 oculo
807 2112 1019 2194 properante
1031 2097 1159 2183 viator,
1299 2094 1367 2172 No.
1382 2092 1443 2171 52.
2069 2111 2132 2192 (en.
2151 2114 2263 2196 1525)

282 2211 350 2283 -Ad
365 2235 463 2282 sacra
475 2233 521 2279 ne
536 2207 654 2300 pigeat
667 2205 790 2274 sistere
805 2204 908 2276 busta
923 2204 1060 2294 pedem.
1289 2195 1451 2219 Μ
2060 2202 2272 2240 m

247 2312 314 2386 llle
329 2338 392 2405 ego
408 2311 630 2392 rudericus,
655 2304 755 2378 Duce
772 2330 843 2400 quo
858 2302 1013 2376 Saxonia
1029 2303 1114 2374 felix
1356 2311 1389 2366 tn
1407 2311 1504 2384 anag.
1525 2311 1616 2369 Sacer.
1634 2323 1661 2370 ec
1678 2315 1708 2371 in
1725 2317 1863 2390 oppttn.
1878 2317 1912 2376 Τ.
1924 2321 1957 2378 v,
1974 2321 2075 2394 psat.
2110 2321 2191 2396 Apud
2203 2323 2277 2378 vin-

296 2414 421 2488 Ardua
435 2428 610 2485 sacratum
627 2409 721 2481 tollit
733 2405 784 2478 ‘ad
799 2421 892 2479 astra
909 2421 1025 2500 caput.
1389 2390 1461 2437 ‘⁶¹¹‘
1479 2400 1507 2453 Ρ·
1521 2382 1581 2438 ¹⁰⁸·

244 2518 319 2610 Qui
334 2517 497 2612 quamvis
512 2528 585 2588 tota
599 2513 740 2582 arderet
755 2508 949 2580 (immania
965 2509 1080 2592 bellis,
1358 2541 1416 2614 Ad
1439 2545 1610 2614 lanum
1636 2541 1668 2636 (ἰ
1683 2568 1713 2616 e·
1727 2550 1907 2620 Ioannem
1920 2543 2207 2648 Mamm).

293 2618 407 2691 Effeci
421 2642 543 2710 pacem
556 2614 721 2708 gentibus
735 2633 809 2680 esse
823 2611 923 2681 meis.
2107 2679 2112 2685 ,

125 2761 126 2764 “
243 2720 404 2796 Et'senio
419 2720 562 2790 tandem
576 2715 693 2805 longis
709 2714 887 2783 conlectus
903 2713 949 2783 ab
965 2714 1081 2800 annis,
1288 2693 1331 2763 1¹¹
1347 2718 1456 2764 ⁰⁰0¹¹³
1473 2694 1622 2765 ⁰⁰¹¹V5V³
1638 2691 1730 2766 mihi
1745 2699 1947 2771 ‘¹⁰⁰5ssme
1963 2699 2060 2787 1³⁰0,

238 2846 246 2854 ·
294 2822 365 2893 llic
381 2838 480 2912 tegor
493 2819 620 2909 exiguo
635 2816 800 2886 conditus
814 2815 854 2882 in
869 2817 1021 2886 tumulo.
1338 2793 1392 2867 De
1408 2791 1683 2890 Symphwiacit
1698 2823 1791 2871 unus
1806 2815 1841 2872 et
1853 2802 1943 2873 alter
1958 2807 2036 2876 erit.

242 2926 427 3000 Virtutum
441 2922 564 2994 laudes
581 2933 614 2989 et
627 2918 758 2989 famam
775 2917 882 3006 longa
895 2912 1055 2989 mearum
1287 2896 1431 2992 Quique
1443 2897 1533 2990 χὲλυ
1549 2901 1669 2990 dissiffl
1683 2903 1817 2993 ”3⁰⁶⁸
1831 2903 1949 2986 ¹⁰d³¹‘
1975 2909 2096 2979 ³d⁸⁵³²

293 3027 483 3100 Posteritas
499 3045 656 3116 semper,
681 3021 728 3090 sit
742 3020 850 3090 modo
867 3034 983 3110 grata,
1007 3021 1106 3096 feret.
1338 2999 1396 3071 Ad
1413 3015 1551 3071 nostras
1565 3003 1687 3095 epulas
1703 3002 1787 3075 lane
1802 3009 1982 3096 rogandus
1995 3011 2074 3096 erit,

686 3163 796 3228 Anu&
1286 3101 1368 3173 Non
1385 3097 1481 3173 hunc
1497 3106 1600 3173 crede
1614 3099 1705 3174 mihi
1721 3108 1784 3199 qui
1800 3106 1930 3179 Martis
1944 3109 2037 3183 furta
2052 3116 2210 3201 canebat,

460 3282 469 3300 ,
730 3277 739 3294 ,
809 3276 818 3293 ,
842 3275 851 3292 ,
954 3274 963 3292 ,
1337 3203 1435 3275 lnter
1449 3201 1619 3296 phaeacas
1636 3207 1763 3279 vicerit
1777 3209 1838 3279 ille
1854 3233 1971 3286 senex.
2123 3295 2126 3300 ,

241 3285 420 3377 Principis
431 3279 492 3378 hrc
506 3276 853 3352 tumulus-Frrdencr
868 3287 1027 3347 continet
1041 3298 1131 3362 ossa,
1285 3303 1452 3377 Carmine
1466 3309 1498 3376 si
1513 3309 1629 3378 “ism
1644 3309 1757 3379 animi
1771 3311 1946 3404 depellere
1961 3337 2073 3400 cum,

294 3387 410 3479 Quem
426 3384 560 3478 patriae
575 3395 710 3473 patrem
724 3379 854 3449 fecerat
868 3399 942 3447 esse
955 3375 1063 3448 Deus.

682 3483 691 3498 ,
842 3481 851 3497 ‚
973 3479 982 3496 ,
1337 3407 1484 3479 Viribus
1499 3422 1535 3481 et
1548 3411 1647 3480 fessis
1663 3411 1738 3482 ocia
1754 3437 1862 3504 parva
1874 3439 1996 3506 paras:

243 3492 345 3563 11Ῑῖυὸ
361 3503 395 3559 ⁸¹
408 3510 531 3557 ΨΜ*
547 3487 601 3554 fac
617 3497 750 3576 (Ψῑιῐῃε
764 3475 906 3550 Ch'm‘
922 3496 1115 3573 ‘immam’
1285 3507 1366 3581 Huc
1380 3513 1463 3580 ades
1478 3513 1573 3584 ultro
1590 3513 1696 3583 bonis
1711 3516 1876 3587 convivia
1890 3518 1989 3589 adire
2005 3519 2182 3591 bonorum
2252 3530 2256 3535 ’

294 3592 455 3665 Molliter
470 3587 676 3706 inque-sinu
691 3606 792 3676 posse
806 3583 915 3653 latere
930 3597 1004 3652 tuo.
1335 3610 1418 3683 M0⁸
1435 3627 1504 3700 est,
1530 3628 1567 3686 at
1581 3616 1738 3707 rogitant
1753 3631 1787 3689 te
1804 3620 1912 3689 modo
1928 3617 2013 3691 lane
2027 3622 2125 3696 boni·

240 3697 331 3768 Nam
346 3698 433 3765 dum
449 3693 521 3760 vita
535 3690 606 3760 fort
613 3739 625 3774 ,
653 3701 713 3758 tua
726 3709 825 3756 sacra
840 3684 994 3769 colebat,
1019 3700 1164 3781 eratque

290 3798 401 3869 Nosse
416 3791 651 3884 Evangelium
667 3788 820 3880 maxima
837 3810 920 3856 cura
938 3786 1028 3860 viro.

1300 3948 1366 4020 No.
1381 3950 1442 4024 58.
2104 3989 2153 4034 sn.
2169 3968 2263 4035 1525.

1290 4047 1462 4077 m
2095 4057 2268 4087 m

264 4159 332 4232 No.
348 4154 410 4229 51.
1061 4177 1109 4218 sn.
1126 4155 1222 4221 1525,
1352 4150 1385 4207 ln
1400 4151 1498 4224 lsrrsg.
1511 4150 1605 4207 Secer.
1617 4161 1643 4205 et
1658 4153 1685 4208 in
1700 4173 1763 4227 opp.
1775 4154 1836 4210 Bas.
1856 4153 1890 4210 T.
1901 4155 1934 4210 V.
1952 4174 1980 4228 p.
1989 4156 2050 4216 850.
2064 4168 2090 4213 et
2102 4161 2176 4232 epod
2191 4162 2276 4221 Vino.

245 4254 418 4287 w„
1055 4246 1225 4278 soa-.-
1387 4240 1414 4292 p.
1428 4222 1486 4280 sta.
1510 4250 1547 4261 -
1582 4223 1661 4291 apud
1682 4223 1821 4278 Seceriurn
1840 4223 2001 4280 inscribitur
2018 4227 2128 4282 Ioanni
2142 4230 2277 4287 Eisleben

644 4354 651 4367 ·
1175 4352 1183 4367 .
1386 4293 1425 4355 (Α
1446 4291 1578 4356 ricolae)‚
1601 4291 1685 4346 etsie
1704 4293 1782 4347 etiam
1802 4292 1831 4346 in
1849 4292 1931 4348 Basil.
1966 4294 2021 4350 sed
2042 4298 2203 4356 Vincentius
2223 4321 2276 4374 pro

308 4358 340 4413 ln
351 4355 491 4426 farragine
502 4353 594 4408 Seeer.
607 4361 634 4404 et
644 4371 673 4435 sp
687 4370 751 4471 opp.
763 4350 823 4406 Bas.
836 4350 870 4404 Τ.
883 4350 916 4404 V.
929 4348 1024 4422 pato.
1059 4349 1230 4422 apostare.
1385 4359 1432 4415 Eis
1443 4360 1512 4414 eben
1526 4360 1599 4414 dedit
1612 4359 1763 4431 „Amicm”
1797 4359 1909 4434 Ubique
1920 4365 2137 4437 rerohgricolse
2151 4379 2192 4424 est
2203 4372 2277 4426 seri-

342 4445 371 4499 p,
386 4426 445 4480 110,
465 4452 494 4462 -
532 4421 604 4475 Coll.
617 4420 700 4492 liprst.
741 4421 778 4475 ol.
792 4421 813 4476 l.
826 4439 853 4493 p.
866 4418 931 4474 7⁸7.
1386 4438 1479 4504 ptum,
1496 4428 1579 4502 quis.
1593 4429 1668 4486 152⁵.
1682 4429 1749 4484 abiit
1759 4430 1886 4486 lslehism
1899 4441 1929 4486 ut
1940 4432 2062 4488 sobolem
2075 4435 2113 4490 ibi
2125 4450 2241 4511 regeret·

436 4565 647 4641 Iohanni
686 4557 1031 4656 Reiffessetetn.
1522 4584 1763 4682 mamar')
1797 4591 2035 4667 Eurotan,

238 4707 414 4779 Promissa
431 4718 517 4775 esta
534 4717 568 4773 te
585 4698 690 4771 nobis
707 4699 843 4783 oratio,
872 4695 967 4777 lane,

290 4808 391 4898 Quae
407 4821 619 4878 mercatores
636 4802 793 4871 vindicet
808 4823 891 4871 ausa
908 4824 999 4874 reos.

239 4910 352 5002 Regia
369 4911 470 4979 crede
486 4903 577 4978 mihi
593 4931 649 4978 res
664 4920 717 4976 est
731 4904 939 4987 defendere,
964 4903 994 4972 si
1010 4902 1068 4973 cui

288 5013 371 5085 Non
387 5013 502 5104 ipsurn
518 5011 670 5091 crimen,
697 5009 758 5078 sed
773 5021 876 5078 nocet
891 5004 1038 5078 invidia.

237 5115 287 5191 Et
299 5131 434 5207 tegere,
461 5126 495 5183 et
511 5135 651 5181 servare
666 5112 781 5181 bonos
795 5109 961 5181 facundia
976 5109 1092 5191 debet,

288 5217 512 5292 Praesidium
527 5214 641 5286 virtus
657 5213 790 5284 scilicet
806 5213 900 5284 istud
917 5206 1033 5284 habet.

1283 4735 1430 4832 Optime
1442 4763 1550 4832 quem
1567 4764 1733 4832 praesens
1747 4743 1941 4832 malebam,
1966 4742 2070 4830 Iane,
2095 4750 2257 4841 salutem,

1332 4841 1414 4913 Non
1430 4841 1517 4913 falsa
1533 4843 1636 4913 vobis
1651 4843 1766 4914 dicere
1781 4871 1867 4917 voce
1880 4849 1999 4929 modo,

1220 4977 1228 4985 ·
1281 4941 1378 5015 Hinc
1394 4945 1500 5031 elegis
1515 4968 1579 5035 ego
1595 4947 1687 5016 ferre
1702 4948 1805 5035 dedi,
1827 4949 2004 5044 iussique,
2027 4953 2165 5044 precari
2288 4936 2298 4955 *

1333 5047 1382 5121 Ut
1396 5061 1512 5119 servet
1524 5042 1688 5119 Christus
1701 5063 1824 5145 teque,
1847 5066 2015 5148 tuamque
2029 5056 2189 5130 domurn.

1280 5141 1529 5245 Auspiciisque
1544 5146 1686 5222 scholae
1701 5153 1835 5238 faveat,
1860 5168 2065 5250 vestrosque
2081 5156 2224 5230 labores

1329 5248 1524 5340 Ptenchat,
1549 5267 1654 5350 atque
1671 5277 1736 5326 suo
1751 5253 1899 5326 numine
1915 5273 2038 5351 coepta
2051 5259 2161 5336 iuvet.

274 5386 287 5435 1
317 5383 383 5438 Bra.
402 5390 429 5437 et
447 5382 508 5439 Sec.
525 5377 631 5436 addunt
649 5385 701 5432 est.
988 5403 991 5406 ⁴
1261 5414 1269 5426 ,

270 5453 288 5504 2
316 5470 389 5520 pure
406 5454 470 5508 Bu.
1311 5444 1342 5508 1)
1360 5444 1558 5505 lleilienstein?
1578 5476 1607 5489 -
1644 5449 1675 5503 ln
1687 5448 1750 5505 Bss.
1763 5447 1945 5509 inscribetnrs
1961 5453 2199 5514 Ioamilsleten.
