4748 6022
173 330 251 421 aas
779 271 1621 429 Quansrronas2aoa‘nsurcar.
1693 335 1694 339 ‘
2140 354 2216 429 roa

177 505 342 578 monium
366 508 409 576 de
435 507 659 579 enarratione
673 509 853 595 vaticinii,
877 536 984 605 quam
1000 513 1168 596 recitasti,
1211 513 1315 604 puli,
1340 513 1469 599 idest,
1491 511 1580 584 Fide
1597 515 1859 609 amplectentur
1876 545 2000 592 vocem
2010 521 2212 620 Evangelii.

178 610 336 702 primum
353 604 423 679 hoc
441 610 610 695 adfirmo,
637 626 732 682 tuam
755 612 1084 706 interpretationem
1109 641 1171 687 ve-
1217 613 1309 690 Com
1326 631 1444 687 autem
1462 617 1622 706 angustia
1646 615 1755 690 huius
1769 625 1941 714 temporis
1957 651 2033 697 non
2048 630 2213 702 admittat

178 737 254 785 ram
275 734 368 795 esse,
395 723 429 781 et
441 712 598 782 nativam
613 716 825 787 sententiam
840 740 915 786 esse
929 718 1113 788 concionis
1131 719 1169 787 in
1217 717 1415 806 longiorem
1434 720 1654 801 orationem,
1680 722 1751 791 alio
1768 723 1846 793 loco
1864 727 2043 819 copiosius
2067 735 2112 802 de
2133 745 2210 805 toto

180 812 331 886 Genesis
365 813 448 884 Non
462 816 642 887 auferetur
659 817 996 908 sceptrumaluda,
1022 845 1087 891 nec
1103 844 1169 911 gu-
1217 820 1387 891 vaticinio
1409 821 1633 896 disseremus.
1681 821 1778 895 Dixi.

179 919 352 988 bernator
388 941 408 986 a
442 918 594 1007 pedibus
628 919 723 1005 eius,
755 922 870 991 donec
891 909 1030 993 venerit
1053 919 1169 997 Siloh.

179 1016 229 1092 Et
243 1019 277 1090 ei
290 1020 541 1089 auscultabunt
555 1022 692 1112 populi.
1226 1054 2207 1099 --.-··-····-·-·--·---·------

280 1119 360 1193 Etsi
382 1134 499 1192 autern
529 1124 690 1212 angustia
716 1126 885 1217 temporis
908 1151 983 1195 non
1006 1126 1168 1196 concedit
1536 1210 1539 1215 ,
1685 1136 1687 1140 '

150 1226 303 1309 nobis,
330 1237 370 1294 ut
393 1225 535 1314 longam
557 1227 827 1317 explicationem
851 1253 949 1300 nunc
972 1228 1169 1314 instituam,
1221 1212 1395 1338 Q
1558 1315 1560 1318 Α
1949 1233 2210 1302 trauersae.

178 1342 299 1399 tamen
327 1350 437 1416 pauca
460 1340 539 1395 tuae
557 1328 844 1418 interpretationi
857 1332 998 1400 addam.
1050 1328 1168 1400 Mem·
1650 1417 1652 1421 ι
1975 1328 2188 1366 ’Ν

177 1432 243 1501 bra
268 1431 378 1500 totius
396 1428 557 1497 vaticinii
580 1428 686 1500 Iacob
717 1433 829 1502 multa
859 1447 962 1516 sunt,
993 1433 1055 1501 sed
1081 1427 1168 1503 baec
1284 1429 1880 1508 Ῑηθθῐθῦῑ·ὓθῦῑ·ῐ““ιΤ-Ν·ΜΒΝ·
1916 1436 2048 1495 Richard.
2074 1441 2157 1498 T0¹1¹·
2172 1442 2208 1497 ¹¹·

178 1531 306 1621 verba,
333 1555 423 1623 quae
447 1531 611 1617 recitavi,
630 1534 830 1619 manifeste
864 1534 1051 1605 continent
1082 1558 1168 1626 pro-
1320 1521 1345 1574 p.
1359 1502 1419 1558 ⁵⁹⁶¹

179 1634 384 1704 missionem
400 1635 612 1704 deventura
628 1633 779 1716 Messia,
800 1638 843 1706 de
858 1651 1016 1730 tempore
1032 1638 1167 1706 adven-

180 1750 256 1820 tus,
282 1738 326 1804 de
342 1734 495 1805 Messiae
509 1737 696 1809 nativitate
716 1753 751 1809 et
767 1740 945 1830 potentia,
968 1752 1002 1809 et
1026 1741 1069 1808 de
1092 1741 1167 1809 col-

179 1839 321 1928 ligenda
330 1835 488 1908 Ecclesia
504 1863 544 1907 ex
555 1837 745 1914 Gentibus.
790 1840 950 1932 Tempus
966 1842 1165 1913 constituit:

178 1939 350 2013 Nascetur
373 1954 489 2011 stante
511 1937 629 2011 adbuc
650 1943 776 2033 politia
802 1940 982 2023 Mosaica,
1005 1945 1068 2013 sed
1091 1966 1165 2013 non

178 2058 349 2132 regnante
362 2042 472 2131 stirpe
488 2037 603 2115 Iuda.
655 2042 746 2116 Cum
767 2057 883 2114 autern
901 2045 1064 2116 nominat
1081 2070 1164 2116 eum
1711 2110 1713 2114 a
2178 2129 2183 2135 Ι

175 2139 309 2229 Silolr,
346 2143 464 2212 reddit
498 2143 634 2233 primae
665 2146 911 2236 promissionis
944 2148 1166 2235 sententiam,
1214 2127 1287 2210 Est
1310 2140 1458 2210 omnino
1481 2142 1597 2211 maior
1618 2142 1695 2211 laus
1712 2144 1819 2213 officii
1833 2168 1873 2213 ac
1894 2143 2139 2232 obedientiae,
2166 2145 2207 2215 in

1217 1681 1389 1762 Quaestio
1412 1682 1541 1753 Hier.
1566 1671 1814 1756 Menoelia‘:
1839 1686 1900 1755 Aa
1916 1708 2047 1759 aarum
2072 1694 2125 1760 sit
2143 1687 2207 1761 di-

1216 1790 1337 1865 arma,
1365 1783 1464 1876 quod
1487 1793 1598 1856 extat
1624 1789 1665 1857 in
1690 1784 1783 1859 libro
1810 1789 2083 1861 Decretoruma
2111 1786 2206 1885 fru-

1213 1893 1297 1956 stra
1318 1889 1448 1958 seruat
1463 1889 1732 1986 decapolim,
1758 1895 1822 1984 qui
1843 1915 1918 1964 non
1938 1901 2067 1965 emunt
2084 1894 2206 1967 Cano·

1531 2014 1601 2063 aaa
1629 1993 1887 2066 conciliorum.

175 2249 240 2318 ubi
266 2245 476 2315 nominatur
496 2239 626 2313 Samen
648 2244 828 2317 mulieris.
885 2246 939 2317 lta
965 2244 1023 2320 hic
1045 2251 1164 2320 nomi.
1199 2238 1285 2310 ‘boc
1300 2254 1425 2311 nostro
1440 2257 1563 2328 coetu,
1583 2268 1691 2336 quam
1707 2245 1956 2337 eloquentiae,
1986 2245 2107 2334 Quare
2125 2272 2206 2316 curn
2311 2308 2316 2328 ,

175 2360 286 2418 natur
302 2343 434 2415 Foetus
448 2340 625 2420 Mulieris.
676 2347 718 2419 ld
744 2351 840 2420 enirn
863 2350 1037 2441 significat
1059 2377 1165 2423 voca-
1215 2338 1306 2413 mihi
1323 2344 1367 2412 de
1383 2347 1552 2416 mandato
1568 2359 1837 2439 praeceptorum
1856 2342 1916 2419 hie
1935 2349 2127 2418 dicendum
2150 2350 2238 2435 sit,
2360 2413 2366 2425 ,

176 2449 313 2520 bulum¹
331 2443 446 2521 Siloh.
497 2447 571 2517 Nec
595 2460 734 2520 tantum
758 2448 827 2522 hoe
849 2454 1041 2541 significat,
1066 2455 1164 2524 nasci
1216 2470 1320 2538 spero
1336 2470 1401 2516 vos
1416 2448 1465 2517 ita
1481 2446 1659 2533 iudicare,
1683 2472 1827 2518 menon
1844 2449 2041 2519 temeritate
2061 2464 2123 2521 aut
2148 2469 2207 2523 ar·

176 2549 347 2631 Messiam
372 2551 450 2619 sine
467 2551 567 2619 virili
590 2552 744 2639 semine,
771 2556 833 2623 sed
850 2555 957 2624 etiarn
975 2558 1163 2638 vocabulo,
1178 2585 1180 2588 ·
1195 2539 1198 2549 ⁴
1215 2549 1376 2637 rogantia
1399 2545 1491 2617 mibi
1513 2544 1578 2618 bas
1599 2550 1741 2620 dicendi
1765 2566 1882 2644 partes
1907 2553 2117 2645 sumpsisse,
2144 2557 2207 2624 sed

177 2656 272 2746 quod
306 2652 478 2741 significat
511 2653 713 2744 pelliculam
746 2679 808 2727 seu
839 2649 971 2751 χόριον
995 2658 1037 2727 in
1068 2659 1163 2743 alvo,
1214 2646 1746 2722 honestissimaeconsuetudini
1761 2649 1904 2723 scholae
1919 2679 2055 2723 morem
2072 2676 2206 2745 gerere,

177 2757 274 2849 quod
296 2754 493 2825 circumdat
514 2756 671 2838 foetum,
701 2773 794 2829 recte
811 2772 949 2844 monet,
975 2761 1063 2830 duas
1089 2784 1163 2831 esse
1215 2752 1347 2823 dabitis
1365 2753 1473 2841 igitur
1495 2749 1585 2823 mibi
1602 2754 1766 2841 veniam,
1788 2755 1860 2826 imo
1882 2769 1917 2826 et
1938 2757 2143 2826 felicitatem
2165 2759 2206 2828 in

175 2870 334 2930 naturas.
383 2855 512 2936 Pellis‚
536 2850 575 2924 iil
600 2872 671 2946 est,
692 2858 834 2930 infirma
850 2857 1007 2931 bumana
1023 2876 1163 2948 natura,
1214 2856 1495 2946 obtemperando
1529 2857 1747 2949 probabitis,
1789 2870 1822 2928 ²1
1856 2882 1971 2928 meam
2004 2860 2205 2949 0¹³1501¹01¹¹

175 2959 284 3032 morti
299 2959 472 3044 obnoxia,
496 2958 694 3030 circumdat
709 2961 816 3031 aliam
830 2962 1012 3032 victricem
1027 2966 1163 3039 mortis.
1213 2958 1302 3027 boni
1321 2959 1532 3040 consuletis,
1546 2961 1643 3053 quod
1660 2974 1700 3031 ut
1713 2960 1860 3047 sociatis,
1876 2958 2082 3032 reverenter
2097 2963 2205 3035 etiam

176 3062 230 3132 Ac
247 3060 473 3134 utDominus
488 3062 562 3152 ipse
580 3060 720 3132 infirma
736 3064 829 3155 pelle
847 3064 1083 3136 circumdatus
1097 3081 1161 3151 est,
1214 3083 1278 3129 vos
1291 3084 1367 3129 oro·
1749 3071 1751 3075 ”
2077 3143 2082 3153 Ι

174 3165 226 3234 ita
243 3165 438 3253 cogitemus
453 3160 649 3232 Ecclesiam
671 3165 831 3255 fragilem
850 3190 922 3236 esse
944 3181 1103 3258 coetum,
1129 3182 1164 3238 et
1317 3159 1409 3232 Cum
1434 3177 1551 3235 autem
1576 3163 1747 3234 usitatum
1772 3164 1818 3236 sit
1840 3160 1900 3235 bic
1928 3168 1972 3236 de
1994 3168 2202 3261 quaestione
2271 3194 2273 3198 ⁴

176 3268 275 3337 velut
292 3267 495 3335 involutum
513 3267 849 3360 tenerrimaepelli,
873 3294 978 3363 quam
1003 3265 1162 3342 borribi-
1214 3262 1333 3357 aliqua
1354 3267 1545 3348 disserere,
1582 3280 1615 3336 et
1639 3266 1709 3335 iam
1735 3268 1777 3336 de
1802 3266 1951 3363 Synodo
1984 3294 2109 3341 rursus
2143 3273 2204 3341 in-

175 3368 258 3438 liter
273 3369 430 3439 lacerant
444 3365 620 3438 Diabolus
635 3383 671 3440 et
688 3371 764 3441 eius
776 3395 920 3461 organa.
958 3372 1027 3443 Sed
1042 3387 1162 3444 tamen
1214 3361 1376 3436 timenda
1406 3368 1603 3436 mullffl'tlm
1634 3369 1821 3439 audiamus
1848 3394 2049 3458 ⁸0r¹¹¹⁰¹¹⁰ss
2086 3400 2128 3445 ⁰¹
2162 3398 2204 3445 0³

173 3470 271 3541 intus
294 3471 481 3541 nobiscum
498 3485 550 3541 est
570 3471 665 3542 lilius
680 3470 767 3558 Dei,
792 3476 855 3568 qui
879 3475 1014 3566 inquit:
1046 3473 1160 3545 Nemo
1213 3471 1360 3537 materia
1376 3469 1618 3562 quaestionem
1634 3470 1780 3559 sumpsi.
1834 3470 1928 3541 Vere
1942 3498 1987 3542 ne
2002 3477 2138 3546 dictum
2156 3478 2204 3548 sit

173 3573 285 3663 rapiet
301 3597 384 3643 oves
401 3597 496 3641 meas
514 3576 558 3642 de
575 3575 742 3644 manibus
759 3577 858 3644 meis.
1134 3637 1139 3646 ,
1213 3570 1311 3663 quod
1334 3573 1372 3639 in
1399 3571 1460 3638 illa
1486 3570 1664 3658 farragine
1688 3573 1858 3659 scripturn
1882 3586 1954 3654 est,
1981 3580 2203 3668 quaenomi-
2298 3622 2301 3629 .

275 3673 352 3743 Hac
364 3675 605 3743 consolatione
620 3699 686 3744 nos
701 3690 951 3764 sustentemus,
974 3678 1071 3771 quod
1090 3677 1158 3747 sci·
1213 3685 1321 3740 natur
1334 3673 1427 3742 liber
1445 3673 1681 3741 decretorum.
1733 3671 1880 3744 Frustra
1904 3691 2021 3748 servat
2034 3672 2202 3771 Evange·
2296 3755 2303 3766 ,

172 3797 272 3855 mus,
306 3799 389 3844 vere
410 3775 514 3843 nobis
537 3777 657 3844 adesse
682 3777 796 3847 fllium
815 3779 900 3859 Dei,
934 3793 968 3851 et
993 3804 1058 3849 nos
1081 3792 1160 3850 tan·
1212 3773 1320 3858 lium,
1343 3775 1497 3869 quinon
1514 3773 2070 3850 servatCanonesconciliorum.

172 3900 280 3969 quam
304 3877 381 3946 eius
405 3876 572 3951 manibus
602 3877 876 3970 comprehensos
908 3883 1059 3968 servari,
1095 3882 1160 3953 etsi
1313 3874 1492 3948 Existimo
1525 3872 1772 3948 cohorrescere
1804 3903 1929 3951 omnes
1963 3885 2085 3965 rudes,
2118 3907 2200 3952 curn

172 4002 295 4049 sumus
312 3980 414 4048 valde
428 3978 564 4067 fragilis
581 3994 616 4051 et
631 3983 793 4072 squalida
815 3985 994 4076 pellicula.
1213 3975 1306 4050 banc
1321 4005 1443 4051 vocem
1462 3981 1587 4069 legunt
1603 4004 1665 4049 seu
1679 3982 1844 4053 audiunt.
1870 3981 2019 4079 Necesse
2034 3998 2086 4054 est
2102 3986 2200 4054 enirn

272 4079 398 4152 Postea
415 4082 629 4151 vocabulum
648 4079 752 4153 Silolr
770 4088 875 4156 etiam
890 4087 1065 4176 significat
1080 4086 1157 4155 fau·
1210 4078 1304 4152 hanc
1319 4083 1529 4154 sententiam
1547 4083 1750 4153 firmissimo
1773 4097 1914 4176 pectore
1936 4100 2077 4168 tenere,
2103 4099 2199 4157 certo

170 4194 266 4254 stum
296 4197 330 4255 et
363 4183 549 4264 forficem,
580 4185 790 4256 reddentem
821 4189 987 4259 videlicet
1020 4212 1159 4258 summa
1210 4185 1303 4253 filios
1315 4183 1403 4269 Dei,
1431 4199 1465 4256 et
1480 4180 1648 4254 haeredes
1664 4207 1738 4256 esse
1754 4187 2022 4258 vitaeaeternae
2039 4189 2201 4284 eos,qui

169 4285 263 4355 bona
280 4286 400 4377 generi
416 4280 587 4371 humano,
605 4287 781 4360 iusticiam
798 4303 834 4363 et
847 4291 956 4361 vitam
969 4303 1159 4361 aeternam.
1209 4285 1326 4358 Deum
1343 4288 1440 4357 iuxta
1456 4284 1692 4376 Evangelium
1709 4289 1880 4359 invocant
1898 4304 1932 4362 et
1946 4292 2090 4368 colunt.
2115 4291 2200 4362 ubi-

167 4383 306 4479 Etlipsi
333 4390 585 4459 auscultabunt
609 4392 754 4481 populi,
786 4416 869 4478 seu,
895 4395 939 4463 ad
964 4417 1044 4463 eum
1070 4416 1158 4463 con·
1210 4413 1350 4482 cunque
1366 4389 1511 4472 vivunt,
1537 4390 1675 4460 etiamsi
1690 4393 1819 4461 caeteri
1839 4393 1930 4463 ritus
1954 4408 2050 4464 extra
2074 4391 2200 4483 Evan-

169 4491 421 4579 gregabuntur.
472 4489 551 4561 Etsi
575 4492 670 4561 enim
698 4495 742 4563 de
772 4496 948 4565 vocabulo
974 4496 1159 4587 disputant
1208 4492 1342 4582 gelium
1357 4492 1547 4562 dissimiles
1562 4506 1658 4563 sunt.
1710 4490 1771 4563 Sic
1787 4494 1885 4564 enim
1900 4496 2035 4566 dictum
2052 4508 2114 4565 est.
2156 4494 2198 4566 Si
2260 4581 2265 4592 .

170 4590 424 4676 Grammatici,
446 4604 564 4662 tamen
588 4597 764 4666 sententia
787 4621 934 4689 prorsus
950 4600 1071 4668 eadem
1092 4611 1157 4682 est,
1208 4594 1289 4687 quis
1306 4594 1421 4685 diligit
1438 4619 1512 4680 me,
1537 4617 1738 4664 sermonem
1754 4620 1874 4666 meum
1888 4599 2055 4681 servabit,
2081 4609 2117 4669 et
2128 4596 2199 4667 Pa-

170 4705 205 4767 et
238 4706 442 4783 congruunt
468 4697 576 4762 verba
612 4699 902 4787 promissionum.
953 4697 1070 4771 Antea
1099 4699 1157 4769 di·
1208 4710 1262 4766 ter
1282 4721 1383 4767 meus
1404 4697 1527 4786 diliget
1551 4722 1653 4782 eum,
1682 4711 1716 4767 et
1743 4699 1927 4768 veniemus
1955 4701 2000 4767 ad
2030 4724 2131 4783 eum,
2164 4713 2199 4769 et

169 4807 264 4868 ctum
292 4810 359 4866 est:
407 4792 449 4863 ln
482 4797 617 4865 semine
652 4811 715 4869 tuo
746 4801 1003 4874 benedicentur
1033 4824 1157 4872 omnes
1206 4798 1426 4869 mansionem
1442 4801 1536 4890 apud
1554 4823 1634 4869 eum
1650 4799 1831 4868 faciemus.

169 4895 316 4971 Gentes.
368 4895 420 4968 lta
436 4890 505 4964 hoc
523 4896 602 4965 loco
619 4898 724 4985 dicit,
750 4926 824 4972 non
844 4917 983 4973 tautum
1007 4902 1157 4995 posteri·
1305 4897 1383 4971 Hac
1399 4925 1484 4971 voce
1508 4900 1603 4969 filius
1620 4897 1688 4969 Dei
1703 4921 1768 4967 nos
1790 4899 1866 4969 beri
1888 4898 2112 4973 domicilium
2139 4904 2198 4975 di-

167 4999 233 5071 tati
247 4993 413 5070 Abrahae
428 4997 618 5066 salutarem
635 4999 711 5070 iore
728 4997 835 5073 buius
851 5001 1001 5072 Domini
1017 5004 1152 5071 adven·
1204 4999 1365 5084 vinitatis
1388 5004 1568 5084 adfirmat,
1593 5024 1699 5091 quam
1728 5000 1802 5092 ipse
1826 5001 1991 5089 tradidit,
2017 5029 2093 5077 non
2116 5007 2196 5076 aliis

166 5115 266 5185 tum,
299 5103 358 5171 sed
382 5100 553 5170 universo
575 5101 697 5188 generi
718 5098 888 5178 humano.
939 5100 987 5173 Et
1012 5104 1156 5195 quidem
1204 5102 1454 5192 opinionibus,
1479 5118 1513 5173 et
1528 5101 1673 5196 quidem
1692 5102 1823 5174 diserte
1841 5104 2010 5196 scripturn
2029 5122 2091 5182 est.
2129 5105 2196 5177 Ni-

166 5205 359 5295 significat,
394 5201 588 5293 imperium
619 5201 696 5271 eius
725 5204 897 5275 dissimile
919 5207 997 5275 for'e
1022 5203 1158 5275 Mundi
1202 5199 1658 5287 hiladdasautdetralras,
1697 5201 1804 5291 Item,
1830 5204 1976 5279 Frustra
1996 5211 2121 5295 colunt
2137 5232 2196 5281 me

165 5306 337 5398 imperiis.
380 5303 475 5374 Voce
490 5304 678 5375 doctrinae
689 5319 789 5395 reget
803 5322 940 5378 mentes
955 5323 989 5379 et
1006 5321 1159 5398 pectora,
1201 5309 1379 5377 mandatis
1403 5303 1605 5377 bominum.
1666 5304 1772 5380 Unde
1813 5296 1922 5399 i'gitur
1955 5306 2024 5379 boc
2056 5311 2193 5384 dictum

162 5423 199 5487 et
215 5405 308 5480 banc
320 5432 444 5478 vocem
457 5405 676 5498 Fideaccipi
692 5409 781 5484 vult.
835 5406 919 5479 ldeo
938 5411 1052 5503 placet
1067 5406 1158 5481 mibi
1200 5423 1300 5481 atrox
1315 5424 1496 5504 receptum
1512 5409 1587 5481 est?
1612 5412 1707 5507 quod
1718 5410 1769 5484 ait
1781 5412 1911 5482 frustra
1929 5411 2195 5485 servariEvan-

164 5511 433 5605 interpretatio,
457 5533 549 5604 quae
570 5510 672 5601 legit:
724 5510 798 5605 lpsi
817 5513 1070 5587 auscultabunt
1093 5538 1160 5607 po-
1201 5513 1358 5606 gelium,
1396 5513 1430 5584 si
1461 5535 1539 5586 non
1575 5526 1764 5588 serventur
1796 5511 1971 5586 Canem
2038 5512 2199 5605 Falsuuu
