4748 6022
228 253 314 333 oss»
712 252 1022 349 antonum
1054 253 1129 330 ιιι
1161 250 1785 337 anavusconclonus..
1896 277 1901 282 ·
2183 273 2259 348 sas

229 445 259 501 et
291 444 404 501 terrae
433 441 467 499 et
492 426 714 517 Angelorum
742 442 777 499 et
798 423 1008 512 bominum,
1043 452 1122 503 sana
1141 455 1220 505 cum
1277 427 1352 518 ipse
1375 438 1410 498 et
1432 427 1615 499 doetrinae
1638 430 1774 510 studia,
1800 448 1834 505 et
1856 429 1955 508 branc
1974 453 2113 511 coetum
2132 446 2266 520 docan-

203 533 303 611 lilio
335 557 400 601 suo
422 528 579 602 Domino
609 545 731 601 nostro
756 530 832 600 lesu
856 528 1058 600 Christoet
1082 530 1220 620 Spiritu
1276 533 1367 600 tium
1393 543 1426 601 et
1453 529 1665 600 discentium
1691 549 1806 623 regat,
1840 551 1875 606 et
1900 564 1982 609 vere
2005 543 2052 612 sit
2072 543 2206 618 Recror
2229 566 2264 624 st

228 647 348 704 sancto
370 657 453 717 suo,
474 635 569 725 quod
595 647 629 703 et
653 633 788 721 colligit
801 632 838 700 in
855 627 909 700 his
926 632 1131 719 regionibus
1147 629 1217 707 Ec,-
1272 643 1510 704 conservator.
1581 633 1715 702 Deinde
1745 649 1781 704 nt
1805 652 1838 704 te
1860 642 2050 729 gubernet,
2091 661 2125 715 rt
2147 652 2263 738 facist,

227 735 389 820 clesiatn,
411 748 446 804 et
469 735 660 804 clementer
682 729 852 803 hasctenns
873 733 1000 807 tribuit
1026 728 1220 805 huicAcas
1270 746 1313 803 ut
1350 746 1409 804 tua
1443 734 1654 819 gubernatio
1691 737 1736 807 sit
1764 723 1877 810 tanos
1909 757 1944 813 et
1975 745 2075 829 sclix,
2134 747 2262 824 Amen,

226 835 381 918 demiae,
407 848 441 904 et
464 834 592 905 vicinis
609 834 816 925 regionibus
829 835 1011 905 doctrinae
1025 835 1171 920 lucem„
1184 850 1219 906 et
1269 831 1378 911 Anno
1401 830 1508 906 1555.

227 937 441 1007 mediocrem
466 936 779 1029 tranquillitatem,
809 936 891 1028 quia
918 936 1140 1006 verissimum
1165 949 1217 1007 est

227 1036 319 1109 Psal.
340 1038 490 1108 dictum:
520 1035 599 1108 Nisi
612 1035 789 1108 Dominus
807 1037 1013 1107 custodierit
1029 1038 1216 1121 civitatem,
1276 1039 1412 1050 “”“““’

225 1139 355 1210 frustra
369 1138 510 1228 vigilat,
535 1139 598 1231 qni
612 1139 765 1209 custodit
778 1162 867 1210 essm.
920 1139 1056 1209 Deinde
1070 1155 1103 1208 et
1119 1133 1215 1211 bans

225 1240 341 1331 ipsum
364 1242 544 1311 custodem
559 1235 736 1309 Ecclesiae
757 1262 840 1308 suae
855 1238 969 1308 Deum
988 1240 1214 1328 omnipoten-

226 1357 296 1412 tem
322 1366 407 1425 oro,
440 1355 478 1410 ιιι
500 1339 665 1432 deinceps
686 1364 828 1433 quoqne
852 1355 1008 1430 protegat
1031 1354 1064 1411 et
1085 1343 1213 1432 guber·

227 1457 287 1515 net
306 1439 370 1512 has
392 1442 551 1532 regiones
573 1455 608 1515 et
623 1438 799 1512 Ecclesias
816 1441 854 1511 in
870 1443 938 1525 eis,
964 1457 998 1513 et
1014 1437 1105 1513 hanc
1121 1442 1213 1513 Aco-

224 1544 389 1614 demiem.

326 1658 420 1749 Quia
443 1684 528 1729 vero
548 1658 680 1751 optime
697 1660 926 1730 constitutum
944 1674 1015 1745 est,
1040 1676 1081 1731 ιιι
1094 1662 1213 1753 quoli-

224 1763 282 1832 bet
311 1762 469 1831 semestri
500 1756 568 1831 hoc
596 1760 740 1831 difficile
764 1784 856 1832 oncis
880 1764 1148 1851 gubernationis
1174 1765 1210 1831 in

221 1864 333 1936 aliurn
361 1862 592 1935 transferetur
618 1859 724 1958 (nam
750 1864 957 1931 vicissitudo
980 1865 1137 1934 laborem
1158 1866 1209 1934 le-

223 1978 301 2049 vat,
326 1959 699 2055 stestdrtstocrasia).
731 1961 899 2053 Significo
915 1965 1034 2049 vobis,
1061 1965 1208 2036 electum

222 2089 296 2136 esse
318 2064 506 2138 Rectorem
530 2065 704 2133 illustrem
727 2078 762 2133 et
787 2062 1009 2135 Generosum
1031 2065 1076 2136 D.
1096 2057 1210 2137 Clari-

219 2160 452 2263 stophoram,
477 2162 653 2235 Comitem
666 2165 705 2233 iu
718 2162 838 2260 Barby
852 2181 918 2240 etc.

322 2299 414 2372 Cum
428 2313 545 2368 autem
560 2299 777 2367 severissime
792 2299 982 2391 praecipiat
994 2324 1061 2369 vox
1076 2300 1209 2385 divina,

220 2417 259 2474 ut
284 2400 321 2471 in
347 2402 507 2494 quolibet
530 2413 630 2470 coetu
647 2400 783 2489 legibus
798 2402 999 2471 consociato
1016 2403 1108 2471 cives
1123 2405 1208 2472 obe-

221 2505 322 2574 diant
344 2503 416 2573 suis
443 2501 717 2591 magistratibus:
752 2501 970 2572 Mementote
991 2504 1092 2572 vobis
1118 2528 1208 2595 qaro-

220 2630 288 2700 qoe
311 2616 532 2696 praeceptum
555 2625 648 2685 esse,
675 2618 713 2672 ut
728 2598 812 2672 huic
828 2618 943 2673 vestro
961 2601 1105 2674 Rectori
1124 2607 1208 2674 illu-

218 2709 281 2776 stri
303 2723 337 2775 et
359 2704 542 2775 Generoso
557 2703 691 2774 Comiti
704 2700 981 2794 Christoplsoro,
1006 2719 1208 2775 reverenter

220 2807 403 2879 obediatis.
463 2800 528 2875 Est
557 2805 706 2872 omnino
736 2804 901 2895 politicus
930 2808 1019 2875 ordo
1049 2808 1207 2887 testimo-

220 2911 320 2979 nium
334 2908 543 2996 sapientiae,
567 2905 742 2988 iusticiae,
769 2906 1029 2995 providentiae,
1057 2922 1091 2976 et
1107 2932 1207 2996 prae.

219 3011 351 3082 sentiae
371 3006 439 3079 Dei
467 3010 561 3077 inter
585 3001 766 3086 homines,
799 3009 893 3098 qnod
923 3029 1026 3094 saepe
1049 3008 1207 3093 cogitan-

219 3116 304 3182 dum
327 3126 398 3190 est,
421 3125 461 3181 ut
485 3109 680 3178 reverentia
696 3130 776 3197 erga
801 3121 913 3177 totum
933 3108 1094 3176 ordinem
1114 3110 1205 3200 poli·

218 3216 325 3285 ticum
350 3212 589 3282 confirmetur.
642 3207 715 3280 Nec
740 3233 822 3278 vero
846 3208 1034 3302 quicquam
1058 3233 1205 3298 usquam

216 3315 346 3406 legitur
368 3313 500 3384 dictum
521 3311 661 3401 gravius
677 3314 721 3379 de
738 3305 804 3379 hac
817 3335 855 3380 re
870 3325 959 3394 tota,
981 3336 1086 3403 qssam
1101 3309 1205 3380 Pauli

216 3415 360 3497 concio,
385 3439 474 3509 quae
490 3416 533 3483 sd
551 3411 735 3486 Romanos
749 3413 877 3502 scripta
890 3427 960 3494 est,
983 3413 1020 3480 in
1035 3437 1103 3505 qua
1121 3408 1206 3482 haec

217 3520 324 3590 verba
361 3518 518 3587 studiose
553 3515 807 3586 consideranda
838 3527 936 3584 sunt:
978 3513 1122 3583 Necesse
1153 3528 1203 3586 est

216 3618 362 3689 obedire
382 3632 457 3687 non
479 3617 593 3687 solum
617 3628 762 3707 propter
784 3615 891 3699 iram,
917 3617 975 3683 sed
998 3616 1102 3684 etiam
1120 3639 1203 3706 pro-

215 3735 292 3813 pter
310 3717 571 3789 conscientiam.

318 3848 490 3943 Expresse
513 3849 664 3921 allirmat
685 3846 941 3918 contumaciam
967 3872 1041 3934 non
1063 3863 1201 3921 tanturn

215 3956 268 4025 ira
290 3955 557 4042 magistratuum
580 3951 619 4019 in
639 3949 835 4040 praesentia
852 3949 993 4040 puniri,
1018 3953 1199 4020 sedetiam

215 4059 285 4132 tale
301 4055 413 4126 scelus
429 4077 520 4136 esse,
546 4051 641 4146 quod
658 4064 824 4132 mentesa
839 4048 915 4122 Deo
932 4052 1069 4122 avellat.
1120 4052 1199 4124 Hoc

212 4160 307 4233 dicto
324 4153 580 4246 magismunita
589 4166 640 4224 est
648 4152 817 4225 autoritas
826 4152 1095 4242 Magistratuum
1106 4158 1199 4246 apud

212 4262 406 4331 mediocres
428 4253 609 4340 homines,
635 4279 740 4348 quam
763 4255 847 4324 ullis
868 4254 976 4327 armis
992 4269 1053 4327 aut
1066 4256 1200 4348 praesi-
1249 4280 1420 4352 dienfiam
1443 4307 1523 4373 ,rga
1538 4285 1777 4379 Magum&
1831 4295 1900 4367 pro
1921 4325 1991 4392 quo
2008 4304 2123 4376 officio
2140 4307 2236 4384 Deus

211 4363 291 4435 diis.
349 4361 470 4450 Quare
498 4357 645 4429 tribuite
669 4354 890 4447 Magistratui
916 4357 1043 4445 ¹debita
1073 4359 1199 4444 officia,

211 4489 256 4543 ne
272 4459 367 4532 Deus
390 4461 544 4530 offensus
567 4482 630 4530 vos
652 4459 806 4532 abiiciat.
856 4455 953 4528 Haec
976 4473 1046 4529 tota
1063 4461 1198 4530 doctri·
1247 4483 1395 4555 Honora
1414 4503 1548 4578 pamm
1565 4502 1597 4558 ει
1615 4509 1780 4577 mmm,
1805 4502 1908 4569 „133³
1926 4504 1935 4571 Ι

211 4592 277 4648 na,
302 4562 371 4633 Dei
392 4562 581 4648 beneficio,
606 4563 663 4656 pie
689 4561 726 4631 in
750 4556 815 4631 bac
832 4558 1020 4631 Academia
1041 4563 1196 4633 illustra-

211 4683 243 4738 ta
259 4681 321 4741 est.

1595 1043 1601 1048 -
1608 1043 1611 1047 ι
1617 1042 1810 1054 omn—..q-te...
1816 1049 1835 1054 ...
1841 1051 1865 1057 ,,.
1881 1053 1884 1057 ,

1887 1051 1963 1061 ...-
1969 1055 2259 1079 ..mmm-*⁴-

1291 1166 1357 1237 No.
1375 1168 1436 1238 31.

1273 1262 1445 1290 Μ

2088 1214 2135 1253 sn.
2152 1197 2244 1262 taos

2080 1281 2251 1314 Μ

1334 1376 1365 1430 ln
1379 1376 1545 1463 Orstionum
1561 1379 1593 1462 Τ.
1609 1381 1641 1440 V.
1660 1401 1686 1453 p.
1699 1381 1740 1452 3.,
1763 1384 1790 1439 irs
1806 1383 1984 1444 Orationibus
1996 1397 2140 1463 postremis
2153 1415 2179 1469 p.
2192 1401 2218 1456 3.
2229 1415 2257 1459 st

1367 1447 1437 1517 apud
1453 1446 1626 1503 lltcbardsom
1642 1472 1667 1521 p.
1676 1454 1736 1508 ⁵94.

1263 1608 1481 1701 designmio
1495 1601 1752 1704 Magistratus
1775 1611 1994 1690 scholastici
2016 1620 2163 1714 publice
2183 1626 2255 1702 lsa-
2289 1626 2292 1631 ’

1314 1705 1393 1778 bita
1418 1731 1443 1779 α
1468 1710 1608 1782 Gemite
1633 1711 1966 1807 Obristopboro
1991 1724 2202 1820 Barbieasi,

1418 1827 1421 1834 ·
1480 1814 1640 1885 Domino
1662 1820 1703 1887 in
1724 1820 1937 1914 Mallinpen
1962 1832 2032 1896 etc.

1264 1937 1372 2039 Quod
1390 1953 1543 2024 faustum
1561 1973 1593 2027 et
1611 1961 1695 2030 felix
1710 1961 1775 2048 sit,
1802 1966 1932 2037 electus
1949 1984 1999 2040 est
2016 1971 2147 2046 Rector
2160 1975 2252 2052 Aca-

1262 2056 1397 2123 demiae
1414 2057 1627 2129 clarissimus
1647 2065 1720 2142 vir,
1747 2068 1932 2139 nobilitate
1949 2098 1988 2142 ac
2004 2075 2138 2147 virtute
2150 2107 2251 2169 prae.

1260 2168 1356 2224 stans
1364 2154 1540 2228 Dominus
1551 2157 1765 2235 [aestimas
1778 2163 1937 2253 oBeast‚
1963 2178 2147 2271 utriusque
2164 2184 2252 2255 iuris

1260 2254 1394 2325 Doctor
1414 2271 1447 2326 et
1464 2259 1653 2337 Professor.
1709 2265 1823 2338 Huius
1842 2272 2047 2344 electionem
2067 2283 2168 2352 vobis
2183 2310 2251 2377 pu.

1261 2357 1352 2427 blice
1376 2361 1562 2432 renuncia.
1626 2364 1762 2438 Multae
1785 2386 1870 2443 scint
1894 2377 1989 2444 enim
2011 2401 2152 2467 causae,
2186 2410 2250 2458 cur

1259 2458 1365 2529 talem
1390 2463 1694 2538 renunciationem
1719 2471 1793 2540 lieri
1819 2475 1960 2561 publice
1984 2478 2114 2556 deceat.
2176 2485 2247 2559 Vos

1260 2583 1399 2677 necesse
1421 2577 1472 2633 est
1496 2565 1603 2650 scire,
1636 2571 1693 2639 cui
1718 2578 1908 2645 mandetur
1931 2578 2177 2670 Magistratus3
2214 2604 2249 2662 et

1260 2661 1348 2729 utde
1370 2675 1438 2746 est,
1463 2689 1519 2733 me
1542 2682 1576 2736 et
1599 2684 1758 2741 senatum
1776 2674 1987 2748 Academiae
2005 2685 2119 2772 palam
2137 2693 2246 2779 proli·

1258 2762 1345 2847 teri,
1377 2778 1411 2833 et
1439 2768 1597 2837 studium
1626 2785 1732 2866 atque
1756 2779 1981 2849 autoritatem
2012 2788 2056 2851 ad
2085 2811 2166 2857 etim
2190 2793 2247 2862 iu-

1258 2865 1414 2933 vandum
1442 2879 1477 2936 et
1505 2873 1673 2940 tuendam
1704 2877 1928 2967 disciplinam
1950 2885 2141 2957 collaturos
2163 2916 2247 2968 esse.

1259 2960 1499 3055 praecipimus
1521 2985 1635 3041 atatem
1655 2977 1774 3061 vobis,
1800 2995 1839 3048 ut
1857 2998 2057 3054 reverenter
2073 2982 2156 3061 buic
2173 2991 2245 3066 Re·

1258 3068 1345 3133 ctori
1381 3069 1590 3142 Academiae
1627 3091 1767 3148 nostrae
1798 3081 1963 3173 deinceps
1997 3087 2246 3184 obtemperetis

1258 3179 1402 3254 propter
1425 3175 1628 3242 mandatnm
1653 3180 1834 3265 divinum,
1869 3189 1963 3277 qtrod
1991 3187 2120 3261 Paulus
2143 3193 2245 3286 Apo-

1257 3266 1367 3336 stolus
1382 3263 1437 3336 bis
1454 3274 1570 3340 verbis
1586 3278 1723 3349 recitat:
1750 3281 1896 3353 Necesse
1912 3301 1961 3357 est
1976 3291 2141 3384 obedire,
2171 3323 2245 3370 non

1256 3367 1370 3486 solum
1394 3386 1538 3461 propter
1558 3376 1670 3459 iram,
1696 3381 1733 3448 id
1756 3396 1826 3465 est,
1849 3402 1994 3477 propter
2009 3416 2156 3482 poenas,
2182 3403 2244 3471 sed

1256 3485 1362 3540 ettam
1387 3489 1530 3562 propter
1550 3478 1811 3550 conscientiam.
1865 3483 1961 3555 Haec
1985 3495 2090 3561 verba
2110 3497 2244 3588 infigite

1255 3570 1392 3639 intimis
1414 3573 1574 3644 sensibus
1597 3591 1789 3666 pectorum.
1840 3583 1942 3656 Nihil
1961 3591 2055 3659 enim
2072 3596 2143 3666 dici
2161 3622 2242 3689 grs-

1254 3670 1333 3741 vius
1364 3687 1477 3763 potest
1506 3679 1549 3745 ad
1578 3681 1803 3751 sanciendam
1832 3687 2074 3781 disciplinam,
2106 3713 2140 3767 et
2164 3727 2242 3772 ιιιιι.

1254 3773 1425 3853 olendum
1448 3778 1611 3849 ordinem
1636 3782 1839 3873 politicum,
1865 3815 1971 3882 qttam
1995 3800 2088 3884 qssod
2107 3798 2240 3876 Paulus

1253 3875 1320 3958 ait,
1345 3878 1575 3951 conscientias
1597 3908 1617 3950 a
1640 3878 1715 3954 Deo
1739 3890 1843 3958 avelli
1867 3905 1902 3961 et
1924 3894 2000 3964 lieri
2024 3893 2140 3970 hostes
2164 3902 2241 3990 Dei,

1254 3979 1282 4045 si
1303 3977 1374 4048 sint
1389 3995 1612 4053 contumaces
1629 3983 1913 4087 Magistratibns:
1941 3995 2040 4085 Quid
2056 4016 2107 4071 est
2121 4020 2239 4076 atatem

1251 4077 1406 4164 tristius,
1431 4105 1536 4174 quam
1558 4108 1577 4153 a
1592 4083 1668 4158 Deo
1690 4093 1850 4165 avsdsum
1866 4110 1900 4165 et
1916 4098 2124 4172 damnatum
2141 4110 2240 4178 esse?

1251 4178 1335 4250 ldeo
1363 4196 1506 4273 propter
1521 4183 1635 4256 Deum
1659 4191 1789 4262 flectite
1812 4196 1949 4267 animos
1971 4203 2014 4269 ad
2039 4203 2133 4293 piam
2150 4211 2237 4280 obe

1250 4383 1403 4471 praemia
1433 4387 1598 4456 daturum
1622 4414 1659 4459 se
1682 4397 1856 4483 promittit
1879 4400 1917 4468 in

1943 4398 2009 4472 boc
2033 4428 2233 4504 praecepto:

1503 4589 1511 4605 ·
1816 4598 1820 4604 Ι
1938 4527 2115 4594 ongoevns
2129 4536 2235 4605 super

1249 4601 1388 4657 terram.
1445 4586 1584 4660 Deinde
1606 4613 1817 4670 mementote
1842 4598 1979 4672 scholas
2001 4633 2074 4679 esse
2098 4629 2233 4702 partem

1247 4687 1424 4768 Ecclesiae
1445 4691 1514 4760 Dei
1538 4697 1773 4788 praecipuam.
1836 4702 1918 4772 ldeo
1939 4707 2016 4774 sitis
2040 4715 2232 4784 modestio-

311 4780 472 4872 Coguitis
495 4794 613 4852 autem
635 4781 793 4853 lontibus
814 4784 914 4852 decet
936 4805 999 4852 vos
1016 4783 1091 4853 Deo
1116 4806 1196 4872 gra-
1246 4812 1323 4874 res,
1346 4814 1392 4858 ne
1412 4793 1497 4860 mali
1520 4820 1636 4867 mores
1652 4794 1864 4875 dedecorent
1878 4801 2070 4876 Ecclesiam
2087 4810 2171 4898 Dei,
2199 4834 2233 4891 et

208 4886 275 4958 tias
294 4909 396 4976 agere
417 4909 482 4975 pro
505 4878 571 4952 hac
588 4882 767 4966 doctrina,
793 4896 827 4952 et
843 4883 1104 4971 magistratibus
1122 4909 1195 4969 ma·
1246 4895 2078 4991 moeroremaclserantSpirituisanctoinbonis.
2129 4915 2233 4992 Nune

209 4989 277 5066 lori
292 4988 486 5057 reverentia
499 4983 654 5055 obedire·
709 4982 795 5053 Tibi
810 4997 926 5053 tutem
943 5009 1035 5053 novo
1050 4984 1195 5057 Rectori
1246 5016 1329 5062 vero
1351 4994 1416 5064 tibi
1436 5020 1530 5067 novo
1546 4997 1691 5069 Rectori
1714 4996 1809 5074 bunc
1829 5000 2075 5080 scholasticum
2091 5033 2229 5091 coetum

210 5090 276 5160 rite
302 5091 411 5160 electo
442 5083 618 5175 suffragiis
646 5100 787 5154 senatus
819 5085 1049 5171 Academiae,
1091 5091 1192 5157 trado
1247 5099 1473 5179 commendo,
1495 5094 2038 5196 ethaecRectorissignatrado.
2090 5114 2230 5193 Etcum

208 5192 450 5281 magistratum
482 5203 516 5261 et
542 5189 641 5277 signe
665 5186 906 5276 magistratus,
938 5202 974 5260 et
993 5214 1056 5259 oro
1080 5190 1209 5260 lilium-
1244 5195 1357 5266 Filius
1382 5196 1447 5268 Dei
1461 5199 1636 5272 Dominus
1658 5219 1779 5277 noster
1797 5206 1890 5278 lesus
1905 5207 2085 5300 Christus,
2110 5225 2230 5293 crisci·
2313 5245 2316 5251 ’

151 5323 172 5344 ==
206 5291 273 5365 Dei
296 5291 489 5363 Dominum
514 5305 673 5360 nostrum
691 5286 805 5359 lesum
819 5284 1021 5376 Christum,
1045 5316 1124 5359 cum
1148 5293 1194 5363 sit
1243 5297 1411 5389 lixuspro
1429 5302 1533 5371 nohis
1548 5317 1582 5374 et
1601 5306 1841 5392 resuscitatus,
1862 5314 2069 5404 promiserit
2084 5343 2120 5389 se
2137 5347 2228 5394 sem·

208 5389 337 5494 tdyog,
362 5419 544 5489 perquem
559 5392 719 5463 doctrina
733 5392 777 5461 de
787 5388 864 5462 Deo
879 5394 1049 5484 patefacta
1064 5404 1131 5478 est,
1153 5406 1194 5465 ut
1244 5422 1307 5491 per
1320 5402 1525 5474 adiuturum
1540 5429 1612 5477 esse
1621 5405 1798 5486 Ecclesiae
1811 5437 1895 5485 suae
1909 5414 2088 5489 invocanti
2102 5422 2229 5514 ipsum,

1271 5575 1280 5589 Ι
1312 5501 1389 5574 61*
