4748 6022
161 1152 164 1160 '
289 1158 382 1204 vane
407 1149 538 1200 nomen
561 1122 636 1193 eius
660 1131 819 1209 usurpat.

279 304 356 425 sn
870 326 1723 452 ooaasrtonnsacannnrcan
1845 285 1848 298 '
2103 430 2107 435 ,
2241 353 2327 432 ⁸³2

287 500 290 506 ¹
385 519 494 592 Tales
514 514 651 586 iurorm
668 521 705 582 et
723 525 880 602 poenae,
902 506 1122 579 comitantur
1145 505 1274 600 impie·
1336 503 1405 577 No.
1418 503 1480 580 64.
2077 519 2322 613 sidoniana

285 641 392 700 tatem
410 643 555 702 eorum,
579 614 643 709 qui
662 612 751 682 falsa
774 613 938 699 dogmata
961 622 1150 703 spargunt,
1176 624 1210 679 et
1234 621 1275 679 ut
2105 621 2318 665 sos«.

286 755 327 801 ea
342 726 552 800 defendant,
577 715 646 786 sibi
664 711 774 783 ludae
794 706 976 782 cohortem
999 711 1215 800 adiungunt,
1241 722 1276 778 ct
1394 701 2327 867 ¹⁸¹8&ss,i'ssss'ffffliffliifi,ffiffldfiiiflul}'hillidii

286 828 477 904 seditiones
501 830 656 890 movent.
705 813 799 885 Nam
821 823 971 906 utraque
998 812 1120 902 regule
1151 809 1276 881 ludicii
1428 839 1584 895 adunent.
1599 843 1642 898 at.
1658 843 1742 900 Mus.
1755 865 1799 902 sn
1815 847 1890 904 test.
1905 844 2047 908 recitatam
2064 858 2196 931 pertinet.

288 928 406 1003 divini
422 914 522 995 firma
538 934 606 991 est:
631 914 712 990 Non
732 915 894 984 adsumes
915 936 1047 984 nomen
1062 911 1131 983 Dei
1146 914 1200 984 tui
1214 937 1276 982 va·

518 1023 528 1042 .
700 1017 709 1035 ·
851 1015 860 1032 ·
1124 1015 1133 1033 ·
1358 985 1502 1053 cautio
1526 984 1694 1054 recitato
1720 1006 1746 1056 u
1768 987 1915 1060 Passio
1942 989 2080 1067 atero
2151 989 2189 1073 io

287 1058 352 1118 ne,
378 1052 453 1100 uon
472 1047 567 1096 emm
581 1011 1276 1207 ὴεδεὴιῑῦωειιιιεῑίιιιὲειηριἓυέῗὲιὲᾚιιιηῑ
1328 983 1767 1208 ΞΜΜΝΜΜΨ
1788 1090 1838 1160 D·
1864 994 2328 1188 mammillam&

291 1231 475 1325 acceperit,
491 1223 608 1317 gladio
624 1219 765 1313 peribit
793 1214 847 1287 Ac
860 1217 952 1289 vidit
965 1217 1103 1313 aliquot
1118 1217 1276 1310 exempla
1494 1183 1657 1260 odiliam
1678 1183 1779 1286 filma
1805 1195 1847 1264 ’.η
1860 1195 2029 1293 Ausim
2047 1199 2161 1280 ¹553·

289 1353 326 1410 et
339 1347 459 1406 nostra
477 1339 588 1408 aetas,
614 1319 765 1393 Sertorii
783 1317 994 1389 seditionem
1010 1321 1049 1390 in
1064 1318 1215 1400 Suesia,
1243 1330 1279 1389 et
1327 1302 1372 1389 N
1373 1338 1422 1384 on
1437 1334 1501 1403 08⁰
1520 1314 1592 1385 iam
1611 1340 1732 1387 taum
1747 1343 1930 1412 ‘lustrem’
1957 1351 2021 1396 cur
2043 1329 2180 1419 ignosci
2200 1337 2325 1410 debeat

286 1430 481 1511 Monetarii
501 1428 540 1496 in
562 1421 758 1511 Turingia,
780 1441 887 1489 anno
912 1420 1021 1496 1526.
1073 1417 1122 1493 Et
1147 1422 1278 1492 deinde
1329 1417 1435 1488 nobis
1456 1418 1594 1508 pueris,
1620 1422 1763 1513 quando
1785 1424 1823 1492 in
1845 1418 1901 1496 his
1915 1429 2097 1502 seniorum
2111 1449 2146 1505 ct
2162 1438 2325 1512 doctissi-

286 1541 425 1617 furores
441 1522 806 1618 Ababaptistarumin
820 1515 1064 1614 Westpbalia.
1117 1520 1184 1593 His
1200 1546 1278 1591 mo-
1330 1541 1470 1600 morum
1490 1520 1650 1591 virorum
1676 1526 1919 1612 congressibus
1941 1533 2048 1604 verba
2070 1535 2238 1626 iacimus,
2264 1547 2325 1614 sed

287 1640 357 1711 niti
380 1632 522 1724 tragicis
545 1623 773 1719 spectaculis,
808 1623 964 1715 primum
987 1635 1080 1694 reete
1102 1622 1280 1695 discamus
1331 1619 1470 1690 veniam
1493 1623 1680 1713 precabor,
1703 1627 1800 1718 quod
1825 1641 1894 1698 tam
1918 1652 2021 1725 saepe
2046 1639 2155 1709 mein
2169 1645 2325 1715 eundern

288 1765 410 1812 veram
433 1730 654 1812 doctrinam,
680 1725 810 1795 deinde
829 1724 1034 1818 aequisque
1052 1727 1146 1797 intra
1167 1740 1280 1797 metas
1330 1723 1450 1791 locum
1486 1724 1634 1814 produci
1669 1726 1797 1842 patior.
1850 1727 1972 1801 Videri
2009 1737 2106 1808 enim
2141 1743 2325 1838 aliquibus

191 1872 197 1879 ·
289 1865 374 1914 suae
396 1832 591 1907 vocationis
614 1825 813 1907 contineat,
838 1850 912 1896 nou
936 1850 1204 1919 corrumpamus
1218 1853 1279 1896 vc-
1331 1845 1489 1917 possem,
1512 1826 1627 1894 audax
1643 1841 1677 1897 et
1691 1830 1798 1897 nimis
1815 1832 1883 1900 mei
1898 1835 2090 1910 admirans.
2140 1840 2325 1938 Equidem

290 1966 349 2015 ras
369 1936 562 2011 sententias
585 1927 783 2022 praestigiis
798 1923 1087 2020 sophismatum,
1113 1930 1202 1998 sicut
1219 1927 1281 1998 lu·
1331 1947 1612 2016 agnoscomeam
1631 1927 1817 1999 infantiam
1839 1948 1874 2004 et
1897 1937 2103 2027 ruditatem,
2129 1949 2193 2016 sed
2213 1950 2326 2038 patris

291 2045 372 2115 daei
400 2039 566 2112 scelerate
594 2042 827 2119 corrumpunt
850 2032 983 2099 dictum
1014 2028 1118 2099 laeob
1141 2029 1180 2098 in
1204 2029 1280 2100 Ge·
1332 2022 1581 2098 authoritatem
1615 2029 1781 2119 defugere
1813 2057 1887 2105 non
1922 2038 2047 2126 debui,
2076 2068 2166 2137 quae
2192 2050 2325 2122 divino

290 2145 367 2218 nesi
410 2140 504 2237 quod
530 2131 774 2228 planissimum
793 2144 857 2203 est.
908 2129 1067 2220 Fingunt
1084 2124 1187 2202 Siloh
1208 2154 1281 2200 esse
1331 2129 1498 2198 mandato
1515 2132 1647 2202 sancita
1668 2145 1730 2206 est.
1784 2131 1818 2204 ls
1833 2150 1950 2208 autem
1967 2145 2064 2235 quod
2080 2170 2172 2218 nunc
2190 2150 2327 2222 iterum

232 2221 233 2225 Ἰ
289 2199 595 2332 Nabdgdonosor,
621 2247 656 2304 et
670 2233 738 2302 alia
753 2243 842 2302 tetra
855 2232 1057 2318 mendacia,
1085 2256 1175 2327 quae
1188 2233 1281 2302 reci·
1331 2229 1447 2299 voluit
1462 2255 1518 2299 me
1532 2226 1599 2303 hoc
1613 2234 1652 2301 in
1668 2233 1745 2304 loco
1759 2236 1885 2324 dicere,
1904 2265 2045 2314 causam
2060 2242 2181 2322 habuit
2195 2254 2330 2323 arctis·

172 2354 176 2363 ’
292 2365 366 2420 me
386 2337 589 2438 δύσφημον
612 2349 674 2406 est.
726 2332 800 2404 Nos
818 2334 969 2404 sciamus
985 2334 1022 2402 in
1047 2357 1087 2404 ea
1109 2334 1281 2405 sententia
1332 2330 1458 2400 siniam
1493 2334 1781 2406 coniunctionem
1812 2354 1847 2410 et
1875 2345 2194 2442 necessitudinem,
2235 2379 2325 2448 quae

292 2445 571 2522 consolationem
588 2459 690 2507 verae
704 2432 881 2506 Ecclesiae
896 2435 1134 2506 dulcissimam
1148 2459 1281 2528 propo-
1332 2433 1401 2525 ipsi
1424 2457 1504 2502 cum
1527 2432 1572 2504 Ι).
1589 2436 1742 2507 Doctore
1768 2439 1838 2509 iam
1863 2459 2009 2532 ornato,
2035 2462 2070 2519 et
2093 2467 2191 2542 patre
2214 2452 2323 2548 ipsine

292 2553 397 2621 sitam
420 2569 494 2615 esse
545 2554 586 2610 ut
609 2539 713 2609 sciret
731 2533 848 2605 Deum
872 2550 967 2605 certo
990 2550 1280 2607 conservaturum
1305 2562 1309 2609 t
1331 2534 1410 2603 viro
1438 2534 1633 2609 clarissimo
1655 2551 1690 2608 ct
1708 2541 1911 2615 doctissimo
1935 2551 2093 2621 tamdiu
2118 2554 2323 2642 intercessit,

293 2676 367 2725 esse
380 2597 548 2719 Politiaim
568 2642 606 2709 in
626 2639 734 2720 luda‘,
759 2638 872 2706 donec
886 2632 1107 2727 Redemptor
1129 2641 1282 2727 promis-
1305 2612 1309 2757 i
1333 2659 1485 2728 quorum
1506 2632 1635 2709 honori
1654 2653 1687 2710 et
1707 2641 1907 2731 foelicitati,
1932 2663 1966 2719 et
1983 2653 2057 2743 ipse
2071 2678 2112 2724 ex
2134 2658 2323 2730 animosa·

294 2725 355 2824 sus
387 2750 438 2819 ibi
472 2742 752 2834 conspiceretur,
800 2752 834 2809 et
867 2738 1067 2812 testimonia
1101 2740 1282 2808 doctrinae
1305 2764 1308 2812 t
1334 2749 1410 2822 vet,
1436 2750 1470 2806 et
1486 2763 1543 2808 me
1564 2734 1639 2825 hoc,
1652 2744 1781 2832 puerili
1796 2747 1914 2817 officio
1928 2753 2062 2823 servire
2076 2758 2204 2832 voluit.
2255 2759 2320 2832 Pto

295 2853 515 2931 ostenderet,
539 2856 574 2912 et
596 2866 661 2936 pro
685 2839 790 2909 nobis
809 2833 926 2907 hostia
953 2839 1066 2924 lieret,
1095 2839 1224 2910 deinde
1248 2857 1283 2912 et
1333 2862 1432 2908 more
1465 2841 1574 2929 igitur
1605 2839 1815 2915 scholarum
1841 2853 2083 2942 quaestionem
2114 2884 2321 2954 proponam,

294 2952 514 3048 Praedictum
542 2966 615 3013 ωε
636 2943 742 3010 finem
765 2938 841 3008 eius
861 2938 1020 3031 politiae,
1046 2952 1080 3010 et
1101 2936 1283 3012 collectio·
1332 2953 1508 3032 sumptam
1524 2965 1565 3012 ex
1581 2939 1727 3016 historia
1741 2945 1825 3018 Divi
1844 2949 2045 3037 Laurentii,
2073 2962 2174 3030 ruitis
2189 2989 2323 3034 memo*

293 3079 376 3127 nem
399 3046 577 3123 Ecclesiae
599 3068 642 3113 en
668 3040 844 3131 gentibus.
901 3037 1004 3110 Hanc
1029 3040 1283 3145 simplicemet
1305 3079 1310 3195 q
1333 3041 1423 3111 riam
1452 3039 1608 3115 Ecclesia
1639 3065 1720 3117 aute
1752 3075 1881 3139 paucos
1907 3056 1982 3125 dics
2013 3059 2220 3138 celebravit.
2278 3063 2320 3136 Et

241 3188 246 3193 ·
293 3158 452 3228 nativam
484 3145 694 3219 sententiam
733 3140 931 3211 lirmissime
970 3142 1202 3229 retineamus,
1248 3157 1282 3215 et

291 3260 480 3336 discamus,
497 3248 582 3343 quid
598 3244 737 3316 intersit
753 3244 847 3314 inter
862 3243 971 3332 legem
988 3240 1282 3335 etEvangelium,
1333 3245 1571 3332 Laurentius,
1602 3250 1665 3342 qui
1687 3250 1801 3321 iussus
1827 3259 1965 3329 tradere
1989 3265 2176 3350 pecuniam
2201 3265 2320 3340 Eccle-

294 3361 390 3430 inter
412 3368 589 3425 aeternam
612 3346 805 3429 iusticiam,
837 3359 872 3415 et
897 3345 1078 3435 politicum
1107 3349 1282 3434 ordinem,
1333 3344 1406 3414 siae
1436 3348 1609 3438 praesecto
1644 3353 1743 3421 tarbis
1770 3352 1970 3446 Romanae,
2013 3365 2180 3439 maluerit
2215 3372 2319 3442 vitam

292 3476 329 3533 et
351 3472 443 3527 recte
462 3467 689 3544 agnoscamus
710 3443 807 3516 hunc
826 3448 1055 3517 mediatorem
1080 3462 1114 3517 et
1129 3451 1282 3521 salvato·
1333 3447 1512 3532 amittere,
1539 3474 1644 3543 quam
1669 3452 1838 3545 imperata
1856 3461 1982 3533 facere.
2032 3461 2081 3536 Et
2095 3468 2256 3560 primum
2270 3476 2320 3542 vi-

291 3585 367 3633 rem
414 3580 520 3652 quem
539 3551 644 3622 lacob
659 3548 821 3619 nominat
838 3543 953 3628 Silob,
977 3572 1046 3642 qua
1064 3574 1150 3619 voce
1167 3552 1281 3621 salva·
1333 3550 1437 3619 detur
1451 3551 1612 3622 debuisse
1635 3578 1718 3624 suae
1735 3556 1969 3633 incolumitati
1995 3570 2199 3656 consulere,
2223 3599 2319 3666 prac-

291 3614 406 3734 torein
431 3654 620 3745 significari
642 3652 775 3723 iudico.
828 3643 876 3719 Et
891 3649 1002 3741 placet
1017 3648 1117 3720 ¹vetus
1132 3648 1283 3748 Elymu-
1333 3653 1454 3721 sertim
1469 3677 1549 3722 cum
1564 3654 1671 3726 interit
1690 3657 1820 3731 talibus
1833 3663 1936 3734 donis
1952 3683 2117 3757 ornatus,
2141 3687 2183 3744 ut
2200 3690 2320 3768 potue·

293 3756 526 3855 loginsilob,
545 3757 583 3824 id
600 3767 669 3833 est,
693 3753 809 3821 foetus
824 3750 958 3824 matris.
1006 3749 1210 3824 Acioctum
1231 3756 1282 3824 sic
1333 3752 1381 3823 rit
1403 3778 1482 3824 cum
1503 3755 1620 3826 fructu
1635 3755 1813 3832 Ecclesiae
1827 3761 1895 3834 Ilei
1912 3771 2056 3843 servire.
2112 3776 2226 3872 idque
2244 3803 2321 3872 pro-

293 3865 457 3936 nominat
473 3861 519 3929 ab
536 3859 676 3926 infirma
697 3851 858 3934 fasciola,
884 3875 974 3944 quae
991 3853 1197 3924 nominatur
1214 3848 1283 3948 χό-
1334 3853 1411 3923 bari
1428 3870 1540 3946 potest
1556 3853 1624 3929 hoc
1639 3879 1864 3950 argumento:

260 4011 263 4016 -
294 3991 388 4063 ρων.
442 3959 566 4030 Voluit
591 3956 686 4027 enim
710 3953 905 4043 significare
928 3953 1055 4038 Iacob,
1081 3954 1192 4025 lilium
1214 3956 1282 4028 Dei
1383 3957 1532 4028 Latroni
1547 3974 1710 4050 erepturo
1725 3965 1843 4050 vitam,
1869 3969 1939 4040 nisi
1954 3976 2103 4063 pecunia
2119 3981 2235 4065 detur,
2261 4009 2322 4075 po-

1333 3166 1465 3235 quaero
1480 3170 1521 3214 cx
1537 3161 1570 3216 tc
1586 3148 1777 3217 clarissime
1791 3148 1835 3223 D.
1849 3151 2002 3244 Doctor,
2029 3179 2122 3235 recte
2140 3189 2187 3236 ne
2206 3168 2320 3240 lecerit

294 4070 565 4157 adsumpturum
588 4082 661 4128 esse
683 4056 860 4126 infirmam
885 4054 1107 4144 pelliculam,
1132 4058 1282 4132 moritu.

296 4192 394 4250 nm,
421 4179 456 4234 et
477 4159 668 4234 horribiles
689 4159 831 4227 dolores
848 4167 882 4226 et
899 4178 1039 4226 sensum
1057 4157 1129 4226 irae
1142 4155 1209 4229 Dei
1226 4173 1282 4231 to-

198 4338 202 4349 ,
296 4273 507 4344 locuturam,
529 4285 619 4357 quae
633 4274 751 4331 tamen
768 4260 887 4328 lutura
904 4272 993 4330 essct
1009 4259 1149 4332 victrix.

388 4471 631 4560 Agnoscamus
648 4476 764 4532 autem
782 4483 848 4530 nos
863 4485 943 4530 vere
958 4485 1036 4531 reos
1051 4477 1084 4532 et
1100 4478 1281 4581 cruentam

294 4574 498 4671 pelliculam
514 4588 604 4651 esse,
629 4565 690 4632 sed
707 4562 787 4632 ideo
803 4585 869 4632 nos
882 4563 1032 4648 servari,
1059 4588 1141 4656 quta
1155 4563 1283 4635 fascio·

164 4706 176 4729 1
232 4724 238 4735 ·
296 4680 367 4749 lam
389 4688 531 4746 nostrae
549 4680 696 4738 naturae
720 4663 816 4734 lilius
836 4662 904 4748 Dei
928 4663 997 4734 sibi
1018 4664 1218 4756 copulavit,
1242 4690 1283 4738 ac

295 4793 480 4874 propterea
495 4785 632 4843 nostras
648 4766 829 4857 pelliculas
844 4765 982 4851 induit,
1001 4782 1041 4838 ut
1058 4767 1231 4838 iusticiam
1247 4784 1284 4841 et

163 4904 166 4910 ·
294 4884 405 4950 vitam
426 4876 531 4947 nobis
551 4872 686 4944 reddat.
737 4868 811 4939 Sed
832 4861 919 4939 baec
941 4891 1043 4959 saepe
1059 4869 1146 4938 alias
1161 4871 1284 4960 copio-

296 4985 369 5053 sius
388 4979 621 5049 declarantur.
672 4968 751 5043 Oro
774 4984 894 5041 autem
917 4965 1012 5039 hunc
1034 4969 1149 5061 ipsum
1168 4972 1281 5043 filium

294 5079 464 5176 virginis,
513 5075 709 5147 Dominum
745 5085 906 5143 nostrum
942 5068 1058 5141 lesum
1089 5065 1283 5164 Christum,
1325 5116 1331 5131 ·

295 5184 498 5260 crucifixum
524 5201 588 5269 pro
614 5175 717 5244 nobis
733 5187 767 5243 et
782 5173 1045 5259 resuscitatum,
1070 5185 1112 5243 ut
1128 5167 1192 5244 llas
1210 5177 1283 5246 sra-
1313 5258 1318 5271 Ι

294 5293 380 5381 giles
392 5282 572 5362 fasciolas,
598 5277 636 5345 id
653 5289 721 5357 cst,
745 5275 940 5367 nosipsos,
967 5288 1001 5347 et
1022 5288 1141 5346 coetus
1158 5273 1281 5348 Eccle-

295 5394 365 5461 siae
402 5401 437 5458 et
468 5378 620 5457 Scltolae
657 5376 850 5449 clementer
885 5379 1057 5466 gubernet
1089 5391 1124 5448 et
1156 5393 1282 5455 servet.

291 5491 386 5561 Dixi.

1435 4059 1506 4128 tius
1521 4062 1669 4151 pecunia
1684 4066 1801 4135 danda
1816 4084 1884 4154 cst,
1909 4097 2016 4168 quam
2029 4078 2223 4152 amittenda
2240 4085 2326 4170 vite,

1435 4161 1518 4250 quia
1538 4187 1579 4231 cx
1596 4165 1736 4236 duobus
1753 4168 1855 4239 malis
1872 4171 1954 4263 eligi
1970 4175 2076 4248 debet
2090 4180 2126 4252 id
2142 4184 2240 4293 quod
2255 4187 2323 4264 mi·

1384 4276 1585 4456 Prddlsedtiii
1602 4362 1827 4459 lmperatoris
1842 4376 1994 4467 petebat,
2019 4403 2096 4451 non
2109 4383 2221 4459 vitam
2230 4385 2323 4460 Lau·

1436 4467 1561 4551 rentii,
1582 4471 1643 4538 sed
1660 4472 1860 4559 pecuniam:

1384 4560 1480 4655 Ergo
1502 4566 1717 4640 Laurentius
1739 4574 1863 4646 debuit
1884 4580 2067 4668 pecuniam
2086 4587 2173 4659 dare
2197 4593 2319 4683 potius,

1436 4692 1543 4760 quam
1561 4667 1734 4765 Tyranno
1757 4699 1886 4769 corpus
1908 4685 2112 4758 crudelibus
2136 4694 2257 4763 modis
2273 4695 2320 4764 la·

1435 4773 1628 4874 cerandum
1641 4773 1806 4850 obiicere.
2321 4809 2324 4814 “

1386 4969 1546 5045 Ministri
1562 4971 1737 5067 Ecclesiae
1760 4878 1982 5059 ddhmdebent
2003 4994 2194 5082 pecuniam
2216 5002 2315 5093 pluris

1435 5076 1566 5162 iacere,
1590 5104 1697 5174 quam
1719 5084 1849 5170 vitam,
1875 5088 1970 5160 iusta
1994 5092 2101 5164 illud:
2136 5095 2315 5175 Auferenti

1437 5179 1604 5269 pallium,
1627 5186 1780 5254 concede
1794 5200 1830 5259 et
1850 5189 2018 5264 tunicam.

1348 5333 1351 5336 .
1384 5278 1598 5352 Laurentius
1624 5289 1927 5362 conservationem
1957 5298 2128 5386 pecuniae
2160 5305 2318 5397 praetulit

1436 5403 1518 5451 suae
1536 5385 1637 5455 vitae.

1223 5520 1260 5556 a
1383 5477 1479 5571 Ergo
1495 5506 1570 5556 nou
1586 5500 1679 5558 recte
1691 5489 1816 5571 fecit,
1885 5510 1937 5548 Ν
2015 5560 2020 5569 .
2126 5565 2133 5574 .
