4748 6022
116 198 193 274 sat
868 186 1191 270 CARMINUM
1240 185 1349 260 LlB.
1375 186 1432 260 ll.
2089 200 2163 277 522

115 361 178 436 Sic
193 364 298 435 nobis
311 357 491 456 templum'
501 364 608 432 nidus
623 364 840 453 gratissimus
856 388 942 452 esse,
1166 355 1234 427 Sed
1253 358 1315 449 qui
1333 381 1407 426 non
1422 356 1550 428 metuit
1565 358 1726 430 coelestia
1743 364 1892 435 nurnine
1909 388 2000 451 vere,

171 464 220 536 Et
236 481 370 536 certum
388 468 493 536 debet
506 468 704 555 perfugium
720 490 793 535 esse
809 467 889 558 piis.
1215 456 1364 530 Ridebit
1381 459 1539 529 monitus
1553 460 1684 551 impius
1699 463 1761 532 ille
1774 489 1883 536 meos.

116 568 216 639 Felix
233 563 299 636 hac
316 591 454 658 semper
469 567 672 660 quicunque
688 561 863 638 habitabit
878 570 918 637 in
933 591 1024 654 arce,
1162 555 1228 629 Est
1244 584 1325 630 vere
1341 562 1506 630 metuisse
1522 559 1639 631 Deum
1655 565 1825 655 sapientia
1838 569 1963 660 prims,

169 669 305 739 Audiat
323 682 361 739 ut
377 670 522 749 laudes,
548 682 582 737 et
596 682 698 738 canat
711 671 785 760 ipse
801 667 880 744 Dei,
1212 658 1319 730 Hunc
1335 675 1452 731 metue
1468 663 1632 736 evenient
1648 681 1774 737 cuncta
1791 672 1945 740 secunda
1962 672 2040 745 tibi.

119 770 212 841 Vera
227 772 295 862 piis
311 770 424 861 patria
441 783 493 839 est
507 766 663 839 Ecclesia
680 771 755 840 sola
772 771 939 863 putanda,
1161 761 1299 831 Deinde
1314 775 1451 854 patrem
1462 763 1579 850 colito,
1603 763 1829 863 monitusque
1839 771 1962 842 andito
1974 787 2152 865 paternos,

170 871 269 960 Quae
285 872 419 964 patriae
433 871 541 940 debes
555 871 688 956 officia,
713 872 777 950 ista
792 873 894 962 petit.
1210 860 1258 934 Et
1272 866 1377 934 facias
1393 865 1516 934 matris
1531 867 1623 935 iussa
1641 873 1794 942 verenda
1811 885 1903 947 tuse.

118 973 200 1043 Non
218 976 271 1042 vis
287 974 360 1042 ulla
376 973 513 1042 animos
529 995 685 1065 unquam
700 972 844 1043 divellat
859 975 905 1044 ab
921 974 1009 1065 ipsa,
1159 963 1320 1059 Namque
1347 967 1476 1058 probos
1504 992 1635 1058 pueros
1663 972 1758 1042 velut
1782 988 1912 1046 ornant
1935 989 2061 1072 torque
2086 1003 2150 1073 pa·

170 1075 328 1144 Aeterno
345 1075 501 1143 iunctam
515 1075 658 1143 loedere
672 1097 811 1165 semper
825 1098 916 1144 arna.
1669 1088 1799 1159 rentes,

117 1174 222 1246 Hanc
236 1200 358 1245 omnes
373 1176 490 1245 studio
506 1174 636 1244 sociato
656 1189 855 1269 ornentque
872 1177 1075 1270 iovemque,
1210 1165 1269 1236 Sic
1284 1167 1366 1238 illos
1381 1171 1537 1241 tumulat
1552 1195 1710 1244 summus
1724 1171 1861 1246 honore
1875 1192 1986 1270 peter.

168 1276 238 1347 Hic
253 1273 389 1362 honor,
404 1271 500 1345 ,haec
517 1276 646 1367 pietas,
672 1276 822 1358 credite,
845 1276 1029 1367 grataneo
1045 1292 1107 1360 ρει,
1156 1265 1340 1360 Principio
1355 1266 1424 1341 boc
1438 1272 1544 1342 etiam
1561 1287 1611 1343 est
1625 1289 1719 1345 aetas
1735 1277 1875 1348 incauta
1891 1283 2079 1368 monenda,

118 1377 173 1450 Ac
188 1379 298 1448 veluti
315 1379 502 1448 volucrum
517 1377 621 1447 nidos
639 1378 811 1447 industria
827 1380 960 1449 munit:
1208 1368 1438 1462 Praeceptum
1454 1376 1557 1444 trado
1574 1399 1649 1444 non
1664 1377 1757 1464 leve,
1783 1378 1877 1449 iussa
1893 1377 1973 1453 Dei.

169 1480 228 1550 Sic
243 1494 362 1549 nostra
379 1503 461 1549 cura
479 1493 528 1548 est
543 1477 607 1549 ista
623 1483 753 1549 tuenda
769 1481 907 1553 domus.
1156 1469 1270 1540 Parva
1286 1474 1334 1563 pii
1351 1498 1431 1564 pars
1439 1472 1732 1563 sunthominum‚
1758 1503 1840 1571 pars
1848 1482 2000 1555 maxima
2012 1499 2147 1572 contra,

118 1577 281 1651 Crudelis
297 1580 501 1674 quicunque
511 1582 630 1672 ipsam
648 1581 802 1651 lacerare
821 1581 970 1670 parabit,
1208 1570 1324 1661 Quam
1342 1600 1526 1668 nunquam
1545 1578 1657 1667 possis
1671 1604 1895 1667 enumerare,
1918 1587 2016 1659 mali.

172 1680 352 1776 lmpiaque
366 1683 533 1752 adversus
548 1683 679 1775 ceperit
693 1706 788 1752 arma
806 1679 933 1756 Deum.
1155 1669 1247 1745 Rem
1265 1677 1396 1770 quibus
1410 1690 1515 1770 atque
1530 1680 1637 1750 decus
1651 1682 1780 1751 scelere
1792 1696 1844 1753 est
1860 1687 2057 1778 cumulare,
2082 1714 2147 1761 vo-

117 1783 186 1855 Sed
205 1785 353 1876 patriam
369 1777 462 1853 hanc
477 1784 638 1877 quisquis
653 1784 778 1854 melior
788 1783 977 1854 defendere
987 1795 1105 1869 certat,
1675 1784 1802 1873 heptas,

167 1881 215 1955 Et
230 1899 364 1969 vectam
381 1909 456 1955 non
470 1885 546 1955 vult
558 1885 757 1955 destituisse
772 1885 882 1954 viam:
1204 1873 1288 1945 Non
1304 1879 1385 1948 ilios
1402 1892 1510 1950 terrei
1527 1881 1679 1952 Vindicis
1697 1885 1746 1954 ira
1765 1883 1849 1966 Del„

117 1985 316 2058 Aenrmnas
331 1988 419 2056 feret
435 1986 496 2055 ille
510 2009 649 2075 graves,
675 1999 779 2077 atque
792 2007 915 2075 aspera
933 1985 1059 2057 multa:
1154 1971 1204 2046 Et
1217 1974 1424 2074 plerumque
1440 1982 1542 2050 malis
1557 1983 1698 2053 fortuna
1716 1986 1877 2077 indulget
1891 1991 2013 2079 amica,

168 2087 235 2157 His
247 2113 322 2157 non
338 2088 545 2157 succumbet
559 2088 618 2154 sed
635 2098 751 2155 tamen
767 2085 842 2175 ipse
855 2085 970 2161 malis.
1206 2078 1285 2148 Non
1301 2083 1393 2152 favet
1408 2083 1470 2152 illa
1487 2084 1569 2166 diu,
1593 2086 1653 2153 sed
1669 2086 1763 2156 favet
1775 2087 1835 2158 illa
1853 2105 1983 2167 tamen.

115 2188 169 2258 Ac
186 2191 281 2258 rivos
296 2190 365 2257 late
379 2189 530 2258 deducet
545 2188 642 2256 fonte
656 2187 816 2276 perenni,
1153 2176 1230 2266 Ego
1248 2205 1292 2248 ne
1307 2206 1456 2253 numero
1473 2183 1611 2253 iuvenis
1626 2210 1790 2256 moveare
1806 2205 1937 2277 caveto,

167 2288 338 2376 Extingui
354 2310 537 2379 nunquam
554 2288 716 2376 dogmata
733 2311 813 2355 vera
831 2301 976 2381 queunt.
1121 2312 1124 2320 ¹
1206 2277 1255 2351 Ut
1270 2306 1359 2374 quae
1372 2285 1476 2352 turba
1492 2285 1617 2374 probet
1629 2283 1668 2380 ¹)
1684 2299 1722 2356 tu
1737 2290 1896 2360 facienda
1910 2307 2022 2382 putes.

112 2387 285 2462 Doctores
300 2384 398 2459 Deus
414 2389 488 2479 ipse
503 2411 626 2476 regens
642 2387 851 2457 coelestibus
866 2400 968 2477 auget
1153 2379 1234 2450 Non
1252 2378 1358 2453 habet
1373 2385 1534 2474 impietas
1549 2408 1725 2456 successus
1741 2390 1872 2461 credite
1889 2393 2025 2483 longos,

166 2491 337 2568 Dutibus‚
364 2502 396 2558 et
411 2489 567 2557 studium
582 2482 763 2578 provehit,
789 2503 893 2583 atque
910 2490 1018 2561 iuvat.
1052 2500 1055 2505 '
1206 2482 1371 2575 lusitque
1385 2509 1449 2575 pro
1464 2485 1564 2557 factis
1583 2511 1693 2578 poena
1707 2491 1828 2560 venire
1844 2494 1943 2566 solet.

114 2591 304 2683 Multaque
322 2587 436 2660 deleto
452 2589 602 2660 victores
618 2583 719 2657 hoste
735 2586 915 2682 trophaea.
1152 2581 1220 2652 llei
1237 2580 1325 2677 milii
1342 2609 1405 2654 cur
1421 2601 1543 2675 parent
1556 2600 1628 2656 tam
1646 2591 1747 2679 pauci
1763 2615 1843 2660 vera
1862 2596 2033 2681 monenti,

164 2692 305 2763 Ponent
321 2703 362 2760 ut
376 2691 436 2760 frat
451 2691 562 2779 gloria
579 2703 660 2761 nota
675 2687 756 2760 Dei.
1202 2683 1275 2754 Nec
1292 2699 1443 2774 tangunt
1459 2688 1616 2758 monitus
1631 2692 1742 2759 ferrea
1758 2695 1864 2763 corda
1881 2696 1976 2764 mei?

112 2792 252 2865 Exaudi
269 2792 418 2880 gemitus
433 2807 588 2876 nostros,
613 2805 713 2883 pater
727 2791 858 2882 optime
876 2812 1009 2875 rerum,
1155 2783 1286 2854 Verum
1304 2782 1388 2855 haec
1404 2789 1572 2859 destituet
1586 2814 1665 2860 eum
1682 2815 1745 2861 vos
1760 2793 1902 2864 fortuna
1915 2797 2084 2884 yicissim,

166 2894 325 2987 Aspicies
342 2894 465 2984 templi
482 2916 611 2986 quaeso
629 2893 758 2984 pericla
774 2891 837 2962 tui.
1202 2885 1282 2955 Non
1299 2901 1417 2978 tanget
1432 2913 1609 2960 summum
1625 2906 1739 2961 vestra
1755 2896 1896 2986 querela
1913 2911 2057 2988 patrem.

112 2995 291 3070 Conserva
306 2995 406 3083 regni
420 2997 642 3088 formamque
657 3008 855 3086 statumque
870 2993 1049 3074 decorum,
1151 2986 1204 3057 Ne
1220 2990 1380 3059 ‹lubitate
1397 2992 1494 3059 venit
1513 3015 1576 3081 pro
1591 2993 1692 3061 factis
1710 2996 1978 3086 poenaluenda,

166 3096 317 3167 Praetice
333 3097 525 3166 concordes
541 3095 633 3186 ipse,
660 3095 805 3188 piosque
820 3094 937 3180 duces,
1201 3086 1297 3160 Iusta
1314 3088 1382 3161 Dci
1399 3115 1508 3161 vanas
1524 3117 1597 3161 non
1615 3088 1722 3165 ltabet
1738 3097 1789 3165 ira
1805 3098 1929 3173 minas.

111 3198 187 3271 Has
205 3221 267 3286 ego
283 3196 423 3267 delitias
437 3198 645 3268 ardentibus
662 3210 784 3288 expeto
801 3194 906 3281 votis,
1150 3189 1219 3261 Sed
1238 3192 1320 3285 quia
1334 3193 1514 3283 paulisper
1528 3195 1670 3265 fortuna
1688 3201 1842 3270 secunda
1858 3200 2033 3274 malorum
2050 3219 2114 3292 est¹

163 3299 207 3370 ln
222 3299 354 3389 templo
371 3322 508 3389 semper
523 3301 647 3389 degere
664 3323 765 3391 posse
780 3295 860 3372 Dei.
1200 3290 1247 3362 Et
1263 3293 1356 3362 tristi
1371 3294 1474 3363 vultu
1490 3295 1632 3385 respicit
1648 3297 1710 3366 illa
1726 3300 1815 3390 pios,

112 3398 161 3472 Et
175 3400 335 3494 quamvis
351 3399 401 3468 ibi
419 3412 524 3471 erunt
536 3395 626 3470 mibi
640 3401 751 3471 multa
767 3399 930 3468 adeunda
943 3386 1088 3489 pericla,
1149 3390 1299 3463 Falleris
1315 3408 1348 3465 et
1364 3416 1485 3482 regere
1500 3390 1585 3467 haec
1602 3399 1741 3468 nullum
1759 3403 1922 3473 mortalia
1938 3430 2073 3481 numen

162 3502 323 3594 Namque
340 3501 434 3572 odiis
447 3514 550 3592 urget
565 3506 720 3572 mundus
737 3501 869 3593 ubique
884 3499 978 3591 pios:
1175 3504 1188 3512 ”
1199 3492 1343 3578 Credis,
1368 3509 1402 3564 et
1417 3496 1563 3586 impune
1579 3513 1703 3568 cuncta
1719 3501 1825 3570 licere
1838 3503 1917 3578 tibi.

111 3600 280 3674 Attamen
295 3603 485 3671 anteferam
501 3602 635 3691 regnis,
662 3603 861 3693 opibusque
878 3599 1065 3684 malorum,
1147 3593 1214 3665 His
1231 3598 1374 3666 fortuna
1390 3592 1432 3690 ²)
1445 3590 1538 3663 nibil
1554 3622 1629 3666 mea
1645 3602 1705 3691 qui
1723 3619 1904 3694 praecepta
1920 3623 2124 3700 sequantur,
2143 3652 2146 3659 ·

163 3703 281 3773 Huius
295 3702 442 3771 militiae
456 3703 556 3790 signa
571 3705 746 3794 decusque
760 3702 850 3793 piae.
1201 3695 1266 3766 Vel
1281 3721 1362 3767 cum
1378 3711 1526 3767 conatur
1541 3699 1697 3787 laedere,
1720 3725 1823 3774 saeva
1839 3722 1952 3784 nocet.

109 3805 272 3896 Namque
286 3826 347 3871 sua
364 3804 485 3872 dextra
500 3801 597 3872 Deus
613 3802 715 3872 istam
735 3803 886 3894 protegit
901 3824 1029 3888 arcem,
1560 3855 1659 3944 caput
1681 3857 1726 3926 IL

163 3901 212 3975 Et
228 3903 320 3973 cives
336 3926 518 3998 nunquam
532 3903 661 3974 deserit
676 3904 737 3973 ille
753 3928 847 3979 suos,
1176 3975 1185 3992 ,
1266 3973 1276 3992 ‚
1365 3973 1404 3992 Η
1502 3976 1513 3994 ‚

110 4003 228 4087 Felix,
252 4003 313 4098 qui
331 4006 406 4075 voci
424 4004 567 4075 coelesti
583 4007 802 4096 obtemperat
820 4005 896 4088 uui,
1148 3972 1188 4046 3¹
1203 3975 1276 4043 ἢθη
1295 3989 1422 4066 ⁰⁰P¹l¹⁸
1438 3992 1611 4069 ³³P¹⁰¹¹l⁰⁸
1630 3997 1769 4073 ΡθῑῑθΓΘ
1787 3996 1876 4070 l⁰l⁰r

159 4106 233 4178 Nec
248 4107 382 4198 patitur
394 4107 511 4196 frangi
524 4120 666 4198 pectora
680 4108 780 4177 lirma
795 4107 915 4180 minis.
1201 4074 1273 4146 νοῦ
1287 4077 1405 4194 Pistrix
1429 4092 1470 4147 ¹¹²
1485 4081 1627 4167 d⁰⁶²³l2
1646 4107 1754 4175 ›⁸³⁸Pe
1771 4100 1890 4173 f⁰t3³ie
1905 4082 2035 4156 Deum·

278 4196 288 4203 “
797 4221 799 4225 -
1148 4176 1361 4253 Illaetentm
1378 4181 1520 4249 demum
1539 4207 1619 4252 vera
1637 4199 1688 4255 est
1702 4186 1894 4278 sapientia,
1919 4188 1949 4257 si
1965 4213 2034 4283 qua
2050 4205 2103 4263 est

1197 4278 1251 4350 De
1264 4278 1362 4349 coelo
1377 4282 1506 4349 summi
1522 4284 1664 4372 prodita
1678 4288 1723 4357 ab
1738 4311 1801 4356 ore
1816 4290 1937 4378 patris.

1147 4377 1208 4451 Sic
1223 4379 1364 4451 bonitas
1384 4381 1553 4453 immensa
1569 4381 1655 4471 Dei,
1679 4387 1729 4461 sic
1746 4389 1799 4458 ira
1818 4388 1932 4459 videri

107 4492 251 4567 Nost.
531 4521 534 4529 ·
924 4520 972 4560 sn.
992 4496 1089 4566 1527.
1198 4476 1374 4551 Ostendet
1389 4482 1491 4552 vobis
1505 4509 1593 4569 cum¹
1603 4484 1700 4557 Deus
1715 4489 1807 4581 ipse,
1832 4505 1957 4581 potest.

111 4592 247 4624 ⁹2⁸-
919 4586 1091 4620 Ἃ
1148 4582 1214 4653 Ille
1228 4584 1440 4674 gubernabit
1454 4600 1577 4657 sancto
1593 4600 1651 4658 tua
1667 4593 1773 4660 corda
1790 4615 1932 4682 pavore,

176 4705 208 4758 tn
220 4724 284 4779 opp.
296 4706 368 4766 nese
386 4705 462 4767 ΤΝ.
475 4708 572 4781 pete.
587 4718 614 4763 er
626 4708 698 4781 apud
714 4706 798 4764 vtae.
814 4726 843 4779 p.
856 4705 916 4764 207.
1194 4682 1441 4778 Caelestesque
1457 4689 1556 4758 dabit
1572 4713 1673 4779 posse
1691 4693 1817 4760 timere
1832 4692 1961 4764 minas.

1144 4780 1269 4873 Erigat
1286 4783 1347 4854 dle
1362 4787 1467 4856 etiam
1485 4813 1525 4856 ac
1539 4791 1645 4860 faciat
1660 4808 1799 4881 sperare
1814 4795 2012 4880 timentem,

170 4858 389 4939 Sententiae
420 4867 628 4938 solemnit
660 4887 711 4939 840
738 4871 863 4960 primo
896 4872 1032 4960 capii&
1197 4884 1256 4955 Tu
1272 4889 1379 4957 modo
1397 4911 1442 4955 ne
1458 4888 1597 4959 dubites
1613 4913 1752 4980 poscere
1765 4912 1903 4983 semper
1918 4918 2032 4984 opem.
2114 4890 2123 4903 ’

104 5012 221 5086 Pauca
237 5035 300 5101 ego
317 5034 395 5082 sum
414 5011 517 5081 vobis
530 4992 671 5081 morum
686 5027 870 5106 praecepta
885 5014 1046 5098 daturus,
1145 4984 1359 5105 H⁰⁰J³P0¹²
1373 5002 1443 5104 ‘0⁸¹3
1465 5011 1504 5055 ³⁶
1521 4989 1776 5106 P⁰”O·Deum‚
1801 4992 1831 5061 δί
1851 4993 1917 5066 rite
1932 4995 2080 5069 timebit

111 5186 116 5201 ἱ
157 5102 313 5205 spifims
326 5137 345 5181 ρ
358 5111 456 5182 00010
470 5110 629 5203 prodidit
640 5112 701 5181 ma
717 5113 795 5185 Dei,
1196 5086 1373 5158 Fidereet
1388 5088 1485 5156 rllxus
1501 5112 1532 5157 ss
1548 5089 1707 5161 bonitate
1724 5094 1825 5169 scies.

102 5213 152 5290 Et
166 5240 235 5308 qua
253 5215 299 5286 sit
312 5210 408 5284 Deus
424 5237 596 5304 exponam
613 5213 743 5305 pietate
760 5213 958 5303 colendus,''

153 5315 201 5390 Et
216 5319 343 5412 probet
357 5340 437 5408 erga
450 5312 612 5388 homines
627 5314 744 5412 qualia
761 5316 851 5387 facta
867 5315 978 5392 Deus.
1140 5406 1143 5415 Ι
1176 5347 1205 5419 2)
1223 5347 1305 5405 ussit.
1329 5347 1561 5420 &masuetus-e.

1179 5264 1205 5330 1)
1224 5261 1284 5318 Bas.
1300 5265 1412 5329 motae.
