4748 6022
257 293 332 367 aaa
996 285 1313 378 cattumuu
1362 291 1471 370 nm.
1497 296 1578 378 ιιι.
1974 311 1980 321 ’
2230 318 2310 396 erc

262 463 328 537 No.
344 463 431 536 278.
631 445 644 482 '

267 558 447 597 xtvv

329 655 412 728 Apud
435 652 560 708 vincent.
580 671 608 726 p.
623 648 659 706 98
674 669 716 722 aq.

260 768 512 920 'Epitaphium
532 824 717 915 scriptam
741 821 792 896 1).
823 823 1013 901 Hieron.
1047 831 1078 903 S
1087 825 1258 930 churff,

641 923 752 994 Doet.
769 927 887 1021 luris..

265 1070 402 1150 Doctor
418 1084 496 1143 erat
512 1069 604 1141 luris
618 1083 799 1160 praestans
814 1068 1058 1169 Hieronymus
1072 1091 1159 1164 arte,

317 1175 479 1259 laeticia,
506 1172 641 1262 ingenii
658 1170 817 1253 viribus,
844 1190 948 1267 atque
964 1176 1045 1249 fide.

266 1275 516 1351 Schurfiadurn
531 1276 575 1343 de
588 1273 695 1365 stirpe
710 1287 826 1358 satus,
851 1300 943 1368 quae
960 1279 1054 1350 clara
1072 1303 1135 1372 per
1149 1277 1260 1375 Alpes

315 1376 535 1458 Helveticae,
559 1388 723 1444 numerat
740 1376 858 1446 secula
874 1377 985 1451 multa
1002 1394 1155 1470 patrum.

211 1527 217 1541 ·
264 1481 346 1553 lura
362 1474 541 1550 enarravit
556 1473 678 1546 lustris
691 1475 746 1545 bis
760 1476 938 1571 quinque,
969 1505 1035 1553 nec
1050 1482 1148 1554 ullus

318 1579 488 1652 Ostendit
502 1580 619 1647 fontes
635 1578 842 1649 dexteritate
858 1581 947 1671 pari.

264 1681 435 1753 Consiliis
450 1681 540 1750 rexit.
557 1679 637 1749 hdis
653 1680 874 1774 populosque
889 1682 1087 1778 ducesque,

317 1784 455 1854 Lumen
473 1783 569 1849 enim
586 1779 680 1851 luris
694 1781 864 1872 temporis
879 1777 986 1855 huius
1001 1802 1086 1862 erat.

243 1876 246 1881 ¹
267 1885 376 1956 Hunc
392 1883 497 1954 etiam
512 1881 653 1973 sapiens
667 1879 795 1953 Caesar
811 1883 974 1973 dignatus
991 1882 1128 1960 honore
1142 1906 1195 1964 est

319 1986 488 2068 Carolus,
521 1979 666 2073 Imperii
687 1983 749 2076 qui
764 1987 871 2055 modo
888 2001 1022 2081 sceptra
1038 2004 1147 2067 tenet.

1075 491 1124 536 an.
1144 472 1242 545 latta
1295 466 1519 545 Nesto„
1578 507 1579 511 =

1040 560 1488 601 &ev—Am

2125 518 2174 560 en.
2193 497 2291 562 1554.

2083 583 2301 627 Μ

1379 664 1461 738 Apud
1476 664 1558 721 vtae.
1579 684 1606 738 p.
1623 667 1650 724 4.
1668 685 1695 732 et
1707 672 1823 748 Scriptis
1834 677 1910 751 publ.
1923 676 1958 738 T.
1973 679 2008 737 ll.
2025 701 2052 754 p.
2066 682 2110 740 Ab.

1580 835 1640 906 De
1663 841 1837 930 vagiente
1859 839 2043 915 Bariana.

1311 963 1460 1038 Aeterni
1476 970 1521 1041 de
1537 982 1653 1039 mente
1670 970 1778 1060 patris
1794 971 1966 1064 sapientia
1983 991 2084 1063 nata,

1361 1064 1406 1138 ln
1422 1095 1491 1163 qua
1510 1069 1643 1143 Mundi
1660 1095 1806 1163 operum
1823 1072 1922 1146 fulsit
1937 1075 2013 1145 idea
2032 1080 2134 1150 nori:

1312 1168 1360 1242 Et
1378 1197 1469 1263 quae
1487 1173 1651 1244 distinxit
1667 1173 1878 1264 pulcerrima
1901 1202 2049 1270 corpora
2067 1207 2206 1268 return,

1365 1268 1412 1343 Et
1427 1273 1531 1344 lussit
1545 1276 1677 1346 formas
1692 1273 1830 1365 singula
1847 1273 1975 1350 habere
1988 1303 2086 1352 suas:

1313 1370 1414 1444 llaec
1431 1377 1553 1446 eadem
1568 1379 1606 1446 in
1621 1374 1739 1467 parvis
1761 1378 1856 1467 vagit
1870 1381 2042 1472 sapientia
2059 1387 2179 1474 cunis,

1364 1474 1520 1546 Naturae
1535 1491 1677 1549 nostrae
1693 1480 1851 1550 membra
1870 1484 1998 1553 tenella
2009 1507 2145 1574 gerens.

1313 1577 1372 1648 sie
1388 1602 1590 1674 quanquam
1608 1579 1768 1651 infundit
1782 1605 1819 1651 se
1835 1596 1954 1654 nostra
1971 1586 2009 1655 in
2021 1603 2181 1678 pectora,
2201 1596 2310 1665 nohis

1363 1678 1533 1769 Nondum
1550 1706 1585 1750 se
1602 1694 1713 1752 totam
1730 1706 1873 1754 cernere
1889 1709 1990 1776 posse
2005 1689 2113 1765 dedic

1314 1778 1363 1854 Ut
1378 1795 1495 1851 tamen
1510 1782 1550 1851 in
1564 1782 1667 1853 nobis
1684 1782 1757 1855 sint
1771 1798 1889 1857 tacitam
1905 1790 2169 1865 exordialium:

1364 1878 1553 1976 Tanquam
1571 1886 1709 1974 vagitus
1725 1886 1888 1976 dogmata
1903 1889 2016 1980 prima
2031 1909 2143 1969 sonat.

1311 1979 1559 2072 Nonspernis,
1579 1988 1972 2078 quanquaminfirmoa,
1992 1994 2023 2062 si
2031 1997 2147 2067 debita
2157 2001 2309 2069 credant

269 2090 442 2180 Quaeque
460 2086 551 2174 leget
566 2084 711 2157 veniens
727 2098 838 2171 aetas,
857 2105 1088 2164 monumenta
1104 2094 1260 2189 reliquit,
1366 2081 1419 2153 Te
1435 2078 1552 2181 λύτρα
1567 2111 1631 2179 Ρῐῡ
1648 2089 1753 2158 ¹¹⁰hi⁸
1769 2083 1910 2171 Chrltle
1926 2094 2062 2167 dedisse
2076 2099 2178 2191 patri.

319 2188 522 2260 Multorum
538 2186 665 2256 studiis
677 2188 837 2276 proderit
852 2186 917 2260 iste
932 2191 1045 2269 labor.

271 2291 435 2365 lusticiae
452 2310 526 2357 esse
539 2285 656 2357 Deum
674 2289 807 2360 sontem
828 2292 910 2383 quia
928 2312 1074 2368 noverat
1091 2298 1225 2391 ipsum,

321 2391 368 2463 llt
383 2405 474 2462 recte
491 2402 610 2459 nosset
624 2391 773 2458 maxima
790 2415 872 2461 cura
888 2394 969 2465 fuit.

270 2495 495 2584 lustihcaque
510 2491 579 2559 lide
597 2490 738 2580 capiens
754 2505 814 2563 tua
829 2518 978 2565 munera
991 2494 1153 2579 Christe,

321 2595 442 2665 Solius
458 2604 508 2661 est
523 2591 624 2660 cuius
641 2604 738 2680 parta
756 2616 882 2662 cruore
894 2596 998 2666 salus.

159 2764 175 2782 Ι
271 2697 366 2767 Vera
383 2695 459 2765 luce
474 2690 590 2763 Deum
605 2692 768 2778 agnovit,
797 2694 1030 2792 precibusque
1046 2702 1205 2786 vocavit,

224 2803 228 2815 '
321 2795 369 2868 Et
381 2808 495 2865 rectae
510 2792 590 2861 hdei
608 2815 764 2882 congrua
780 2795 852 2865 uita
870 2796 950 2869 luit.

271 2899 389 2990 lpsius
405 2890 473 2964 hoc
487 2893 626 2964 tumulo
642 2893 867 2988 requiescunt
882 2898 1147 2988 molliremus,

326 2999 444 3076 Vivit,
470 3009 661 3086 conspectu
678 3018 779 3068 mens
795 2997 998 3094 fruiturque
1013 2998 1093 3074 Dei.

1314 2179 1373 2254 Ah
1391 2210 1515 2277 precor
1528 2189 1678 2259 infirmis
1691 2191 1783 2261 adsis
1796 2205 1837 2263 ut
1850 2196 2051 2285 mentibus,
2075 2214 2178 2293 atque

1362 2283 1556 2358 Doctrinae
1574 2291 1693 2360 foveas
1709 2292 1845 2363 semina
1862 2317 1981 2385 sparsa
2000 2312 2091 2374 tuae.

1312 2383 1410 2457 Dum
1427 2402 1486 2460 tua
1501 2414 1538 2459 se
1559 2407 1667 2462 totam
1685 2396 1817 2484 pandet
1830 2396 2001 2488 sapientia
2016 2403 2141 2489 nobis,

1364 2486 1482 2582 Atque
1497 2507 1632 2583 patrem
1649 2493 1743 2566 clara
1762 2496 1840 2568 luce
1855 2497 1973 2570 videre
1990 2505 2102 2577 dabit.

1315 2587 1470 2677 Quando
1486 2595 1626 2665 mortali
1643 2597 1827 2667 solventur
1843 2624 1979 2672 carcere
1995 2620 2150 2690 mentes,

1364 2686 1412 2762 Et
1426 2696 1514 2764 duce
1530 2711 1563 2767 te
1578 2697 1668 2766 coeli
1683 2699 1838 2769 cuimine
1856 2705 1946 2774 celsa
1961 2720 2092 2798 petent.

1313 2786 1454 2864 Christe
1473 2811 1534 2869 tuo
1550 2799 1712 2868 exulibus
1729 2801 1878 2891 patriam
1894 2818 1933 2875 tu
1949 2810 2120 2898 sanguine
2140 2811 2282 2902 reddis,

1363 2892 1471 2967 Nulla
1488 2899 1584 2970 venit
1601 2901 1706 2972 nobis
1724 2899 1777 2971 Te
1792 2903 1861 2973 uisi
1877 2907 1983 2982 dante
1998 2912 2104 2981 salus.

1138 3456 1146 3472 .
1253 3459 1263 3479 .
1385 3428 1500 3487 Verruci
1525 3435 1593 3501 „tlt
1605 3412 1681 3504 gerit
1698 3447 1940 3508 agnorum”etc.‚
1964 3465 2034 3519 quos
2051 3447 2129 3506 Vina.
2146 3453 2309 3523 nonhabet,

341 3600 423 3674 Apud
434 3597 515 3654 Vinc·
529 3621 556 3673 p.
565 3596 599 3655 86
612 3617 655 3671 sq·
673 3609 700 3652 et
712 3597 741 3652 in
756 3597 824 3654 Mel.
839 3599 943 3656 Conril.
957 3598 1004 3654 lat.
1019 3599 1049 3657 P.
1061 3599 1096 3655 ll.
1113 3622 1141 3676 p.
1155 3602 1217 3659 846.

414 3776 475 3844 De
496 3780 622 3845 matre
647 3773 875 3858 cananaea,
908 3771 1046 3849 Mateta.
1064 3774 1123 3850 15.

274 3928 439 4021 Quantus
457 3936 531 3993 erat
546 3922 651 3991 dolor
666 3921 702 3990 in
720 3918 905 3992 Cananaea
924 3938 1035 3995 matre
1051 3927 1189 4018 puella,

324 4027 435 4098 Cuius
452 4048 550 4095 mens
564 4023 668 4094 furiis
686 4025 854 4113 exagitata
870 4025 955 4094 fuit:

276 4131 319 4201 ln
336 4145 436 4198 tanto
454 4150 549 4196 nunc
568 4139 619 4195 est
634 4121 791 4196 Ecclesia
808 4142 938 4210 moesta
956 4127 1099 4218 dolore,

324 4227 521 4300 Doctorum
537 4227 648 4297 furias
663 4251 743 4323 cusp
759 4227 873 4309 videt,
898 4244 1003 4321 atque
1016 4227 1168 4319 Ducum.

274 4333 343 4404 Sed
362 4345 400 4398 tu
420 4343 524 4417 gnate
538 4325 603 4399 Dei
622 4328 771 4417 gemitus
785 4331 906 4400 audito
926 4350 1150 4421 precantum,

323 4429 429 4503 Nulla
446 4428 545 4500 venit
560 4428 664 4497 nobis
682 4430 799 4499 tenisi
816 4433 923 4502 dante
940 4434 1043 4506 salus.

274 4536 333 4606 Tu
349 4531 470 4625 procul
487 4556 504 4598 a
522 4531 625 4600 nobis
641 4554 761 4598 saevos
778 4533 914 4624 depelle
928 4535 1083 4617 furores,

325 4635 373 4707 Et
389 4657 489 4704 sanes
505 4633 613 4702 verbo
631 4645 771 4723 pectora
788 4650 906 4704 nostra
923 4650 995 4712 tuo.

274 4736 447 4828 Quamvis
466 4736 516 4831 ira
536 4734 589 4807 tui
607 4757 673 4803 nos
692 4750 792 4824 urget
809 4736 898 4807 iusta
918 4738 1094 4830 parentis,

324 4836 371 4909 Et
386 4863 506 4908 sumus
521 4853 558 4907 ut
578 4851 699 4929 turpes
715 4860 781 4943 rurs
796 4862 853 4908 rea
871 4840 974 4909 turba
990 4863 1111 4925 canes,

272 4938 438 5012 Attamen
455 4952 495 5008 ut
513 4939 635 5008 timide
652 4939 718 5008 suh
738 4964 857 5009 mensa
876 4954 992 5031 captat
1011 4935 1135 5029 herili,

323 5028 495 5112 Esuriens
509 5034 664 5107 modicas
682 5065 787 5130 parva
803 5042 926 5111 catella
942 5045 1067 5133 dapes:

272 5147 332 5219 Sic
350 5168 428 5213 cum
444 5143 521 5210 dira
536 5140 644 5208 sames
659 5156 799 5212 nostros
814 5145 1021 5215 absumserit
1038 5164 1153 5234 artus,

321 5246 375 5316 De
393 5266 511 5314 mensa
530 5240 680 5331 petimus
694 5245 823 5334 pabula
840 5242 982 5318 Christe
996 5263 1069 5319 tua.

272 5346 390 5419 Gnate
406 5345 474 5416 Dei
491 5342 627 5436 generis
644 5345 756 5413 nostri
774 5370 853 5415 curn
871 5350 1038 5420 sumseris
1054 5362 1172 5434 artus,

320 5449 394 5520 Nos
409 5465 505 5541 gerat
519 5447 680 5517 infirmos
696 5440 781 5516 haec
798 5460 856 5517 tua
872 5472 984 5521 massa
998 5474 1132 5542 precor.

1177 4494 1183 4503 “
1316 4535 1497 4590 stov

1418 3520 1519 3574 quaere
1534 3505 1563 3556 in
1576 3507 1655 3567 epist.
1671 3504 1732 3563 Vol.
1748 3508 1818 3568 Vlll.
1832 3530 1858 3583 p.
1873 3513 1934 3570 ³⁰9.

1308 3695 2299 3737 Ἥ

1314 3833 1380 3906 Nu.
1397 3837 1483 3908 282.
2120 3885 2169 3926 an.
2195 3864 2291 3930 1554.

1319 3931 1496 3982 ΝΛΜ
2116 3953 2309 4006 W

1384 4031 1517 4086 Cariniana
1544 4033 1644 4102 „Urba
1660 4040 1700 4089 ad
1717 4037 1883 4110 Visurgin·
1898 4054 1965 4110 etc..
1994 4050 2068 4118 quod
2086 4050 2166 4112 Vinc.
2183 4076 2239 4114 nott
2256 4060 2305 4115 lta.

1414 4101 1475 4171 bet,
1499 4104 1640 4173 quaerela
1656 4105 1724 4163 Mel.
1736 4127 1796 4180 epp.
1814 4109 1876 4164 Vol.
1892 4113 1962 4167 Vlll.
1985 4134 2013 4189 p.
2026 4116 2086 4175 816.

1316 4293 1551 4306 -m-...m--m
1567 4300 1617 4310 ω.-
1630 4305 1793 4318 ⁴--............
1807 4313 1937 4323 -.--......
1965 4317 2003 4325 ....
2031 4308 2167 4331 ..v-...stm-

1313 4428 1484 4517 maaa.
2122 4478 2289 4544 nnn

2124 4573 2305 4618 W

1383 4643 1476 4762 Appqlr
1491 4639 1618 4763 nippept.
1636 4649 1703 4728 ps
1714 4669 1753 4772 qqt
1773 4681 1807 4695 ·-
1842 4654 2009 4778 δῖῃρεηιίω
2034 4666 2118 4760 hahcp·
2139 4675 2254 4760 quidem
2273 4682 2305 4734 ad

1375 4792 1378 4799 .
1417 4727 1527 4836 efrain
1561 4734 1826 4857 h’tl'lfiiaioii
1847 4738 2305 4887 voii⁸tirii⁰1i⁵iiainiiiuiiu⁰ri

1413 4846 1466 4903 boc
1487 4867 1598 4904 armen
1616 4872 1641 4910 a.
1656 4857 1733 4927 ¹⁵⁵⁴:
1753 4857 1856 4918 lactum
1874 4875 1902 4920 et
1919 4867 2048 4928 Proxend
2063 4876 2178 4936 mierum
2197 4903 2266 4941 eras.

1496 5007 1557 5080 De
1577 5013 1683 5085 Mose
1701 5026 1941 5109 percutiente
1954 5040 2120 5123 petram.

1313 5151 1394 5243 Qua
1409 5157 1552 5246 regione
1564 5160 1726 5237 Arabum
1743 5171 1828 5243 fines
1843 5174 1965 5248 Sinaia
1982 5206 2087 5274 rupes

1363 5252 1526 5346 claudit,
1559 5278 1594 5334 et
1612 5267 1764 5341 incultas
1779 5276 1904 5365 aspicit
1919 5280 1988 5351 alta
2003 5287 2137 5378 plagas:

1312 5352 1427 5447 Aegra
1447 5362 1504 5432 siti
1520 5363 1684 5460 lymphas
1702 5374 1828 5444 mediis
1843 5385 2033 5472 quaerebat
2049 5394 2167 5464 arenis

1364 5456 1463 5532 Gens
1478 5488 1520 5534 ex
1535 5465 1691 5542 [sucidae
1706 5479 1840 5551 umine
1853 5497 1934 5556 nata
1951 5491 2073 5577 patris.
