4748 6022
87 349 164 429 625
837 343 1156 425 CARMINUM
1206 342 1312 422 LlB.
1338 341 1418 416 lll.
1728 334 1740 365 ⁸
2055 348 2129 425 020

95 521 144 596 Et
160 541 364 616 quanquam
381 515 512 609 passim
527 529 654 588 terram
675 519 829 590 effodere
843 535 1039 613 perustamz
1146 513 1195 590 Et
1209 516 1303 588 coeci
1319 517 1425 586 decus
1441 537 1515 584 esse
1529 525 1654 606 putant
1670 540 1743 586 nou
1760 518 1895 620 solvere¹
1910 521 2019 613 leges,

147 623 255 695 Nulla
272 620 323 690 ibi
341 621 437 712 larga
453 634 571 690 tamen
587 644 676 690 vena
691 637 827 713 reperta
846 623 926 696 luit.
1194 619 1292 709 Quas
1308 618 1425 688 decuit
1440 617 1518 686 voci
1532 619 1655 688 cedere
1669 635 1793 710 sponte
1807 618 1887 697 Dei.

97 726 243 820 lamque
260 724 395 792 animas
411 717 638 808 exhalabant,
671 724 796 794 siccata
812 725 951 794 labellis
1140 719 1206 793 Est
1224 721 1336 791 virtus
1348 721 1457 809 leges,
1484 732 1518 788 et
1533 742 1673 788 morum
1690 719 1804 791 vincla
1821 723 1952 807 vereri,

148 825 245 899 Dum
262 837 416 895 matrum
430 808 585 895 infantes
600 825 709 894 ubera
724 827 816 896 sorte
831 822 989 897 trahunt.
1191 822 1231 896 Si
1251 837 1368 894 tamen
1384 835 1419 892 et
1435 822 1550 912 legum
1568 820 1688 910 regula
1704 817 1867 898 Christus
1882 825 1961 902 erit.

100 925 346 1021 Expirantque
361 923 468 995 simul
484 938 612 995 matres
627 927 788 1020 tristique
802 923 981 1019 sepulchri

150 1028 302 1100 Munere
316 1040 495 1097 maternus
508 1028 669 1118 iungitur
682 1028 755 1119 ipse
770 1028 880 1099 sinus.

15 1181 19 1188 -
100 1130 169 1202 llic
184 1133 313 1201 iterum
327 1130 482 1199 subeunt
498 1130 637 1199 animos
652 1154 745 1199 nova
760 1131 875 1200 taedia
893 1128 1006 1220 vulgi,

152 1232 314 1303 Paenitet
328 1245 362 1300 et
379 1230 493 1298 varias
508 1231 704 1301 deseruisse
720 1233 857 1305 domos.
1141 1242 1206 1319 No,
1223 1243 1313 1322 284,
1919 1252 1989 1336 (m,
2002 1256 2129 1337 1554p)

102 1332 174 1404 Nec
190 1348 306 1403 tamen
321 1343 485 1401 accusant
498 1329 648 1416 Mosen,
680 1334 738 1402 sed
758 1333 928 1421 grandius
943 1332 1091 1417 addunt,
1141 1342 1311 1380 “N“
1918 1343 2129 1383 Μ

154 1435 237 1524 Quo
255 1446 389 1526 premat
406 1432 620 1520 immeritos,
646 1433 779 1503 crimen
796 1428 927 1504 habere
940 1432 1068 1508 Deum.
1212 1456 1296 1528 aput
1315 1454 1443 1513 vimi,
1462 1472 1490 1529 p,
1503 1454 1538 1511 99
1549 1474 1592 1530 sq.
1676 1451 1678 1456 ’
1998 1456 2002 1460 ·

102 1535 245 1610 Scilicet
258 1531 344 1604 haec
359 1534 500 1604 miseris
513 1535 665 1605 nimium
680 1535 818 1625 vulgata
836 1535 979 1629 querela
996 1548 1066 1617 est,
1399 1570 1402 1575 ·
2113 1613 2118 1624 Ι

156 1637 250 1708 lusta
268 1639 329 1707 sed
344 1649 395 1705 est
409 1659 547 1728 semper
559 1636 686 1708 iudicis
701 1637 752 1707 ira
768 1635 847 1710 Dei.
1142 1630 1390 1727 Epitaphium
1415 1635 1603 1724 scriptum
1629 1635 1774 1730 eontuqt
1799 1637 2034 1729 integerrimi
2056 1642 2129 1711 viri
2187 1661 2190 1664 ⁴

103 1737 150 1811 Et
165 1762 367 1834 quanquam
382 1752 501 1809 sontes
517 1740 639 1830 punit,
663 1753 781 1827 tamen
801 1739 896 1810 inter
909 1739 1068 1825 eosdem,
1268 1799 1270 1802 .
1351 1732 1595 1808 Friderici
1624 1733 1926 1828 Bernpeolsii.

154 1841 279 1913 Servat
298 1839 479 1933 relliquias
497 1843 648 1929 agminis
664 1842 740 1932 ipse
759 1840 829 1911 sui.
1623 1854 1626 1861 ⁴

106 1940 201 2033 Ergo
219 1944 317 2012 iubet
333 1939 461 2011 Mosen
478 1964 640 2031 percussa
657 1945 804 2011 educere
818 1963 924 2032 rupe,

158 2045 227 2115 Pro
246 2042 377 2134 populo
396 2043 572 2112 undarum
588 2043 737 2111 flumina
755 2044 946 2132 largnano.

106 2142 331 2237 Obsequitur
345 2140 482 2224 Moses,
507 2165 602 2211 novo
617 2145 677 2212 sed
694 2145 855 2215 conlusio
871 2157 1026 2216 mentem

158 2246 319 2325 'l'urbat,
345 2254 380 2311 et
395 2263 554 2331 aggresso
570 2238 748 2334 diriguere
763 2268 900 2318 manus.

109 2345 176 2431 Et,
204 2344 304 2415 cuius
320 2366 503 2435 nunquam
522 2358 644 2435 pectm
657 2348 895 2443 trepidaverat
909 2359 1008 2434 ante,

155 2446 193 2517 Si
214 2446 357 2539 quando
372 2444 511 2514 fuerant
529 2445 621 2514 iussa
638 2449 803 2517 obeunda
819 2447 897 2518 Dei.
986 2442 989 2449 ’

1022 1932 1027 1943 ¹
1145 1898 1224 1973 Hoc
1239 1903 1378 1974 tumulo
1391 1916 1505 1975 castae
1519 1918 1701 1975 matronae
1716 1905 1879 1977 condidit
1894 1900 2022 1978 Annae

1197 2003 1398 2076 Eridericus
1413 2004 1598 2097 Bernpeck
1613 2006 1773 2095 coniugis
1791 2031 1869 2078 ossa
1886 2031 1980 2077 suae.

1147 2103 1216 2177 Cui
1230 2106 1370 2177 novisse
1386 2104 1521 2192 Deum,
1535 2121 1576 2177 ‘et
1592 2107 1752 2178 coelestia
1769 2109 1903 2178 discere
1919 2109 2031 2195 dicta,

1196 2204 1245 2277 Et
1260 2231 1382 2299 parere
1396 2208 1481 2299 ipsis
1495 2206 1644 2278 maxima
1660 2232 1743 2278 cura
1757 2208 1837 2283 luit.

1148 2305 1371 2402 lustibcsque
1384 2310 1452 2379 tide
1471 2308 1582 2380 coluit
1594 2322 1628 2378 te
1643 2305 1783 2380 Christe
1801 2308 2013 2397 Redemtor,

1199 2408 1413 2502 Exemplum
1427 2433 1544 2481 mores
1559 2421 1593 2480 et
1607 2410 1747 2502 pietatis
1759 2425 1870 2484 eram.

110 2548 184 2616 tam
200 2546 308 2616 vanu
327 2545 596 2637 navtsscopuns
614 2547 706 2630 3133
725 2548 873 2632 fatiam,
1045 2506 1048 2511 ’
1149 2510 1256 2582 Mem
1275 2512 1382 2600 icitur
1397 2512 1531 2630 patriae
1545 2512 1677 2582 fruitur
1693 2512 1852 2630 cousin.
1868 2507 2024 2597 honore,

160 2649 220 2720 Sic
237 2672 358 2739 rupem
376 2648 569 2737 aspiciens,
605 2650 733 2719 excidit
748 2652 814 2719 iste
829 2649 910 2724 sihi.
1200 2611 1279 2683 ΗΘΒ
1291 2626 1431 2685 tantum
1446 2626 1577 2703 1981101
1589 2635 1717 2704 ⁶⁰¹t>¹¹⁸
1735 2637 1841 2683 10000
1857 2613 1945 2683 00Ῑο·

110 2746 157 2821 Et
173 2751 272 2834 serit,
304 2763 338 2818 et
354 2749 512 2834 dubitat,
536 2751 595 2818 sed
615 2773 697 2821 mox
714 2775 751 2819 se
767 2741 901 2840 colligit
918 2750 1012 2840 ipse,

161 2848 208 2921 Et
222 2852 341 2940 vigor,
366 2850 404 2918 in
422 2861 560 2940 pectus,
583 2851 646 2944 qui
660 2853 730 2922 tuit
744 2866 843 2936 ante,
868 2854 973 2925 redit.

110 2949 206 3041 Ergo
222 2955 349 3020 ardens
368 2951 495 3020 iterum
512 2976 635 3044 rupem
652 2951 798 3024 Sinaida
813 2956 947 3046 pulsat,

159 3052 208 3124 Et
223 3053 350 3122 baculo
367 3053 459 3142 cogit
473 3054 596 3123 cedere
614 3077 694 3124 saxa
709 3079 791 3125 suo:
1151 3051 1218 3122 No.
1232 3051 1321 3129 285.

111 3146 289 3246 Quodque
305 3153 393 3241 riget
410 3154 479 3223 late
493 3155 569 3225 loca
585 3171 700 3237 vasta,
724 3157 906 3227 effundere
921 3157 1077 3242 flumen,
1152 3149 1285 3182 “⁵“
1958 3150 2130 3180 w*

166 3255 269 3328 Unde
285 3256 352 3324 sibi
368 3255 489 3325 dulces
505 3251 646 3327 hauriat
662 3280 786 3349 agmen
804 3254 923 3352 aquas.
1234 3268 1317 3339 Aput
1336 3268 1463 3325 vincent
1482 3244 1545 3341 ph

114 3356 191 3427 Hoc
209 3355 306 3428 Deus
324 3357 483 3449 exemplo
498 3373 675 3437 monstrat,
687 3384 722 3429 se
738 3383 877 3451 pascere
892 3373 1053 3450 egentes,

165 3458 266 3547 Quos
282 3460 325 3529 ad
342 3460 505 3530 militiam
522 3462 647 3548 deligit
663 3462 864 3551 ipsesuam.
1153 3453 1200 3522 ln
1224 3445 1395 3519 cromam
1426 3444 1619 3521 Ecclesiae
1643 3447 1721 3516 Dei
1751 3443 1819 3515 sub
1850 3451 2017 3541 imagine
2046 3455 2138 3524 Hal-

115 3561 184 3632 Sed
202 3579 320 3631 tamen
338 3575 373 3631 et
389 3561 502 3629 maius
518 3562 687 3654 quiddam
703 3563 897 3650 spectacula
916 3575 1012 3633 tanta
1177 3569 1355 3644 cycnum
1395 3544 1627 3636 descriptam
1651 3548 1825 3617 eamme
1852 3570 1876 3618 c
1901 3552 2112 3624 Martius

168 3662 393 3749 Significant,
418 3661 569 3729 multum
586 3662 681 3752 quod
696 3662 898 3731 meminisse
912 3663 1021 3736 iuvat.
1487 3722 1496 3736 .
1517 3648 1774 3720 3000101110·

118 3762 259 3849 Legiier
271 3773 313 3828 ut
329 3759 447 3829 Moses
466 3774 517 3829 cst
533 3761 646 3829 iussus
663 3763 823 3831 scindere
838 3788 976 3854 rupem,

168 3862 227 3932 Sic
243 3873 387 3952 propter
401 3860 530 3950 Legem
549 3862 694 3931 vulnera
707 3861 870 3935 Christus
887 3860 1004 3938 habet.

115 3961 189 4031 Lex
207 3964 355 4031 immota
369 3978 502 4032 manet:
530 3976 708 4052 peccatum
726 3966 844 4054 punit,
872 3981 906 4037 et
921 3968 1015 4052 odit,

166 4062 411 4156 Proponitque
425 4063 498 4132 irae
511 4065 663 4155 plurima
680 4065 777 4156 signa
792 4064 898 4141 Deus.

120 4164 275 4251 Verum,
305 4189 350 4234 ne
363 4187 509 4256 prorsus
526 4179 651 4236 natura
668 4163 822 4237 humana
830 4169 989 4260 periret,

169 4267 266 4338 Neve
281 4263 366 4336 haec
380 4267 509 4338 frustra
527 4282 613 4338 esset
629 4270 771 4339 condita
786 4270 902 4358 imago
922 4268 1004 4340 Dei:

119 4368 189 4439 Pro
206 4369 309 4438 nobis
325 4368 435 4439 Natus
449 4370 559 4463 patris
573 4371 786 4451 intercessit,
811 4372 956 4466 aditque

169 4470 347 4555 Poenam,
373 4496 478 4564 quarn
496 4472 587 4542 iusta
604 4488 766 4542 sanxerat
782 4473 832 4541 ira
850 4471 927 4546 Dei.

120 4572 191 4642 Lex
208 4573 315 4662 igitur
331 4567 513 4645 Christum
530 4574 706 4645 insontem
729 4574 915 4667 percussit,
939 4588 974 4645 et
988 4575 1072 4644 inde

171 4672 368 4744 Manarunt
384 4675 477 4746 vitae
493 4675 640 4745 flumina
655 4689 753 4766 grata
771 4701 895 4749 novae.

122 4772 197 4843 Cur
212 4789 328 4844 autem
347 4776 497 4866 trepidat
511 4775 654 4846 Moses?
681 4779 858 4888 praesagia
875 4780 1009 4859 luctus,

181 4873 338 4945 Venturo
357 4873 397 4943 in
411 4876 544 4967 populo
563 4890 649 4947 tunc
664 4903 775 4970 pavor
789 4879 851 4946 ille
865 4878 944 4948 suit.

127 4973 228 5065 Quae
243 4976 375 5065 legem,
399 4997 592 5067 vocemque
604 4977 674 5048 Dei
688 5001 775 5068 gens
789 4977 903 5047 audiit
920 5001 1011 5058 uria,

177 5075 274 5146 Haec
288 5070 430 5146 Christo
445 5074 601 5145 Domino
619 5091 670 5147 est
682 5080 828 5148 iniicere
844 5099 926 5145 ausa
944 5099 1080 5147 manus.

128 5178 328 5248 Venturum
343 5177 455 5246 scelus
473 5171 541 5246 hoc
559 5170 748 5248 exhorrent
764 5192 904 5271 pectora
923 5174 1054 5257 Mosis,

177 5277 224 5350 Et
241 5280 401 5348 nondum
417 5292 504 5350 noto
520 5294 615 5349 mota
628 5270 753 5348 dotoie
766 5293 919 5370 stupent.
1027 5342 1030 5347 .

129 5381 240 5472 Saepe
256 5384 362 5450 duces
378 5381 503 5472 populi
519 5380 653 5452 ferirmt
665 5392 702 5450 te
716 5379 866 5452 maxime
883 5373 1043 5466 Christe,

180 5483 395 5565 Anteferunt
410 5482 516 5556 dictis
531 5508 612 5555 cum
626 5507 693 5557 sua
707 5482 788 5556 iura
804 5482 886 5556 tuis.
941 5542 955 5553 ,,

132 5609 311 5678 ltlxntxrn.
336 5606 441 5712 Oen.
467 5605 552 5674 Vos..
577 5604 624 5670 X.
918 5622 926 5635 ‘
1545 5595 1596 5668 40

1148 3812 1343 3884 ‘Fluctibus
1353 3811 1393 3881 iu
1410 3811 1534 3882 mediis
1549 3811 1689 3903 pariens
1703 3807 1859 3881 Ecclesia
1874 3837 1983 3908 quare

1207 3913 1432 4009 Halcyonum
1446 3913 1573 3983 similis
1585 3913 1649 3997 sit,
1673 3914 1793 3983 tabula
1807 3914 1871 3984 ista
1887 3919 1998 3988 doceb

1157 4017 1223 4087 1113
1240 4016 1301 4086 sed
1319 4030 1372 4086 est
1384 4014 1463 4083 aliis
1477 4015 1582 4083 etiarn
1600 4015 1737 4105 depicta
1751 4015 1888 4104 liguris:

1208 4117 1363 4188 Naturae
1379 4117 1555 4207 impressit
1569 4116 1719 4206 plurima
1736 4116 1835 4206 sigua
1851 4117 1956 4192 Deus.

1158 4219 1272 4290 Nidus
1287 4213 1388 4287 humi
1409 4218 1497 4287 iacet
1510 4218 1604 4288 inter
1619 4241 1699 4287 saxa
1717 4215 1954 4313 Hypolaidos,
1980 4224 2018 4294 in
2037 4251 2141 4320 quem

1209 4319 1361 4411 lgnavus
1375 4316 1513 4414 Coccyx
1526 4344 1592 4390 ova
1606 4321 1758 4390 fovenda
1775 4320 1879 4394 locat.
2008 4325 2012 4331 '

1032 4462 1036 4468 ·
1158 4421 1320 4514 Cumque
1335 4421 1397 4490 diu
1415 4420 1512 4512 pavit
1529 4421 1693 4491 cuculum
1709 4421 1863 4491 officiosa
1882 4448 2062 4514 voracem,

1210 4523 1282 4592 Nec
1299 4537 1416 4592 tamen
1434 4523 1625 4612 ingluviem
1644 4525 1712 4590 iam
1728 4537 1884 4593 saturare
1900 4541 2030 4616 potest:

1160 4626 1256 4696 Teren
1275 4624 1343 4692 sibi
1360 4640 1517 4695 servatae
1531 4625 1671 4694 solvens
1686 4624 1776 4692 mala
1795 4627 1947 4713 praemia
1967 4631 2075 4718 vitae,

1211 4725 1394 4795 Nutricem
1408 4726 1553 4795 cuculus
1571 4727 1716 4793 devorat
1731 4748 1792 4791 ore
1809 4748 1920 4795 suam.

1162 4825 1222 4898 Sic
1237 4826 1293 4917 pia
1309 4851 1346 4894 se
1360 4841 1539 4917 praestans
1555 4821 1772 4893 Thammero
1789 4812 1945 4897 Ecclesia
1960 4845 2129 4919 matrem,

1212 4925 1419 5019 Serpentem
1434 4924 1578 5017 proprio
1594 4924 1722 4993 nutriit
1736 4925 1810 5014 ipsa
1826 4925 1919 4999 sinu.

1162 5025 1244 5097 Non
1262 5029 1367 5098 timet'
1375 5029 1413 5095 in
1430 5039 1577 5095 matrem
1595 5026 1754 5095 crudeles
1770 5042 1905 5099 vertere
1923 5055 2077 5118 morsus,

1213 5126 1279 5199 llle
1292 5153 1357 5198 nec
1373 5151 1446 5197 esse
1458 5124 1594 5211 Deum,
1619 5127 1679 5220 qui
1695 5127 1789 5197 videt
1806 5129 1869 5200 ista
1886 5145 1997 5223 putat.

1166 5229 1284 5300 Gnate
1301 5226 1388 5311 Dei,
1415 5225 1584 5320 prohibe,
1610 5229 1746 5321 proprii
1763 5232 1928 5303 defensor
1946 5229 2113 5323 honoris,

1218 5327 1423 5400 Visceribus
1439 5330 1582 5401 cuculos
1597 5357 1633 5402 se
1649 5332 1775 5403 satiare
1793 5334 1875 5405 tuis.
