4748 6022
166 139 246 270 sss·
762 176 1181 276 Quausrtonns
1213 168 1610 253 acannurcan.
2134 170 2248 244 soo.

178 413 184 431 .
282 358 462 447 ltnposeio
482 353 640 424 Doctoris
661 352 831 440 Georgii
850 351 1053 423 Maioris.
1214 354 1269 424 oia
1300 351 1408 425 tactio
1435 348 1602 428 institnit.
1675 346 1774 419 Haec
1807 347 1991 442 responsio
2017 346 2209 442 perspicua

196 492 199 498 '
274 484 509 555 Verissimum
533 494 585 551 est
607 481 703 573 quod
723 480 830 565 dicis,
856 479 998 548 nullum
1023 477 1062 546 in
1086 475 1160 545 vita
1213 469 1277 528 ²⁸¹·

172 585 360 687 pulchrius
378 585 616 677 spectaculum
641 606 733 666 esse,
756 605 863 675 quam
881 574 1003 650 videre
1023 591 1162 648 coetum
1271 668 1275 672 Α
1313 570 1384 645 Sed
1406 573 1516 667 qnid,
1540 572 1641 642 risit
1669 594 1752 641 vera
1774 565 1955 657 Ecclesia,
1981 583 2017 642 et
2038 570 2210 662 legantur

174 717 300 767 senum
327 688 549 761 eruditorum
573 684 777 755 timentium
801 682 934 768 Deum,
965 695 999 750 et
1021 682 1162 772 sapien·
1213 675 1336 747 idonei
1350 676 1503 755 iudices,
1529 690 1570 746 ut
1593 675 1632 743 in
1649 698 1731 744 vera
1747 666 1905 743 Ecclesia
1927 688 2088 766 tempore
2104 673 2210 768 Apo·

173 814 270 880 tum,
296 792 359 886 qui
381 805 467 861 sunt
485 811 616 878 organa
634 785 789 878 Spiritus
804 784 935 868 sancti,
958 781 1073 876 qualis
1094 782 1164 852 suit
1212 781 1405 863 stolorum,
1432 792 1550 849 tamen
1576 777 1838 848 controversiae
1864 776 2093 864 oriebantur,
2117 801 2212 873 quas

173 911 236 970 aut
251 893 508 986 Apostolorum
523 889 766 979 congregatio,
792 889 836 956 de
853 911 922 981 qua
936 881 1075 968 dixisti,
1102 897 1164 953 ant
1214 898 1299 954 tunc
1317 881 1386 951 erit
1401 877 1626 951 authoritas?

121 1011 125 1018 ⁴
168 1009 370 1074 conventus
384 997 423 1064 in
439 993 546 1064 Nicea
563 1005 798 1062 trecentorum
816 1003 851 1060 et
864 988 1058 1059 octodecim
1072 983 1162 1077 Epi·
1314 997 1412 1070 Haec
1433 999 1594 1093 quaestio
1616 997 1803 1068 ohscurior
1823 997 1938 1068 videri
1961 1013 2095 1091 potest,
2122 1000 2212 1095 qui,

174 1123 385 1194 scoporum‚
419 1120 490 1191 <1¹1⁰
515 1095 553 1163 5¹¹
574 1101 725 1163 flumem
748 1105 849 1161 ⁰²³⁰!
870 1090 996 1175 mulli,
1034 1090 1096 1184 (lul
1123 1088 1162 1156 3¹¹
1213 1105 1330 1192 imago
1354 1102 1588 1195 imperiorum
1611 1125 1687 1170 non
1711 1101 1953 1171 transferenda
1979 1117 2055 1173 erat
2076 1099 2215 1173 adEo-

175 1201 399 1277 confessione
420 1196 653 1268 constantiam
672 1209 708 1265 et
723 1195 835 1265 robur
856 1194 939 1263 fidei
960 1194 1165 1262 declarave-
1215 1207 1370 1279 elegiam,
1430 1205 1514 1276 Viri
1535 1203 1675 1294 politici
1701 1202 1962 1293 imaginantur,
1996 1229 2102 1295 posse
2130 1206 2216 1276 tolli

175 1321 276 1390 ‘³⁰¹2
302 1317 336 1374 ⁸¹
351 1304 450 1390 ⁸lss¹¹³
467 1298 723 1390 willielmum
740 1292 857 1367 adhuc
881 1299 919 1365 5¹¹
935 1289 1164 1386 c⁰¹l’01‘0hil·
1214 1307 1361 1379 dissidia
1386 1306 1650 1389 doctrinarum,
1675 1305 1767 1375 sicut
1793 1307 1915 1374 civiles
1941 1309 2215 1380 controversiae

175 1412 327 1485 bebant:
367 1404 460 1476 Aliis
482 1401 577 1471 oculi
602 1400 721 1470 effossi
744 1413 861 1479 erant,
893 1399 973 1468 aliis
1002 1396 1163 1467 mutilata

174 1505 342 1592 brachia,
376 1505 489 1598 aliqui
517 1515 678 1573 mortuos
700 1514 952 1571 revocaverant
983 1499 1022 1568 in
1046 1498 1165 1569 vitam.

176 1615 303 1685 Talem
321 1631 523 1679 consessum
539 1606 661 1674 videre
677 1618 710 1676 et
723 1605 858 1688 audire,
880 1617 1012 1697 quanta
1028 1600 1165 1672 foelici-

176 1731 228 1788 tas
244 1715 319 1783 est?
344 1709 445 1780 'l'alis
463 1730 645 1778 consessus
660 1707 690 1775 si
705 1708 848 1801 quando
867 1706 1002 1775 iudicat
1021 1717 1165 1773 contro·

176 1817 310 1887 versias
320 1811 518 1894 Ecclesiae,
540 1833 622 1877 vere
636 1801 810 1906 hymnum
826 1808 1033 1898 angelorum
1051 1804 1163 1876 canit:

178 1918 306 1990 Gloria
329 1917 368 1983 in
394 1913 538 1983 excelsis
553 1908 650 1997 Deo,
673 1924 708 1982 et
731 1911 771 1980 in
788 1925 880 1983 terra
895 1935 983 2003 pax,
1006 1903 1165 1978 homini-

177 2025 247 2094 bus
261 2018 412 2106 laeticia.

193 2175 198 2191 ,
280 2115 334 2191 Ac
351 2116 522 2206 singulari
538 2115 688 2186 consilio
707 2113 800 2185 Deus
816 2114 930 2186 voluit
946 2111 1078 2184 iudicia
1095 2107 1167 2180 Ec-

178 2225 305 2305 clesiae
321 2217 390 2291 hoc
403 2220 511 2288 modo
528 2219 701 2302 exerceri,
726 2243 801 2287 non
822 2229 863 2286 ut
880 2215 1042 2311 tyrannis
1064 2226 1165 2291 esset,

179 2330 241 2425 sed
257 2339 297 2396 ut
313 2322 417 2394 multi
432 2321 528 2391 docti
545 2333 580 2390 et
595 2321 646 2412 pii
663 2319 856 2391 sententias
872 2318 1011 2410 placide
1025 2317 1168 2386 conser-

178 2442 281 2514 rent,
315 2439 349 2497 ct
373 2424 479 2495 multi
508 2436 624 2492 essent
648 2422 807 2493 veritatis
831 2434 953 2502 testes,
981 2433 1014 2489 et
1036 2416 1168 2508 singuli

163 2533 332 2603 aliorum
363 2525 567 2599 testimonio
600 2527 909 2595 confirmarentur.
969 2519 1053 2591 Ideo
1076 2518 1167 2590 scri·

181 2650 281 2728 ptum
316 2646 382 2700 est:
425 2625 467 2698 Si
499 2627 607 2697 luerit
641 2626 779 2698 sedenti
812 2626 1028 2707 revelatum,
1056 2634 1169 2692 taceat

180 2737 292 2832 prior.
347 2730 473 2800 'salem
506 2744 721 2799 conventum
756 2751 861 2796 verae
890 2723 1070 2796 Ecclesiae
1101 2722 1169 2792 ali-

180 2837 326 2936 quando
343 2831 420 2902 fieri
436 2843 611 2922 optemus.

284 2934 344 3006 llli
362 2957 446 3004 vero
462 2939 659 3004 conventus
677 2930 884 3002 Pontificiae
901 2927 1084 3012 factionis,
1104 2927 1169 2997 ubi

103 3083 107 3090 ·
180 3038 344 3116 homines
362 3034 490 3129 polluti
504 3035 611 3105 idolis
629 3046 663 3104 et
678 3033 914 3119 libidinibus,
933 3046 995 3103 aut
1007 3029 1169 3101 fascinati

104 3175 108 3183 ·
180 3143 281 3217 tetris
312 3138 514 3224 erroribus,
554 3132 618 3208 καὶ
636 3131 913 3232 τετυφωμένοι,
951 3132 1170 3205 conveniunt

179 3243 276 3342 hanc
298 3244 410 3334 ipsam
437 3241 486 3309 ob
511 3262 668 3324 causam,
694 3253 734 3309 ut
755 3262 837 3309 suos
860 3241 998 3311 furores
1020 3250 1054 3307 et
1070 3259 1170 3305 suam

180 3338 407 3446 tyrannidem
424 3342 654 3425 confirment,
673 3340 789 3434 qualis
803 3341 872 3410 fuit
890 3337 1114 3430 congregatio
1131 3337 1170 3405 in

180 3448 343 3542 proxima
360 3443 572 3515 Tridentina
585 3442 754 3536 Synodo,
777 3456 839 3514 aut
853 3438 1093 3525 Bononiensi,
1106 3463 1171 3507 ne-

182 3573 361 3648 quaquam
386 3561 469 3616 sunt
492 3569 595 3614 verae
617 3543 796 3615 Ecclesiae
816 3545 973 3640 Synodi,
999 3543 1060 3611 sed
1087 3555 1171 3612 sunt

183 3664 385 3724 conventus
404 3673 611 3752 cercopum,
642 3663 704 3719 aut
719 3662 855 3718 veteres
870 3641 1051 3717 dicebant:
1079 3639 1170 3744 ἆγο-

184 3751 233 3850 od
259 3743 475 3847 κερκώπων.

285 3872 338 3943 De
354 3867 411 3945 his
425 3860 540 3943 facilis
557 3882 613 3939 cst·
627 3869 794 3941 refutatio
811 3866 1011 3958 argumenti
1026 3867 1094 3936 tui:

235 3993 412 4064 Indicium
426 3990 503 4058 sine
520 3982 735 4057 authoritate
755 4000 806 4056 est
823 3983 968 4055 inutile:

234 4094 399 4184 Cognitio
418 4092 455 4160 in
472 4089 619 4197 Synodo
640 4104 690 4160 est
705 4114 885 4159 summum
901 4087 1085 4158 iudicium.

235 4195 351 4287 lgitur
367 4218 490 4288 parere
507 4217 646 4264 necesse
663 4208 724 4263 est.

287 4328 504 4422 Respondeo
523 4332 568 4398 de
584 4330 740 4397 minore:
766 4323 919 4396 Etiamsi
939 4326 1112 4397 iudicium
1133 4324 1171 4393 in

184 4436 333 4531 Synodo
351 4455 433 4500 vera
453 4454 632 4501 summum
649 4445 756 4512 esset,
783 4442 902 4498 tamen
922 4425 960 4496 hi
977 4442 1173 4498 conventus

183 4534 384 4617 pontificii,
402 4558 476 4602 non
495 4531 726 4625 suntSynodi
739 4527 1039 4604 veraeEcclesiae.
1064 4528 1171 4599 Nulla

184 4665 253 4711 vox
277 4639 390 4707 libera
414 4632 575 4705 hominis
594 4633 649 4724 pii
676 4646 710 4703 et
730 4632 861 4703 eruditi
883 4632 1040 4704 auditur.
1092 4630 1173 4700 Non

185 4756 347 4814 servatur
374 4740 428 4809 lex
452 4737 575 4808 divina
598 4752 633 4806 et
653 4735 848 4818 naturalis,
875 4731 1021 4827 ἀμφοῖν
1037 4728 1175 4826 ὁμοίως

185 4843 413 4938 ἀκροᾶσθαι.
472 4836 520 4911 Et
548 4841 710 4910 iudicant
737 4834 902 4908 homines
926 4833 1097 4929 Epicurei
1131 4837 1175 4905 de

185 4949 291 5019 rebus
318 4944 467 5034 ignotis,
495 4946 592 5037 quod
621 4944 726 5013 etiarn
753 4939 865 5013 veteri
887 4963 992 5011 versu
1011 4935 1176 5032 prohibi-

185 5067 262 5122 tum
282 5061 344 5117 est.

230 5157 367 5246 Μήποτε
392 5155 428 5222 dl
451 5154 563 5241 κρίνειν
585 5147 771 5241 ἅδαήμονας
792 5152 912 5240 ἄνδρας
931 5150 1042 5230 ἰάσεις.

288 5268 411 5361 ltaque
425 5276 672 5352 argumentum
693 5265 783 5333 illud
801 5265 845 5331 de
865 5261 991 5333 iudicii
1016 5256 1176 5333 authoriss

186 5360 261 5445 tate¹
280 5397 353 5442 non
376 5366 624 5461 patrocinatur
645 5363 701 5436 his
718 5367 894 5461 Synodis,
923 5391 1009 5461 quas
1025 5364 1177 5437 Pontifi-

1215 1412 1411 1482 tolluntur:
1439 1433 1478 1480 ac
1494 1422 1615 1502 postea
1640 1408 1793 1477 similem
1809 1409 1937 1503 volunt
1962 1433 2035 1479 esse
2054 1424 2215 1501 potesta-

1217 1527 1289 1585 tem
1312 1512 1529 1582 iudiciorum
1553 1509 1712 1605 Synodi,
1740 1524 1775 1579 et
1801 1510 2019 1581 iudiciorum
2035 1511 2213 1585 Potittco-

1215 1640 1314 1699 rum,
1340 1638 1409 1708 qua
1427 1615 1465 1684 in
1481 1637 1519 1683 re
1533 1634 1682 1704 magnus
1697 1626 1749 1684 est
1766 1637 1887 1698 error,
1913 1616 1975 1682 sed
1991 1627 2111 1686 tamen
2126 1618 2213 1708 plu-

1215 1718 1389 1787 rimorum
1413 1715 1541 1786 animis
1561 1716 1610 1786 ita
1639 1715 1784 1804 infixus,
1810 1728 1850 1785 ut
1873 1716 1979 1785 evelli
1995 1742 2070 1786 non
2086 1721 2213 1811 possit,

1217 1845 1258 1889 ac
1282 1842 1427 1912 prorsus
1451 1820 1488 1888 fit
1512 1808 1578 1886 ha‘c
1607 1819 1644 1886 in
1670 1842 1727 1902 re,
1753 1820 1849 1910 quod
1878 1818 1966 1888 dixit
1979 1818 2210 1893 Simonides:

1216 1917 1260 1994 cd
1286 1917 1414 1994 δοκεῖν
1438 1913 1560 2015 βιάζει
1584 1915 1654 2014 τὴν
1677 1912 1871 2013 ἀλήθειαν.
1923 1917 2050 1991 Valent
2070 1923 2210 2017 iudicia

1218 2024 1337 2094 civilia
1355 2018 1571 2104 authoritate
1584 2021 1697 2111 Regia
1720 2046 1781 2092 seu
1797 2020 1988 2095 Praetoria.
2036 2022 2145 2096 Valet
2172 2041 2210 2097 et

1220 2125 1466 2218 interpretatio
1487 2126 1623 2214 legum,
1655 2120 1872 2196 authoritate
1889 2122 2001 2216 Regia
2021 2149 2082 2197 seu
2094 2126 2209 2200 Prae-

1218 2228 1321 2300 toria.
1380 2226 1529 2298 Necesse
1547 2240 1598 2296 est
1615 2227 1724 2317 igitur
1737 2250 1871 2320 parere.

1320 2346 1391 2419 Sed
1412 2372 1486 2417 non
1510 2360 1563 2417 est
1583 2346 1710 2415 similis
1724 2341 1921 2417 authoritas
1938 2347 2156 2420 iudiciorum
2171 2351 2213 2422 in

1218 2450 1375 2546 Synodis
1390 2450 1429 2519 in
1445 2446 1621 2534 Ecclesia,
1647 2448 1731 2543 quia
1746 2447 1883 2543 Synodi
1908 2472 1984 2519 non
2005 2466 2090 2523 sunt
2112 2476 2213 2524 sum-

1219 2554 1270 2622 mi
1285 2553 1441 2637 iudices,
1467 2553 1527 2622 sed
1544 2552 1618 2645 ipsa
1635 2576 1703 2621 vox
1711 2548 1797 2632 Dei,
1823 2566 1858 2622 et
1871 2551 2116 2645 interpretatio
2134 2580 2210 2627 non

1220 2669 1271 2726 est
1300 2655 1441 2745 alligata
1477 2654 1638 2747 personis
1671 2653 1923 2724 iudicantibus.
1981 2652 2131 2727 Donum
2159 2673 2213 2732 est

1220 2758 1317 2828 enim
1335 2757 1373 2826 in
1391 2752 1568 2837 Ecclesia,
1592 2780 1667 2826 non
1691 2769 1743 2827 est
1761 2770 1916 2848 potestas
1937 2759 2110 2829 attributa
2134 2786 2212 2833 cer·

1222 2861 1268 2932 tis
1287 2859 1475 2952 gradibus,
1500 2872 1539 2930 ut
1558 2858 1802 2950 interpretatio
1817 2859 1935 2948 legum
1951 2861 2114 2932 civilium
2133 2887 2211 2935 cer-

1224 2962 1269 3034 tis
1292 2962 1460 3052 gradibus
1484 2961 1653 3031 attributa
1676 2975 1746 3046 est,
1772 2961 1855 3055 quia
1872 2964 2136 3035 controversiae
2159 2967 2212 3036 ci-

1223 3067 1311 3135 viles
1326 3064 1468 3142 ratione
1479 3062 1631 3134 iudicari
1646 3078 1812 3154 possunt,
1834 3088 1924 3159 quae
1939 3067 2143 3137 communis
2159 3083 2212 3140 est

1220 3168 1381 3239 omnium
1404 3190 1584 3239 sanorum.
1644 3161 1793 3236 Etcum
1822 3168 1963 3237 nullum
1992 3169 2040 3240 sit
2070 3170 2212 3243 animae

1221 3269 1419 3363 periculum
1439 3269 1477 3336 in
1497 3269 1630 3338 iactura
1645 3291 1766 3339 rerum
1780 3269 2040 3360 corporalium,
2063 3272 2212 3344 obedire

1222 3371 1416 3442 sententiae
1432 3370 1561 3440 iudicis
1579 3370 1686 3440 etiam
1702 3372 1853 3441 errantis
1869 3372 1963 3444 licet.

1327 3489 1375 3561 At
1397 3490 1434 3558 in
1457 3489 1621 3559 doctrina
1641 3513 1869 3583 nequaquam
1894 3490 2136 3562 obediendum
2161 3510 2213 3567 est

1223 3593 1416 3665 sententiae
1442 3591 1572 3663 iudicis
1598 3593 1761 3663 errantis.
1812 3594 1897 3662 Ideo
1924 3617 2028 3663 nemo
2046 3596 2215 3687 obligan-

1221 3699 1289 3768 dus
1309 3710 1383 3779 cst,
1408 3709 1451 3766 ut
1472 3695 1655 3787 promittat
1671 3719 1706 3763 se
1723 3695 2050 3785 obtemperaturum
2066 3713 2215 3770 senten-

1222 3801 1292 3870 tiae
1308 3797 1464 3893 Synodi,
1490 3822 1596 3889 quam
1612 3797 1776 3866 nondum
1792 3797 1941 3868 audivit.
1993 3796 2085 3868 Nam
2103 3802 2213 3873 etiam

1222 3900 1334 3971 sancti
1349 3899 1421 3969 labi
1435 3892 1606 3990 possunt,
1630 3913 1779 3988 possunt
1796 3914 1831 3970 et
1851 3924 2000 3969 numero
2023 3903 2216 3994 suffragio-

1223 4028 1305 4073 rum
1322 4002 1439 4085 vinci,
1463 4001 1567 4071 etiam
1594 4026 1674 4071 cum
1699 4001 1765 4091 ipsi
1786 4025 1886 4071 veras
1903 4004 2097 4075 sententias
2112 4008 2213 4076 dixe-

1224 4118 1321 4179 runt.
1374 4102 1487 4192 Saepe
1512 4103 1607 4173 enim
1634 4098 1703 4173 hoc
1728 4103 1875 4188 accidit,
1911 4118 1952 4175 ut
1983 4107 2099 4176 maior
2129 4132 2213 4198 pars

1224 4207 1344 4277 vincat
1364 4205 1559 4274 meliorem.
1609 4205 1683 4276 Nec
1707 4205 1747 4274 in
1765 4203 1946 4290 Ecclesia,
1972 4221 2014 4278 ut
2038 4210 2076 4278 in
2098 4209 2216 4304 impe-

1223 4309 1305 4395 riis,
1334 4308 1453 4378 valere
1471 4310 1605 4379 debent
1616 4310 1816 4380 sententiae
1831 4333 1994 4380 numero.

1329 4441 1425 4534 Ergo
1450 4441 1609 4536 inquies,
1636 4443 1767 4513 iudicia
1793 4444 2024 4539 Synodornm
2046 4457 2132 4514 sunt
2158 4445 2219 4516 in-

1224 4547 1353 4619 utilia?
1403 4544 1638 4637 Respondeo:
1677 4541 1795 4614 Etiam
1827 4571 1931 4616 verae
1957 4543 2096 4641 Synodi
2119 4548 2221 4619 iudi-

1226 4651 1322 4719 cium
1343 4671 1417 4715 non
1443 4647 1584 4737 penitus
1611 4647 1706 4716 tollit
1726 4649 2009 4734 controversias,
2035 4662 2075 4719 ut
2092 4651 2222 4737 politi·

1227 4776 1323 4822 cum:
1355 4762 1397 4817 ut
1420 4773 1485 4817 nec
1503 4745 1759 4839 Apostolorum
1777 4750 1963 4844 Synodus,
1991 4776 2056 4821 nec
2079 4749 2224 4828 Nicena

1228 4853 1369 4945 penitus
1385 4851 1603 4921 sustulerunt
1619 4855 1895 4933 controversias,
1923 4857 1966 4923 de
1982 4855 2114 4948 quibus
2134 4881 2225 4947 pro-

1226 4956 1456 5026 nuntiarunt.
1513 4952 1588 5023 ltno
1606 4954 2009 5040 incendimnArianum,
2030 4956 2224 5051 aliquanto

1229 5072 1308 5148 post
1324 5057 1436 5126 multo
1453 5057 1564 5125 maius
1580 5059 1713 5127 factum
1733 5071 1801 5141 est,
1827 5072 1864 5128 nt
1883 5060 1922 5129 fit
1938 5060 2018 5148 igne
2034 5062 2224 5152 paulisper

1228 5184 1408 5251 represso,
1434 5184 1507 5228 uon
1526 5183 1671 5246 prorsus
1694 5161 1872 5230 restincto.
1927 5159 2085 5232 Eatenus
2108 5164 2225 5255 igitur

1229 5266 1411 5333 fatendum
1439 5278 1490 5334 est
1507 5261 1645 5356 Synodi
1672 5263 1842 5333 iudicium
1870 5264 1998 5336 inutile
2014 5289 2108 5348 esse,
2135 5269 2224 5363 quia

1201 5422 1207 5448 .
1229 5392 1303 5437 non
1320 5365 1461 5457 penitus
1479 5366 1571 5436 tollit
1588 5364 1855 5439 controversias.
