4748 6022
300 238 748 343 EPISTOLARUM,
800 237 1175 323 lUDlCIORUM
1214 230 1290 309 ΕΤ
1329 231 1730 318 SCRIPTORUM
1778 244 2010 324 ΗΕΚΝ.
2113 253 2164 325 26

221 414 363 485 Deinde
390 432 548 507 reputes,
577 431 737 508 ⁴quantus
763 412 824 488 hic
848 420 893 489 sit
920 422 1038 503 sutor,
1081 434 1115 489 et
1169 406 1386 500 propositam
1403 432 1476 478 esse
1492 432 1681 499 agnoscas,
1707 441 1746 486 ac
1762 443 1824 488 vos
1841 422 1932 491 duos
1948 444 1988 492 ac
2003 435 2159 493 vestrum

119 520 214 590 unde
231 532 332 587 ortus
347 519 403 587 sit.
444 517 584 589 Dicenti
600 520 679 588 Deo
696 522 902 591 adversatur
919 520 1024 614 Papa,
1049 522 1110 614 qui
1167 533 1319 601 parvum
1338 533 1463 600 ³8¹⁰&ss
1480 513 1565 583 δΰῑῑθ
1582 515 1680 586 illim
1693 513 1871 592 Ecclesiae
1892 527 2050 597 membra
2073 549 2158 608 0⁸⁸0,

118 623 225 705 dicit,
250 613 549 692 Ncsaccrdosin
571 618 741 712 coniugio
763 617 929 714 legitimo
952 631 984 691 et
1011 632 1111 692 casto
1165 634 1274 705 quam
1290 607 1405 682 Filius
1422 627 1533 699 amat,
1559 618 1805 707 complectitur
1820 637 1854 692 et
1867 639 1994 701 tuetur.
2046 625 2155 697 Hune

122 721 233 793 rival.
293 720 414 791 Violat
445 723 589 814 quidem
616 718 711 790 hunc
736 726 899 793 ordinem
925 749 989 794 suo
1011 727 1109 816 lapsu
1149 713 1319 782 'Vicissim
1339 727 1474 800 ³ffl³l0>
1505 730 1540 787 el
1561 735 1660 809 8Γὸῑο
1684 737 1823 810 ltt³⁰l0fe
1848 727 2022 814 celebres,
2049 745 2083 799 θῑ
2105 744 2152 813 ¹⁰2

122 827 230 894 etiam
247 817 396 908 David,
429 827 490 891 sed
514 823 604 892 illud
629 825 740 893 scelus
764 827 878 895 maius
897 839 967 911 est,
997 827 1107 916 legem
1160 827 1317 906 tuosque
1350 830 1387 886 et
1420 818 1563 889 nidulos
1593 837 1729 894 vestros
1753 827 1785 893 ei
1809 832 2035 915 commenda,
2068 857 2150 901 cum

134 244 184 320 25

122 950 301 1017 opponere
314 922 390 994 Deo
406 925 557 1009 dicenti,
583 950 673 1018 quae
689 927 892 1017 coniugium
911 924 1109 1017 probibeat,

122 1042 157 1097 et
181 1050 280 1097 causa
303 1027 350 1097 sit
373 1027 572 1116 ingentium
595 1027 784 1110 scelerum,
812 1031 942 1122 quibus
968 1031 1018 1099 ira
1040 1029 1106 1099 Dei

121 1125 341 1198 horribiliter
363 1129 577 1198 accenditur·
629 1126 771 1216 Quanta
797 1146 913 1201 autem
938 1133 984 1202 sit
999 1135 1106 1202 auda·

122 1232 192 1313 cia,
217 1230 330 1319 legem
350 1253 529 1321 opponere
551 1229 681 1298 dicenti
697 1228 792 1311 Deo,
819 1228 1004 1303 boniinum
1024 1261 1103 1303 coe-

120 1332 205 1401 citas
222 1356 298 1401 non
314 1335 398 1400 satis
413 1332 630 1410 considerat,
655 1335 716 1400 sed
734 1334 869 1404 diaboli
890 1336 1104 1425 intelligunt,

116 1433 283 1526 aquibus
299 1429 384 1502 baec
399 1434 544 1503 audacia
563 1434 719 1522 primum
737 1452 813 1504 orta
833 1450 894 1507 est.

217 1531 295 1604 Etsi
311 1549 428 1604 autem
442 1537 480 1602 in
497 1529 661 1603 Etbnicis
686 1537 844 1627 scriptis,
871 1563 952 1608 cum
978 1564 1101 1632 quere-

116 1639 171 1705 lae
187 1636 231 1705 de
241 1638 421 1706 aerumnis
442 1636 617 1725 coniugii,
643 1652 718 1705 tum
741 1639 846 1709 etiam
870 1641 1102 1732 vituperatio-

115 1761 179 1807 nes
205 1752 239 1807 et
262 1760 363 1807 sexus
384 1753 418 1807 et
440 1739 594 1827 coniugii
619 1739 802 1827 leguntur,
834 1756 950 1810 tamen
974 1744 1101 1824 scimus

113 1864 279 1909 normam
304 1839 427 1910 iudicii
450 1864 523 1909 esse
545 1865 667 1909 vocem
697 1843 875 1929 (lisinam,
909 1858 945 1914 et
977 1848 1100 1914 mode-

115 1943 205 2012 stius
222 1941 330 2010 locuti
347 1955 431 2011 sunt
445 1942 622 2033 sapientes
639 1937 837 2023 ethonesti.

215 2036 457 2137 Pythagoras
477 2044 663 2134 praecipit,
689 2068 733 2111 ne
751 2047 898 2117 maritus
915 2047 1099 2138 coniugem

111 2145 327 2233 contumelia
350 2145 508 2222 adliciat,
541 2167 631 2234 quae
652 2145 695 2210 ad
720 2168 817 2212 aram
840 2149 873 2213 ei
898 2147 993 2227 velut
1016 2170 1100 2238 sup-

111 2248 192 2338 plex
207 2247 372 2317 traditur.
424 2241 494 2312 Hic
518 2244 548 2311 si
575 2244 651 2311 iura
673 2246 871 2334 supplicum
896 2248 1099 2316 considera-

112 2349 187 2431 bis,
228 2348 405 2435 intelliges
438 2346 481 2412 ad
516 2367 671 2413 amorem
699 2359 733 2414 et
759 2348 958 2436 coniugalia
984 2348 1097 2418 officia

111 2463 277 2541 oportere
308 2449 346 2515 in
380 2445 456 2513 viro
490 2446 597 2513 etiam
627 2448 790 2517 accedere
820 2449 1097 2519 misericordiam

111 2574 196 2639 erga
226 2573 344 2616 sexum
376 2546 652 2619 imbecilliorem.
706 2545 784 2618 Tua
813 2550 881 2619 fide
911 2566 945 2621 et
967 2552 1097 2622 virtute

112 2651 272 2720 coniunx
293 2649 528 2732 defendenda,
570 2646 701 2716 eteius
724 2649 923 2721 infirmitati
950 2676 1097 2742 parcen-

112 2756 202 2821 dum
226 2762 283 2819 est.
340 2748 436 2827 Haec
466 2749 544 2819 iura
571 2751 615 2818 ad
648 2774 743 2818 aram
776 2754 1000 2840 sanciuntur,
1031 2756 1096 2825 ubi

110 2853 228 2924 Deum
253 2863 373 2923 testem
395 2865 429 2921 et
457 2852 610 2921 iudicem
639 2852 788 2922 facimus
819 2850 926 2926 huius
955 2869 1096 2926 nostrae

111 2953 326 3034 roltrntatis,
354 2966 387 3022 et
404 2953 574 3046 petimus,
601 2965 642 3022 ut
658 2952 703 3022 sit
718 2969 836 3025 custos
853 2971 994 3027 nostrae
1009 2983 1095 3028 con-

111 3055 333 3134 suetudinis,
358 3055 386 3121 si
411 3054 476 3124 erit
493 3053 550 3144 pia
568 3070 603 3125 et
616 3055 789 3143 officiosa,
816 3057 881 3128 Sin
896 3073 1012 3131 autem
1029 3061 1093 3129 crit

110 3157 282 3240 crudelis,
306 3169 347 3225 ut
362 3157 406 3225 sit
422 3158 561 3229 vindex.
843 3244 844 3248 Ἰ

214 3255 394 3329 Admonet
410 3274 525 3329 autem
541 3282 607 3327 nos
621 3260 665 3327 dc
689 3261 855 3348 coniugio
872 3258 955 3330 Filii
970 3260 1037 3332 Dei
1061 3277 1094 3332 et

108 3358 307 3445 Ecclesiae,
342 3357 437 3430 Huic
462 3363 626 3429 adaram
653 3362 743 3434 facta
772 3377 823 3432 est
837 3366 986 3455 supplici
1010 3390 1092 3457 pro·

109 3463 244 3536 missio.
301 3461 360 3532 Sic
395 3463 488 3533 euim
515 3464 559 3532 ad
585 3488 701 3543 aram,
731 3465 768 3534 id
797 3479 869 3548 est,
899 3469 937 3534 iu
965 3491 1092 3537 arcano

110 3564 261 3634 consilio
284 3565 418 3633 aeterni
444 3562 577 3642 Patris,
617 3565 781 3634 mirando
813 3567 955 3634 foedere
970 3560 1093 3651 'Filius

97 3662 177 3736 -Dei
196 3661 391 3735 Ecclesiam
413 3665 589 3733 infirmam
616 3678 649 3732 et
670 3687 916 3732 aerumnosam
942 3666 1010 3734 sibi
1032 3669 1093 3734 de·

110 3768 281 3859 spondet,
305 3781 338 3835 et
353 3766 588 3853 complectens
603 3765 814 3856 supplicem,
832 3765 1019 3835 miseretur
1035 3791 1093 3835 ca·

109 3867 279 3952 ¹lamitatis
311 3867 405 3946 eius,
439 3889 479 3934 ac
510 3866 711 3957 placaturus
732 3880 914 3935 aeternum
937 3865 1092 3951 Patrem,

110 3970 147 4039 in
172 3991 248 4038 sese
270 3969 406 4037 derivat
438 3968 546 4052 iram,
586 3967 624 4035 fit
649 3968 795 4059 supplex
821 3981 966 4038 aeterno
993 3968 1089 4041 Patri

108 4095 174 4164 pro
200 4094 260 4153 ea,
291 4084 325 4140 et
354 4069 501 4140 sustinet
528 4092 690 4160 poenam.
751 4068 890 4140 Deinde
921 4073 1091 4141 acerrime

109 4170 268 4243 defendit
286 4195 451 4262 sponsam
472 4184 593 4240 eontra
619 4170 839 4242 saevissimos
859 4167 977 4243 hostes
1001 4171 1090 4242 Dia-

108 4274 231 4354 bolos,
263 4286 303 4342 et·
319 4273 387 4343 fixo
413 4273 450 4341 in
472 4272 581 4341 labris
604 4296 752 4363 sponsae
783 4274 987 4344 dulcissimo
1009 4298 1091 4344 sua-

110 4376 226 4460 violo,
252 4399 338 4444 voce
358 4371 564 4463 Evangelii,
589 4386 623 4443 et
649 4378 731 4445 dato
753 4377 929 4445 arrabone
953 4375 1091 4466 Spiritu

110 4489 248 4563 sancto,
269 4492 373 4547 ornat
396 4501 471 4546 eam
497 4477 568 4547 suis
592 4477 712 4562 bonis,
737 4478 852 4545 reddit
877 4479 1002 4556 vitam,
1035 4503 1090 4546 sa-

111 4579 297 4674 pientiam,
323 4576 514 4661 iustitiam,
541 4601 676 4668 semper
690 4578 786 4655 adest
802 4580 961 4648 infirmae
981 4604 1089 4671 spon-

113 4703 185 4765 sae,
208 4692 243 4749 et
258 4681 341 4769 tegit
358 4705 432 4748 eam
448 4681 484 4746 iu
500 4681 668 4749 omnibus
680 4681 858 4771 periculis.

137 4805 141 4812 ·
211 4778 308 4851 llaec
329 4783 452 4851 foedus
474 4780 557 4850 Filii
578 4779 646 4850 Dei
675 4784 845 4872 cogitato,
877 4808 951 4852 non
975 4783 1087 4852 solum

113 4905 195 4957 cum
216 4883 279 4954 tibi
302 4886 408 4955 stanti
431 4885 474 4952 ad
500 4908 594 4953 aram
614 4880 709 4952 Deus
733 4908 896 4977 sponsam
919 4885 1090 4972 adiungit,

111 4995 173 5054 aut
188 5009 265 5053 cum
281 4989 380 5056 adest
394 4998 536 5056 vocatus
550 4987 593 5053 ad
611 5009 835 5055 communem
850 4986 1088 5076 precationem

111 5086 147 5155 in
163 5087 367 5177 nuptiarum
384 5089 515 5167 initiis,
542 5087 722 5155 sedetiam
747 5087 883 5183 quoties
906 5113 984 5154 cum
1007 5087 1089 5155 dul-

109 5187 246 5257 cissima
264 5190 412 5280 coniuge
428 5203 460 5258 et
477 5189 547 5259 tuis
562 5188 653 5258 natis
675 5190 717 5257 ad
738 5211 893 5258 mensam
910 5188 1090 5268 assidebis,

95 5302 169 5359 ·aut
193 5289 230 5358 in
256 5285 452 5360 thalamum
482 5293 639 5374 accedes,
673 5290 861 5381 imaginem
895 5291 1027 5359 amoris
1056 5302 1090 5359 et

107 5392 358 5462 beneficiorum
384 5392 467 5464 Filii
490 5388 557 5462 Dei
580 5393 618 5462 in
644 5394 783 5464 loedere
807 5391 962 5485 coniugii
987 5390 1089 5463 uobis

1161 918 1305 1008 quidem
1323 933 1456 989 certum
1474 923 1539 1004 sit,
1566 925 1664 994 nulla
1682 950 1747 995 uos
1764 927 1863 997 finna
1885 932 2057 1018 praesidia
2084 928 2149 1002 ba·

1160 1018 1261 1101 here,
1284 1018 1352 1086 nisi
1369 1017 1502 1090 Filium
1519 1023 1599 1097 Dei.
1911 1110 1913 1114 ι

1259 1115 1424 1214 Denique
1441 1138 1475 1194 et
1492 1124 1609 1213 ipsum
1625 1127 1750 1199 foedus
1770 1133 1945 1223 coniugii,
1971 1133 2148 1224 significa-

1159 1223 1274 1292 tiones
1291 1222 1335 1288 de
1361 1223 1547 1296 voluntate
1563 1223 1632 1296 Dei
1653 1231 1781 1305 multas
1806 1221 1982 1314 continet,
2009 1251 2043 1306 et
2064 1260 2145 1326 per-

1157 1338 1264 1414 petua
1289 1329 1505 1395 consuetudo
1530 1327 1568 1395 in
1591 1333 1756 1401 secundis
1789 1348 1822 1405 et
1854 1338 2011 1407 adversis
2038 1341 2146 1408 rebus

1157 1424 1361 1495 exercitium
1385 1439 1436 1497 est
1460 1434 1621 1499 omnium
1646 1433 1838 1521 virtutum,
1872 1452 1908 1508 et
1930 1440 2040 1507 multa
2069 1464 2144 1507 riou

1156 1527 1304 1597 obscura
1329 1531 1547 1615 praesentiae
1562 1528 1629 1600 Dei
1655 1535 1693 1603 in
1714 1559 1842 1625 genere
1866 1532 2024 1609 humano
2041 1543 2141 1611 testi·

1155 1629 1275 1699 monia
1291 1632 1456 1706 ostendit.
1507 1631 1737 1728 Nequaquam
1755 1639 1850 1707 enim
1868 1640 2016 1719 societas
2035 1664 2142 1730 gene-

1155 1731 1204 1800 ris
1218 1726 1368 1801 hnmani
1382 1733 1550 1804 diuturna
1570 1759 1643 1806 esse
1667 1753 1784 1828 posset
1799 1740 1837 1808 iu
1857 1743 1963 1812 tantis
1976 1744 2142 1833 periculis

1154 1846 1188 1903 et
1207 1833 1408 1918 furoribus,
1438 1836 1508 1904 uisi
1522 1836 1618 1907 Deus
1638 1854 1755 1911 custos
1778 1856 1865 1913 esset
1890 1843 2142 1914 imbecillium:

1153 1949 1188 2006 et
1211 1934 1343 2004 atrocia
1366 1937 1514 2023 scelera,
1539 1940 1668 2031 quibus
1690 1943 1930 2015 dilacerantur
1952 1940 2141 2015 hominum

1153 2050 1289 2122 coetus,
1313 2038 1509 2109 manifestis
1534 2044 1700 2134 exemplis
1725 2045 1886 2135 puniret,
1913 2060 1949 2119 et
1972 2048 2010 2115 in
2035 2048 2139 2118 bellis

1152 2136 1345 2208 Ecclesiam
1361 2161 1459 2208 suam
1476 2155 1618 2231 tegeret.
1671 2142 1767 2214 Haec
1783 2148 1990 2239 quotidiana
2006 2162 2140 2239 specta-

1153 2239 1329 2308 eulaeum
1348 2241 1542 2326 cernimus,
1570 2256 1701 2313 etcum
1718 2248 1880 2317 videmus
1901 2272 1968 2317 nos
1988 2249 2084 2338 ipsos
2106 2264 2140 2320 et

1152 2339 1291 2408 infirma
1319 2338 1460 2425 agmina
1486 2354 1610 2413 nostra
1636 2345 1807 2416 mirandis
1842 2349 1958 2420 modis
1991 2352 2140 2440 protegi,

1151 2441 1218 2526 ali,
1241 2440 1386 2509 liberari
1403 2454 1437 2510 et
1453 2445 1585 2514 servari
1600 2445 1709 2514 vitam
1727 2449 1938 2539 coniugum,
1963 2451 2020 2521 bat
2032 2453 2140 2521 etiam

1151 2542 1355 2612 exercitium
1372 2565 1474 2613 verae
1489 2547 1724 2616 invocationis
1738 2548 1819 2620 Dei.

1251 2641 1347 2712 Haec
1363 2645 1485 2735 scripsi
1501 2647 1672 2733 breviter,
1698 2673 1826 2740 genera
1843 2676 1904 2724 seu
1921 2654 2036 2725 fontes
2052 2679 2138 2724 cou-

1150 2745 1357 2816 solationem
1374 2758 1555 2840 utcunque
1571 2751 1741 2837 recitans,
1767 2756 1978 2836 consilium,
2005 2757 2136 2825 voluu-

1150 2863 1274 2932 tatem,
1301 2861 1335 2918 et
1350 2852 1565 2920 'mandatum
1581 2848 1668 2938 Dei,
1695 2857 1894 2941 testimonia
1920 2859 2136 2948 praesentiae

1147 2949 1217 3019 Dei
1241 2949 1280 3019 in
1301 2949 1486 3039 coningio,
1525 2976 1655 3043 poenas
1686 2956 1896 3028 violantium
1927 2960 2090 3027 ordinem
2115 2984 2135 3027 a

1147 3051 1223 3122 Deo
1240 3052 1433 3135 sancitum,
1462 3071 1564 3146 teque
1578 3051 1766 3142 adhortor,
1792 3073 1833 3130 ut
1849 3055 1976 3129 harum
2000 3061 2134 3149 gravis·

1147 3155 1316 3224 simarum
1333 3178 1451 3222 rerum
1469 3156 1681 3245 cogitatione
1695 3161 1942 3242 confirmatus,
1968 3186 2134 3231 reveren-

1147 3273 1200 3328 ter
1215 3259 1259 3325 de
1280 3250 1348 3324 hoc
1364 3256 1455 3324 vitae
1469 3280 1596 3346 genere
1611 3261 1757 3346 sentias,
1784 3277 1816 3331 et
1832 3257 1924 3331 banc
1941 3259 1997 3357 (nt
2018 3266 2133 3330 noriti-

1147 3355 1252 3452 naut)
1277 3356 1483 3428 servitutem
1508 3361 1645 3452 placide
1666 3365 1768 3437 feras.
1821 3363 1872 3434 lta
1895 3390 1974 3434 cum
2001 3367 2038 3433 in
2057 3364 2136 3434 Deo
2224 3452 2226 3459 Α

1147 3463 1341 3555 acquiescet
1362 3461 1502 3530 ardmus
1521 3475 1716 3545 tuus,‚non
1740 3466 1855 3535 solum
1880 3469 2023 3534 adversa
2045 3467 2132 3535 faci·

1146 3564 1216 3630 lius
1240 3560 1428 3641 tolerabis,
1462 3574 1493 3628 et
1520 3562 1644 3629 fiducia
1672 3566 1887 3652 praesentiae
1911 3562 2131 3646 Di'i'hinces,

1145 3661 1270 3731 sedita
1288 3658 1535 3737 illa'suavitas‚
1562 3686 1667 3751 quam
1686 3679 1810 3733 natura
1836 3669 2001 3735 adferunt
2024 3670 2130 3736 iliaris

1145 3775 1180 3832 et
1209 3759 1386 3830 foeminae
1418 3759 1642 3850 coniunctio,
1684 3779 1718 3836 et
1752 3765 1883 3835 sobolis
1910 3769 2128 3857 procreatio,

1144 3864 1282 3933 dulcior
1299 3862 1377 3935 erit.

1244 3962 1422 4034 Adderem
1446 3964 1550 4032 etiam
1575 3982 1758 4058 praecepta
1788 3970 1833 4036 de
1865 3970 1989 4039 oflicils
2008 3970 2129 4041 mariti

1144 4091 1223 4156 erga
1248 4089 1410 4150 uxorem,
1437 4084 1471 4136 et
1490 4067 1609 4136 uxoris
1633 4092 1713 4157 erga
1732 4072 1919 4157 maritum,
1953 4072 2024 4142 nisi
2045 4098 2129 4164 pro-

1142 4170 1249 4238 lixior
1270 4162 1356 4236 haec
1373 4167 1667 4239 ‘commemoratio
1690 4171 1807 4240 futura
1831 4189 1934 4251 esset,
1958 4201 2064 4268 quam
2088 4194 2128 4246 ut

1143 4272 1181 4339 in
1197 4265 1264 4339 hac
1281 4293 1410 4359 pompa
1426 4268 1577 4358 nuptiali
1602 4286 1719 4361 posset
1742 4272 1821 4362 legi.
1837 4308 1841 4315 -
1874 4274 1943 4345 Sed
1968 4279 2126 4346 firmissi-

1142 4396 1239 4441 mum
1259 4383 1311 4441 est
1333 4371 1515 4440 vinculum
1540 4373 1653 4440 mutui
1672 4375 1802 4443 amoris
1817 4375 2003 4462 intervos,
2030 4383 2128 4470 quod

1142 4487 1276 4544 mentes
1297 4485 1432 4542 vestrae
1455 4472 1587 4563 pariter
1603 4474 1641 4542 iu
1656 4473 1732 4545 Deo
1755 4501 1867 4545 tinum
1883 4490 1984 4561 sunt,
2011 4484 2125 4571 quod-

1141 4601 1210 4670 que
1227 4598 1288 4645 vos
1312 4587 1435 4644 mutuo
1460 4576 1600 4661 amatis,
1627 4577 1710 4669 quia
1737 4574 1815 4647 Deo
1836 4579 1981 4649 obedire
2004 4585 2125 4651 decre-

1141 4678 1279 4763 vistisg
1300 4672 1407 4746 Nulla
1431 4677 1527 4746 enim
1550 4692 1603 4748 est
1617 4677 1715 4747 firma
1731 4678 1904 4762 amicitia,
1929 4681 2033 4752 nisia
2050 4683 2125 4754 Deo

1140 4794 1218 4850 orta
1236 4779 1294 4851 sit.
1326 4862 1330 4873 ,

1243 4879 1365 4950 Postea
1395 4892 1428 4949 et
1451 4903 1507 4948 ars
1532 4875 1735 4949 adhibenda
1760 4895 1828 4967 est,
1853 4882 2011 4956 alendus·
2024 4912 2124 4957 antor

1140 4982 1270 5053 virtute
1293 4994 1328 5050 et
1353 4980 1493 5066 officiis,
1537 5005 1689 5074 quorum
1716 4976 1786 5052 hoc
1805 4987 2037 5080 praecipuum
2061 4999 2124 5075 est,

1141 5086 1235 5177 quod
1251 5081 1412 5151 iu·veteri
1430 5104 1533 5151 versu
1549 5083 1703 5153 breviter
1719 5085 1867 5156 dicitur:

1373 5221 1424 5233 —
1449 5186 1488 5250 Ut
1506 5194 1631 5269 ameris,
1655 5195 1793 5256 amabilis
1805 5208 1880 5260 esto.

1240 5281 1426 5374 Sapienter
1447 5299 1481 5356 et
1504 5280 1571 5357 boc
1594 5282 1787 5380 Apostolus
1815 5302 1952 5376 mouet,
1985 5300 2026 5361 nt
2054 5293 2123 5365 viri

1138 5400 1283 5483 parcant
1299 5387 1396 5456 sexui
1413 5387 1661 5479 imbecilliori,
1685 5416 1761 5462 non
1776 5405 1921 5463 onerent
1948 5392 2127 5486 gravidas,
