4748 6022
239 153 314 226 tus
1017 131 1487 210 PRAEMONENDA.
2198 143 2276 220 tut

241 330 333 388 mant
353 318 409 383 ilio
431 325 578 397 tempure
599 307 798 375 anuiscne
817 265 1010 373 Borcbhard
1029 303 1252 389 Vmarienais,
1273 304 1433 371 Erasmus
1445 303 1613 386 ιιιιιιιιιι,
1633 302 1843 372 liborhardns
1857 304 2024 389 liuchins,
2044 309 2187 378 loannes
2202 314 2278 381 sn-

240 409 432 484 berhorner‚
461 399 600 464 Ursinus
621 395 757 476 Velius,
784 390 1009 458 Theudoricus
1029 388 1246 459 Reiffenstein
1277 402 1312 458 et
1337 392 1429 456 multi
1449 391 1522 475 alii,
1548 391 1603 476 qui
1631 392 1729 457 etiam
1757 393 2001 458 exercitationis
2022 413 2125 462 causa
2146 400 2279 467 fabul„

241 505 406 566 veterum,
434 494 471 549 ιιι
491 480 616 562 Plauti,
644 478 806 560 Terentii,
831 479 991 561 agebant,
1019 477 1209 560 inquorum
1231 492 1326 541 nsum
1347 476 1541 541 Melanthea
1563 477 1683 544 mnltus
1705 477 1836 561 scripsit
1856 497 1985 543 verens.
2030 481 2099 546 Sed
2127 485 2202 550 inis
2233 489 2279 551 ab

242 596 326 642 euno
349 570 451 637 seculi
472 569 559 632 iliius
579 564 743 630 tricesimu
763 563 810 627 ita
829 562 1013 646 implicatus
1035 573 1089 627 est
1111 561 1248 645 publicis
1269 562 1414 646 negotiis
1423 573 1458 627 et
1478 572 1527 628 tut
1542 564 1705 646 tantisque
1718 562 1881 627 laboribus
1896 565 1929 627 in
1945 565 2156 634 emendandis
2172 574 2280 637 sacris

244 664 395 738 obrutus,
424 666 459 718 ut
481 655 521 718 ab
543 652 596 715 iilo
619 659 765 732 ternpore
787 648 892 711 ocium
913 643 954 710 ad
975 648 1117 711 carmina
1139 645 1288 710 iacienda
1309 650 1342 710 ei
1361 666 1436 711 raro
1457 646 1699 714 concederetur.
1742 647 1899 712 Attamen
1922 669 1986 713 nan
2007 669 2143 734 prorsus
2164 674 2186 720 a
2206 657 2279 740 pri-

245 749 331 811 stina
351 737 585 817 consuetudine
606 734 755 817 deflexit,
777 730 837 796 sed
859 732 984 814 illusis,
1005 741 1042 795 ιιι
1062 743 1177 810 antea,
1198 733 1330 795 vacarit
1350 732 1531 818 ubicunque
1551 732 1635 797 inter
1653 734 1784 797 labores
1806 735 1953 817 publicos
1971 737 2027 799 vei
2048 739 2194 820 privatus
2212 743 2278 806 ali.

247 831 322 916 quid
345 829 401 892 otii
423 827 453 888 ei
473 824 617 888 dabatur.
662 821 784 883 Testes
805 827 883 882 sunt
904 818 1047 880 carmine
1067 817 1097 878 in
1120 817 1282 899 colloquio
1305 817 1538 883 wormatiensi
1553 837 1604 884 an.
1623 816 1716 883 1540.
1739 828 1773 881 et
1794 818 2027 885 llatisboneaai
2048 841 2099 887 an.
2115 825 2222 910 tuti„
2243 837 2279 891 at

186 992 195 1003 .
247 922 278 980 in
300 918 414 980 itincre
436 930 487 974 an.
503 908 597 972 tata
619 905 855 986 Norimbergae
878 902 1000 984 scripte
1013 900 1067 983 ὓ).

375 1028 566 1108 Quanquam
587 1041 668 1085 veru
689 1018 879 1097 Melanthea
901 1036 980 1082 snus
1002 1018 1185 1083 versiculos
1213 1016 1366 1098 „ieiunos
1392 1025 1427 1080 et
1447 1014 1576 1099 ineptos
1598 1018 1702 1080 esse”
1727 1017 1878 1099 putabat,
1910 1029 1945 1084 et
1964 1039 2126 1104 nunqnam
2152 1027 2278 1090 moveri

248 1117 370 1203 potuit,
393 1124 426 1177 nt
448 1112 590 1176 carmina
609 1125 672 1171 sua
692 1105 861 1188 colligeret
883 1112 918 1166 et
930 1104 1059 1181 ederet,
1084 1105 1167 1185 imo,
1188 1111 1223 1165 nt
1245 1100 1338 1165 ducat
1351 1100 1491 1184 epistula
1512 1100 1589 1165 Vol.
1604 1100 1648 1166 Χ.
1669 1120 1701 1184 p.
1716 1100 1810 1183 ιιι,
1831 1104 1934 1168 noluit
1948 1110 2064 1171 euseb
2082 1110 2153 1174 aliis
2168 1111 2279 1195 colligi

250 1218 284 1269 ,p
305 1201 375 1283 opp,
396 1210 504 1270 iumen
526 1193 676 1258 homines
697 1187 784 1253 docti
805 1189 891 1252 iiiios
913 1192 1068 1272 temporis
1090 1188 1184 1251 aliter
1205 1186 1399 1267 indicarunt,
1428 1195 1480 1263 et,
1501 1196 1538 1252 ut
1559 1187 1666 1250 omnia
1687 1205 1770 1268 qnae
1789 1187 2001 1271 Melanthea,
2023 1209 2120 1274 quem
2141 1194 2278 1276 „Prac-

249 1287 412 1371 ceptorem
434 1279 624 1345 Germaniae
632 1277 650 1304 ''
681 1274 885 1356 salutabant,
915 1275 978 1338 scri
1003 1282 1111 1355 serat,
1140 1270 1417 1353 magniieccmnt,
1445 1269 1496 1334 sie
1516 1271 1614 1334 etiam
1635 1274 1777 1334 carmina
1798 1274 1873 1336 eins
1894 1273 2043 1339 studiose
2065 1278 2279 1364 collegerunt.

250 1371 344 1453 Quod
366 1369 501 1452 primns,
522 1369 677 1445 qnantum
700 1361 842 1440 ιιιιιιιιι,
871 1357 951 1422 iecit
971 1293 1111 1420 donarer
1132 1352 1365 1442 Reiffenricia,
1392 1354 1489 1418 homo
1512 1353 1628 1419 doetus
1650 1366 1685 1420 et
1704 1355 1868 1420 literarum
1890 1359 2122 1444 elegantiorem
2144 1364 2281 1448 amicus,

251 1458 355 1545 quiin
377 1448 553 1516 Academia
575 1445 793 1509 heuvanieusi
815 1443 922 1506 studia
943 1442 1085 1520 iecerat,
1106 1440 1214 1526 ibique
1234 1442 1267 1504 in
1288 1438 1537 1504 familiaritatem
1559 1439 1687 1504 llrasmi
1702 1439 1912 1505 Roterudami
1926 1455 1961 1508 et
1974 1443 2121 1510 Coclenii
2132 1461 2281 1515 venerat.

251 1544 304 1608 ci.
327 1541 409 1621 lipp.
432 1534 508 1597 ’1.1.
531 1551 564 1613 p.
577 1531 641 1594 titi
656 1547 708 1612 sq.
730 1539 764 1593 et
784 1528 859 1592 Vol.
877 1527 918 1592 ll.
941 1546 972 1609 p.
989 1526 1063 1591 617.
1112 1527 1146 1588 ls
1174 1527 1271 1590 etiam
1293 1525 1436 1589 nemun
1464 1536 1520 1590 ast
1542 1523 1776 1608 Witebergae,
1810 1528 1865 1591 ubi
1893 1527 1952 1592 iiiii
1980 1529 2091 1596 fratris
2119 1533 2279 1598 Gallielmi

250 1619 488 1692 lleiiiensteinii
511 1614 776 1698 Stuibcrgeusis,
811 1611 999 1695 disciplinae
1019 1608 1241 1675 hialanthuais
1271 1608 1378 1675 traditi
1405 1621 1517 1693 eraut,
1544 1614 1599 1692 ei,
1627 1621 1663 1674 ut
1684 1610 1836 1694 aliorum,
1870 1613 1915 1677 ita
1936 1616 2035 1679 etiam
2056 1617 2280 1683 Melanthunis

251 1711 391 1777 carmina
413 1705 473 1767 sibi
502 1700 650 1764 studiose
670 1696 844 1780 descripsit
871 1709 904 1761 ct
926 1695 1075 1780 collegit,
1109 1706 1145 1760 et
1164 1694 1249 1759 hanc
1269 1696 1314 1760 ita
1335 1694 1503 1760 collectam
1532 1694 1727 1778 farraginem
1755 1696 1928 1761 carminum
1950 1717 2070 1764 versus
2091 1713 2281 1767 autumnum

253 1800 327 1864 ,mu
351 1792 446 1856 1527.
475 1786 515 1850 ad
540 1783 695 1848 lucianam
717 1780 898 1865 δοοιιιιιιι,
929 1778 1169 1866 typographum
1190 1781 1485 1865 Hagenoaensem,
1512 1780 1615 1857 misit,
1641 1789 1677 1845 nt
1704 1781 1792 1864 typis
1820 1783 2078 1868 exsedberetur3
2108 1788 2202 1851 simoi
2225 1788 2278 1852 his

250 1883 352 1949 literis
375 1873 507 1940 additis:
1589 1908 1591 1913 ⁴

422 1985 600 2065 „locanes
619 1980 860 2063 Reiffeuaieia
881 1978 1009 2043 Iocari
1027 1975 1165 2045 Seuerio
1186 1978 1225 2045 S.
1275 1980 1336 2044 Diu
1365 1981 1445 2061 epod
1467 1998 1515 2042 nra
1542 1978 1653 2041 retinui
1675 1981 1822 2062 quaedum
1850 1983 2069 2065 epigrammata
2090 2004 2110 2048 a
2130 1986 2278 2068 Philippu

337 2071 605 2158 „Meianuhthonc
627 2066 773 2129 studiosis
796 2066 977 2148 qnihnsdatn
1000 2064 1266 2143 adulescentibus,
1297 2068 1362 2128 eins
1386 2064 1675 2144 contubernalibus,
1702 2068 1890 2148 compositu,
1920 2088 1996 2151 qnae
2018 2072 2137 2150 quidem
2159 2073 2280 2153 alioqui
2334 2098 2342 2117 0

337 2159 500 2247 „peritura
521 2163 624 2232 erant,
646 2151 707 2214 nisi
728 2169 796 2214 nea
816 2169 891 2213 eura
912 2159 1072 2216 asservata
1090 2161 1207 2226 ,essent
1249 2151 1320 2214 Scis
1341 2151 1439 2231 caim,
1461 2171 1508 2214 me
1522 2149 1580 2213 buu
1600 2169 1698 2232 genna
1714 2152 1828 2215 delitiis
1849 2155 1948 2234 magis
1965 2170 2055 2235 qnam
2077 2167 2129 2219 ant
2149 2160 2279 2238 gemmis

338 2257 419 2330 „aut
441 2241 514 2303 nilis
537 2237 706 2301 Corinthiis
727 2237 814 2299 rasis
835 2236 916 2317 cupi.
965 2235 1150 2318 Quanquam
1177 2246 1278 2298 arten
1302 2256 1364 2299 aun
1392 2237 1424 2300 ia
1444 2237 1502 2299 huc
1526 2237 1642 2318 scripta
1670 2246 1759 2317 sunt,
1787 2247 1817 2299 ιιι
1838 2243 1985 2321 eduntur,
2022 2242 2166 2322 pleraque
2187 2244 2281 2306 etiam
2338 2291 2339 2294 ,

338 2327 464 2417 „etiosa
484 2324 588 2388 ιιιιιιι
611 2343 665 2404 per
688 2321 789 2385 iocum
812 2341 900 2404 qnam
922 2333 1065 2385 accurate
1087 2328 1141 2384 ant
1162 2322 1200 2383 ad
1222 2321 1336 2384 lamam
1363 2321 1479 2403 ingenii
1503 2320 1624 2386 condita
1646 2332 1733 2401 suat,
1760 2335 1943 2406 tumenegu
1967 2328 2090 2409 putavi,
2118 2329 2156 2390 ai
2177 2347 2281 2391 exem.

339 2415 450 2498 „pium
475 2409 645 2492 pertinere,
666 2409 693 2470 si
715 2408 862 2471 eiusmodi
886 2406 974 2469 insns
995 2417 1155 2486 aierent,
1177 2403 1230 2486 qui
1252 2409 1490 2472 adulescentium
1513 2407 1614 2470 stadia
1636 2407 1750 2470 alirnhi
1768 2407 1904 2473 excitare
1917 2425 2040 2488 queunt.
2086 2411 2178 2478 Viden
2200 2413 2282 2476 euim

338 2504 424 2583 „lion
447 2517 504 2559 usn
526 2493 647 2572 uenire,
679 2503 710 2553 nt
735 2494 811 2555 haee
833 2504 919 2554 aetas
942 2492 1032 2554 iacile
1046 2493 1228 2571 aequalium
1250 2493 1400 2572 exemplis
1422 2493 1565 2555 inritatur
1587 2493 1624 2554 ad
1648 2493 1765 2555 similia
1784 2494 1886 2570 studia
1906 2497 2051 2576 colenda,
2086 2509 2115 2560 et
2138 2501 2281 2580 quemad·

339 2588 487 2668 „muium
511 2580 608 2661 inquit
630 2577 797 2658 Horatius,
820 2578 947 2658 paribus
968 2577 1122 2639 colludere
1141 2577 1265 2657 gestiat.
1317 2582 1394 2643 Snnt
1418 2590 1516 2641 autem
1538 2578 1569 2640 in
1592 2579 1641 2641 his
1663 2578 1755 2641 etiam
1776 2583 1923 2660 quaedam
1944 2583 2183 2665 epigrammata,
2205 2603 2282 2665 qnae

337 2691 436 2753 „eum
458 2668 612 2746 voluptate
635 2663 724 2726 humo
746 2664 884 2725 eruditus
907 2661 1009 2743 legere
1033 2662 1140 2742 possit.
1182 2663 1362 2726 Lnadaatur
1382 2664 1414 2726 in
1436 2663 1495 2726 huc
1517 2670 1687 2744 poenatem
1709 2684 1822 2745 genere
1842 2669 1930 2729 salsa
1951 2668 2049 2749 dicta,
2081 2671 2172 2733 etiam
2194 2683 2284 2734 acer·-

340 2756 471 2842 „uiua
521 2751 602 2816 Nam
625 2749 805 2813 dementiam
833 2767 918 2828 esse,
947 2746 1104 2811 Martialis
1130 2746 1249 2829 inquit,
1277 2768 1403 2830 sperare
1432 2749 1583 2833 laturum,
1611 2762 1639 2811 nt
1661 2751 1823 2832 quicquum
1849 2753 1932 2832 ligur
1960 2756 2145 2834 epigramm,
2173 2775 2284 2836 pm„

338 2842 512 2923 „salsum‚.
526 2855 594 2899 cnm
615 2835 676 2898 aii:
1926 2848 1928 2851 -

697 2953 829 3016 iinilaqne
846 2950 918 3003 mica
933 2950 1020 3014 auiis,
1043 2963 1095 3004 nec
1112 2951 1200 3004 anari
1217 2951 1290 3005 iellla
1307 2952 1335 3004 ln
1352 2952 1408 3005 iilia

739 3024 825 3083 linita
841 3023 895 3087 sit,
919 3033 937 3074 u
957 3022 1067 3074 domena
1085 3021 1131 3075 eis
1148 3027 1240 3074 ιιιιιι
1258 3022 1306 3074 itia
1325 3022 1387 3088 lagi.

341 3131 448 3209 „Sunt
471 3126 566 3205 igitur
594 3121 656 3186 ioci
679 3121 801 3202 qnidam
824 3119 855 3180 in
878 3117 947 3198 bis,
977 3122 1029 3183 sed
1054 3119 1172 3184 innoxii
1201 3120 1353 3201 planeque
1375 3119 1533 3203 liberales,
1563 3141 1658 3203 neque
1681 3123 1845 3206 quidquam
1866 3142 1994 3205 nsquam
2015 3127 2098 3209 nigri
2125 3129 2204 3193 selis
2228 3136 2285 3196 arl-

339 3231 509 3293 „spersnm
531 3221 589 3273 est.
629 3208 776 3271 Scribant
798 3205 857 3267 huc
879 3216 1011 3283 tempore
1034 3208 1173 3286 qnidam,
1197 3204 1222 3267 ιι
1248 3203 1316 3267 iliis
1340 3206 1458 3284 placet,
1478 3223 1589 3285 graves
1611 3209 1670 3270 riri
1693 3219 1811 3271 tuntum
1835 3224 1895 3273 non
1916 3205 2051 3289 ἁμάξας
2064 3215 2285 3298 βλασφημῶν,

340 3298 436 3375 „ligo
459 3307 548 3376 putu,
570 3293 673 3355 utilius
698 3292 836 3354 essendi
859 3301 947 3370 utque
971 3291 1031 3370 legi
1057 3290 1230 3353 huiusmodi
1251 3290 1386 3352 eruditus
1409 3302 1438 3352 et
1461 3292 1634 3355 incruentus
1655 3293 1756 3371 ineas,
1779 3294 2015 3373 ιιιιιιιιιιιιι·
2032 3287 2107 3377 q'nae
2130 3303 2287 3367 confinem

339 3382 455 3462 „utilia
478 3381 554 3442 ritae
576 3392 603 3441 et
625 3376 759 3440 muribus
782 3388 965 3457 praecepta,
995 3376 1102 3456 quales
1124 3376 1157 3438 in
1178 3375 1229 3437 his
1252 3374 1369 3459 aliquot
1391 3375 1537 3456 reperias.
1585 3377 1674 3440 iiico
1697 3377 1790 3458 igitur
1811 3379 1868 3442 tibi
1891 3379 2032 3444 libellam
2055 3381 2286 3473 publicandum,

339 3466 516 3546 „cupioque
538 3484 634 3528 meum
657 3464 689 3524 in
712 3463 825 3523 edendo
848 3461 1010 3523 consilinm
1033 3461 1087 3525 tibi
1109 3472 1137 3523 et
1158 3459 1230 3523 aliis
1253 3464 1343 3526 hunis
1362 3461 1439 3525 riris
1462 3462 1600 3543 probari.
1641 3463 1742 3526 Vale!
2030 3462 2032 3466 '

255 3600 402 3670 Severior
429 3603 512 3664 hauc
539 3599 601 3662 sibi
634 3597 766 3660 missam
794 3591 989 3678 farreginem
1016 3595 1190 3660 carminum
1218 3591 1438 3658 Melantbonis
1469 3601 1503 3656 et
1541 3594 1611 3656 eius
1648 3591 1893 3680 discipulorum,
1910 3577 2111 3680 'praemissa
2144 3606 2285 3687 epistula

131 3701 134 3706 “
256 3687 513 3767 lleilicusteinii,
536 3684 644 3748 statim
664 3683 753 3764 typis
776 3683 958 3761 exscripsit
1001 3679 1126 3745 Prodiit
1141 3681 1239 3764 igitur
1256 3697 1371 3742 mense
1384 3677 1529 3759 ianuario
1549 3697 1601 3742 an.
1619 3679 1731 3744 itte:

298 3803 468 3888 „lt'orrago
488 3800 607 3880 aliquot
619 3797 894 3880 Epigrammatum
910 3794 994 3859 Phili
1019 3797 1051 3941 qi
1072 3794 1351 3876 Melancbthuuis,
1372 3805 1407 3858 et
1419 3793 1553 3857 aliorum
1565 3796 1762 3876 quorundum
1784 3797 1979 3862 eruditorum
1991 3798 2192 3883 Opnsculnru
2206 3825 2286 3872 sane

331 3889 478 3986 elegans
495 3895 529 3948 et
543 3902 673 3946 notum.
715 3882 897 3966 liuganuae
909 3899 968 3961 per
1003 3898 1160 3943 onerem
1174 3876 1352 3946 Seminane.
1394 3880 1459 3942 An.
1473 3879 1749 3964 ititxxvut,
1770 3883 2080 3951 Mauretaniarum·
2112 3890 2150 3952 11
2165 3893 2208 3973 pl
2230 3896 2261 3957 8.

256 4022 468 4085 Continentur
499 4017 530 4078 in
556 4017 619 4078 hoc
642 4013 750 4077 libello
778 4031 842 4074 non
864 4011 970 4074 solum
984 4011 1223 4095 Melanthonis,
1256 4012 1439 4076 sedetiam
1472 4013 1605 4075 aliorum
1638 4014 1797 4093 carmina,
1832 4015 1893 4099 ita,
1929 4028 1966 4082 ut
1993 4018 2213 4089 Melanthunis
2241 4049 2284 4092 ne

259 4105 388 4186 quidem
407 4100 567 4166 dimidiam
580 4112 705 4182 partem
719 4097 816 4162 libelli
829 4097 988 4179 impleant.
1034 4097 1173 4161 Videtur
1193 4101 1290 4182 igitur
1303 4095 1468 4178 Securior,
1487 4107 1524 4159 ut
1537 4098 1727 4177 opusculum
1743 4112 1927 4183 cresceret,
1949 4104 2080 4169 aliorum
2096 4108 2193 4173 etiam
2207 4131 2285 4176 car-

256 4191 358 4262 mina,
382 4186 665 4249 alleiilensteiniu
684 4204 746 4247 uon
768 4183 885 4264 missa,
908 4199 968 4246 suu
983 4184 1112 4248 arbitrio
1132 4181 1312 4265 addidisse,
1334 4183 1505 4266 praecipue
1521 4183 1628 4245 iacobi
1643 4183 1784 4267 hlicylli,
1807 4187 1901 4250 cuins
1920 4187 2156 4274 hodoeporicon
2175 4195 2205 4258 in
2220 4201 2309 4263 tine·

255 4273 396 4336 additum
418 4283 471 4332 est
492 4274 661 4351 integrum.
706 4265 812 4345 Quum
828 4266 1093 4332 lleiffensteinins
1115 4268 1156 4331 ad
1172 4269 1339 4332 Secerium
1361 4268 1546 4350 scripserit,
1569 4284 1607 4328 se
1627 4264 1683 4329 din
1701 4270 1875 4333 retinuisse
1895 4270 1980 4354 apud
1996 4292 2036 4338 se
2056 4276 2287 4361 epigrammata

256 4354 496 4429 hlalautlrouis,
518 4352 597 4415 iiber
612 4354 738 4416 Seuerii
757 4364 865 4415 autem
887 4371 1001 4414 mense
1017 4353 1166 4416 lanuario
1182 4353 1276 4418 1528.
1293 4354 1460 4436 prodierit,
1483 4351 1688 4416 manifestum
1709 4367 1777 4436 ast,
1797 4356 1904 4420 omnia
1926 4358 1959 4421 in
1975 4359 2101 4426 Seuerii
2122 4348 2288 4452 farragine

257 4441 426 4523 complexe
448 4438 589 4501 carmina
608 4438 685 4498 hlei.
709 4450 784 4499 anie
803 4454 922 4499 annum
938 4437 1031 4500 1526.
1052 4440 1173 4519 scripta
1193 4457 1279 4501 esse.

254 4664 515 4681 -n--c—-1—

252 4828 256 4843 ‘
292 4831 325 4892 *i
342 4831 457 4882 adicere
476 4830 527 4878 unc
545 4824 611 4876 iicet
631 4825 716 4876 verba
735 4822 783 4874 lui.
803 4822 881 4875 Gaea.
900 4824 1034 4888 scaligeri
1053 4823 1130 4876 libo
1148 4823 1283 4888 poeticas,
1299 4826 1343 4888 qni
1357 4823 1564 4887 hypercritico·
1581 4824 1758 4879 inscribitur:
1776 4828 1841 4892 „Ne
1856 4828 2013 4880 liciantiron
2026 4832 2134 4897 quiden
2148 4838 2290 4891 abhorruit

230 4902 232 4904 .
327 4903 384 4961 „au
403 4911 436 4948 ea
454 4897 550 4957 ianua,
575 4905 646 4958 qnae
663 4908 696 4944 ax
713 4893 825 4954 pecnnia
844 4892 953 4943 artibus
976 4900 1167 4955 conparatur,
1191 4896 1301 4943 tametsi
1323 4894 1444 4944 uunnniii
1461 4895 1521 4945 eina
1541 4896 1704 4959 populares,
1729 4897 1835 4948 insanis
1855 4900 2016 4962 quibusdam
2042 4908 2289 4972 praeceptionibus,

326 4983 367 5033 „e
386 4967 545 5020 christiana
566 4964 669 5026 republ.
688 4966 786 5026 potetas
805 4962 953 5026 exigendus
971 4964 1216 5024 exclamaverunt,
1250 4977 1363 5026 qnorum
1382 4963 1607 5014 ternariasinan
1625 4965 1775 5017 amentiam
1793 4979 1846 5018 uon
1866 4971 1958 5019 verbis
1981 4974 2084 5036 (usqua
2105 4978 2179 5028 anira
2198 4980 2290 5031 verbi.

330 5045 402 5102 „aut
423 5033 503 5099 nugis
523 5031 596 5083 vinci
615 5039 732 5098 queunt,
755 5032 805 5083 ard
823 5033 968 5084 contrariis
985 5033 1173 5084 effectionibus
1191 5033 1366 5085 doctissimus
1384 5035 1500 5096 quiaque
1519 5035 1668 5084 demutavit.
1710 5036 1786 5088 iltius
1805 5037 1891 5097 igitur
1909 5040 2044 5102 ingenium
2063 5054 2189 5108 magorum
2206 5055 2291 5112 atque

327 5110 387 5170 „aii
405 5105 496 5155 omitia
513 5109 699 5164 comparatum
718 5103 902 5165 intelligemus
920 5115 953 5152 ax
977 5101 1013 5152 iis
1038 5105 1197 5166 poematiis,
1233 5104 1331 5165 quibua
1355 5103 1422 5153 solis
1446 5105 1578 5167 iustaeqne
1603 5105 1770 5156 deiectiones
1792 5107 1900 5160 cecinit.
1942 5110 2010 5160 Nam
2028 5117 2055 5163 et
2072 5117 2194 5177 tempora
2211 5119 2292 5169 vm

327 5173 483 5239 „describit
502 5171 597 5220 endem
617 5172 744 5222 uersibus
766 5171 925 5232 incolentis,
955 5180 983 5222 et
1000 5173 1093 5222 eudem
1115 5174 1204 5223 nitore
1230 5172 1378 5236 praesagia
1399 5173 1513 5236 statuit,
1543 5174 1619 5224 cuins
1639 5174 1759 5239 vestigia
1781 5177 1867 5227 secuti
1886 5182 1950 5228 sunt
1974 5193 2026 5231 nun
2050 5182 2160 5246 ignobili
2183 5187 2291 5251 ingentu

326 5240 623 5365 sggfi¹r3¹ss¹1¹¹5bl¹¹⁰ii
648 5241 793 5302 sUitelliis,
819 5242 969 5306 Aemilius,
993 5245 1139 5305 Acontius,
1160 5242 1288 5302 l'uislns,
1309 5243 1494 5295 camerarius.
1531 5243 1605 5294 idem
1624 5243 1762 5308 Phiiippus
1786 5247 1814 5296 in
1832 5246 2028 5310 epigrammata
2051 5252 2185 5307 iucundus
2209 5262 2293 5322 atqua

326 5351 357 5379 ii.
378 5352 383 5362 ’
555 5343 561 5355 ’
