4748 6022
239 216 288 288 23
400 199 854 291 ne‘lsuounltun
905 197 1276 278 lUDlClORUM
1317 199 1394 277 ET
1434 187 1831 281 SCRIPTORUM
1880 202 2114 287 manv,
2216 209 2267 282 24

242 384 292 456 tio
307 378 542 474 praetuleritis
557 376 735 463 libertati,
758 387 799 449 ut
822 375 1049 456 nominatur,
1073 387 1107 444 et
1126 396 1226 443 nunc
1279 395 1364 465 pum
1382 395 1454 441 esse
1470 373 1584 443 voluit
1598 375 1753 447 mirandi
1777 376 1909 448 amoris
1931 377 1970 444 in
1983 375 2077 445 Filio
2098 398 2180 465 erga
2202 400 2269 445 na-

244 484 454 556 anteieratis.
783 478 785 482 ’
1280 489 1394 545 turam
1410 467 1623 561 humanam,
1649 503 1756 571 quam
1775 478 1975 572 assumpsit.
2023 476 2270 548 circumdedit

346 582 464 672 Quam
488 582 535 651 ob
564 605 703 651 causam
729 590 824 649 certo
848 577 965 647 sciatis
985 576 1088 647 vobis
1111 578 1230 647 adesse
1281 587 1397 645 autem
1418 588 1530 645 certas
1553 591 1681 660 metas,
1706 594 1746 651 ut
1772 581 1994 668 intelligatur
2021 579 2177 665 castitas,
2200 603 2271 672 qua

245 687 377 768 Deum,
403 684 582 753 custodem
602 696 735 751 vestrae
750 678 926 750 societatis
942 690 976 747 et
1000 679 1171 762 familiae,
1197 690 1231 746 ct
1281 677 1358 746 vult
1375 700 1411 746 se
1427 674 1524 746 Deus
1538 680 1583 747 ab
1598 681 1793 752 immundis
1809 683 1947 753 naturis
1964 680 2130 752 discerni·

247 810 369 858 omues
385 809 571 854 aerumnas
586 784 780 877 leniturum
803 805 893 863 esse,
923 793 963 850 ut
988 780 1090 848 affuit
1115 794 1231 848 custos
1387 774 1438 847 Ac
1462 792 1503 848 ut
1531 780 1682 871 intelligi
1715 785 1843 873 possit,
1875 778 1938 853 has
1963 796 2074 852 metas
2100 779 2273 851 divinitus

246 889 461 961 familiarum
484 879 680 972 Abrahae,
708 881 840 968 Isaac,
872 877 1006 960 Iacob,
1047 873 1231 962 Thaliae,
1283 879 1434 949 sancitas
1458 902 1551 966 esse,
1576 884 1771 954 voluntatis
1797 909 1880 955 suae
1905 898 2030 969 testes,
2062 882 2177 952 voluit
2200 903 2273 950 esse

248 1007 282 1064 et
307 991 501 1061 multorum
527 987 688 1078 piorum,
711 1010 818 1080 quos,
850 1007 1052 1077 quanquam
1076 999 1110 1053 et
1138 982 1233 1073 ipsos
1283 977 1474 1050 horribiles
1499 1006 1650 1072 poenas,
1692 1010 1781 1078 quae
1804 987 1954 1056 immoto
1979 986 2106 1054 ordine
2127 985 2169 1052 in
2189 986 2273 1053 uni.

247 1092 353 1163 multi
378 1092 495 1162 tristes
525 1113 624 1158 casus
645 1090 782 1159 duriter
802 1097 1051 1164 exercuerunt,
1082 1084 1235 1174 protexit
1286 1104 1386 1151 verso
1404 1104 1530 1171 genere
1542 1078 1699 1155 humano
1715 1089 1848 1181 ubique
1865 1088 2013 1157 incestas
2025 1085 2196 1155 libidines
2211 1109 2271 1153 co·

249 1211 386 1278 tamen,
412 1191 500 1262 etin
516 1191 653 1281 magnis
673 1189 838 1280 periculis
862 1199 896 1256 et
920 1186 1099 1255 aerumnis
1124 1185 1235 1277 placi·
1285 1185 1476 1268 mitantur,
1500 1199 1535 1254 et
1547 1190 1757 1273 ostendunt,
1781 1213 1856 1258 nou
1881 1211 1983 1272 casu,
2017 1190 2077 1257 sed
2100 1186 2273 1256 divinitus

250 1299 316 1367 dos
330 1296 442 1365 exitus
459 1292 567 1364 dedit.
1285 1284 1396 1356 deleri
1423 1309 1500 1369 eos,
1542 1287 1605 1378 qui
1636 1290 1736 1359 tetris
1772 1290 1965 1360 libidinum
2002 1288 2273 1360 confusionibus

161 1396 164 1405 '
352 1396 496 1485 Quanto
521 1392 763 1465 tolerabiliora
786 1402 869 1458 suut
897 1387 1018 1458 omnia
1050 1412 1139 1480 quac
1168 1386 1236 1478 piis
1286 1387 1521 1479 pollutisuut.

251 1500 435 1577 accidunt,
459 1497 520 1589 qui
538 1520 573 1564 se
587 1491 664 1568 Deo
681 1516 784 1562 curae
803 1513 875 1559 esse
889 1489 1024 1572 sciunt,
1053 1490 1185 1582 quique
1199 1512 1236 1558 se
1390 1485 1570 1579 Impressit
1585 1505 1619 1561 et
1632 1492 1818 1562 mirificam
1834 1490 2117 1562 benevolentiam
2145 1512 2274 1579 parcu-

252 1617 287 1671 et
310 1624 389 1670 suas
405 1599 555 1668 familias
571 1608 706 1666 norunt
721 1607 834 1683 septas
850 1615 922 1661 esse
939 1604 1117 1660 castorum
1130 1613 1237 1679 auge·
1289 1590 1383 1659 tibus
1398 1612 1477 1678 erga
1494 1602 1613 1677 natos,
1636 1618 1726 1686 quae
1748 1618 1828 1663 cum
1850 1618 1924 1662 non
1949 1592 1995 1661 sit
2018 1614 2099 1661 casu
2119 1615 2274 1674 accensa,

253 1705 371 1773 lorum
394 1699 614 1790 agminibus,
646 1719 751 1788 quam
776 1716 865 1786 quae
892 1693 1058 1791 accidunt
1080 1693 1238 1783 pollutis,
1287 1692 1417 1759 sedita
1446 1694 1588 1763 condita
1619 1695 1664 1766 sit
1691 1695 1730 1764 in
1759 1695 1904 1786 optimis
1930 1694 2087 1773 naturis,
2129 1693 2168 1760 in
2192 1693 2274 1784 qui-

254 1824 405 1899 quorum
423 1814 561 1893 pectora
579 1800 714 1888 maguis
731 1795 946 1865 cruciatibus
960 1794 1178 1881 lacerantur,
1206 1805 1239 1862 et
1289 1795 1355 1861 bus
1370 1793 1485 1863 voluit
1504 1791 1600 1864 Deus
1621 1820 1721 1866 suam
1744 1797 1893 1886 effigiem
1918 1792 2092 1886 conspici,
2117 1794 2274 1863 ostendit

255 1906 316 2001 qui
341 1904 457 1974 sciunt
479 1926 515 1971 se
536 1898 648 1970 aDeo
672 1897 956 1989 proiectosesse,
982 1910 1017 1965 et
1034 1897 1073 1964 in
1095 1917 1239 1984 magnas
1290 1894 1441 1963 similem
1465 1894 1502 1962 iu
1529 1896 1605 1987 ipso
1630 1922 1711 1990 erga
1743 1922 1809 1968 uos
1835 1911 2017 1991 paternam
2044 1889 2206 1994 στοργήν
2239 1908 2275 1965 et

251 2004 469 2079 ¹calamitates
489 2001 670 2085 ruituros?
725 1994 826 2068 Nihil
861 1997 1006 2086 cogitari
1027 1991 1238 2067 horribilius
1290 2020 1445 2065 amorem
1461 2019 1545 2071 esse.

255 2109 319 2179 tali
341 2107 411 2178 vita
434 2116 565 2198 potest,
590 2126 696 2199 quam
721 2124 785 2170 nec
808 2099 984 2191 gubernat
1007 2098 1238 2191 nec'protegit
1391 2095 1621 2169 Haecomuia
1638 2099 1836 2170 aedilicium
1850 2093 2191 2191 humanicorporis,
2216 2101 2274 2169 di·

255 2210 365 2281 Deus,
1290 2197 1517 2269 stinctiouam
1532 2221 1644 2285 sexus,
1669 2199 1762 2292 leges
1778 2199 1954 2289 coniugii,
1976 2224 2108 2292 poenas
2122 2201 2274 2270 incestae

357 2306 431 2377 lam
456 2319 497 2376 ut
517 2305 626 2375 animi
643 2301 892 2374 constantinia
909 2302 1240 2370 ferendiscommu-
1291 2303 1576 2382 consuetudinis,
1602 2299 1766 2400 στοργήν
1786 2313 1991 2394 parentum,
2016 2301 2167 2372 illustria
2190 2327 2275 2393 pro-

257 2409 363 2479 uibus
378 2408 557 2477 aerumnis
573 2407 618 2476 sit
631 2405 778 2484 firmior,
800 2417 933 2474 attente
947 2401 1241 2473 consideresdul-
1292 2401 1468 2493 videntiae
1490 2403 1691 2471 testimonia
1712 2426 1805 2488 esse,
1829 2402 2057 2472 manifestum
2080 2417 2151 2490 est;
2185 2427 2273 2496 quae

257 2511 394 2595 cissima
410 2510 521 2593 dicta,
544 2509 583 2576 in
599 2508 727 2600 quibus
742 2501 840 2575 Deus
856 2518 890 2574 et
903 2505 1122 2574 voluntatem
1141 2525 1240 2572 suam
1291 2502 1433 2594 quidem
1457 2505 1651 2573 ostendunt
1670 2498 1761 2573 hanc
1783 2516 1945 2573 naturam
1969 2526 2044 2572 uon
2075 2527 2158 2575 casu
2188 2505 2275 2574 enti-

258 2611 444 2703 expressit,
471 2623 506 2681 et
527 2610 698 2678 auxilium
721 2606 927 2696 pollicetur,
953 2630 1021 2698 qua
1048 2606 1087 2673 in
1111 2603 1242 2693 cogita·
1293 2603 1393 2688 tisse‚
1417 2605 1479 2673 sed
1496 2628 1578 2674 vere
1595 2627 1668 2674 esse
1682 2618 1835 2675 mentem
1851 2599 2184 2692 architectatricem,
2208 2608 2275 2676 bo-

257 2717 356 2785 tione
371 2713 483 2783 ordiri
498 2713 542 2782 ab
552 2735 590 2780 ea
606 2709 809 2779 narratione
825 2707 1058 2777 rectissimum
1076 2721 1138 2790 est,
1152 2729 1241 2797 quae
1293 2728 1392 2789 nam,
1427 2704 1577 2788 iustam,
1597 2704 1760 2792 castam,
1791 2706 1968 2775 vindicem
1994 2707 2184 2792 scelerum,
2213 2731 2276 2778 cu·

257 2815 427 2887 describit
461 2813 611 2904 primam
641 2808 778 2899 generis
810 2803 956 2878 humaui
981 2808 1242 2891 formationem,
1292 2807 1427 2876 stadem
1442 2807 1617 2878 societatis
1632 2802 1825 2893 humanae,
1850 2803 2038 2877 ethonesti
2057 2809 2224 2898 coniugii.

257 2917 322 2989 ubi
344 2915 512 3007 scriptum
537 2925 617 2999 est,
631 2908 749 2981 Dixit
764 2905 975 2994 Dominus,
1001 2905 1092 2982 Nou
1109 2916 1160 2977 cst
1177 2903 1241 2976 bo·
1393 2905 1466 2978 Nec
1480 2933 1563 2978 vero
1578 2910 1728 2979 dubium
1744 2924 1795 2979 est
1810 2909 2015 2998 coniugium
2031 2909 2108 2977 lieri
2125 2910 2275 2996 dulcius,

258 3043 346 3089 natm
365 3010 548 3086 hominem
566 3037 640 3086 csse
653 3010 794 3099 solam,
812 3008 1009 3111 satiamus
1034 3008 1069 3082 ei
1090 3006 1241 3080 adiuta-
1293 3032 1373 3080 cum
1388 3004 1495 3080 huius
1510 3034 1613 3081 verae
1623 3011 1815 3102 sapientiae
1829 3012 1873 3079 de
1883 3011 2103 3101 providentia
2119 3006 2274 3082 scholam

171 3130 176 3139 '
259 3120 354 3190 rium
368 3113 491 3189 simile
505 3115 591 3213 ipsi.
1293 3133 1366 3180 esse
1381 3113 1629 3186 considerabis.
1680 3112 1806 3183 Postea
1822 3113 1927 3180 ctiam
1944 3113 1981 3180 iu
2000 3114 2225 3202 generatione
2242 3126 2276 3183 et

357 3220 449 3292 Cum
480 3231 654 3312 quaeruut
684 3212 861 3285 humanae
893 3227 1049 3294 mentes,
1082 3236 1145 3282 cur
1168 3234 1241 3280 uon
1293 3213 1489 3283 nutritione
1506 3215 1659 3297 sobolis,
1686 3217 1772 3283 etin
1788 3213 1942 3284 familiae
1957 3216 2194 3304 protectione,
2220 3229 2274 3286 te·

258 3328 329 3396 alio
351 3324 458 3392 modo
477 3322 515 3391 lit
531 3318 752 3412 propagatio,
778 3330 819 3388 ut
834 3316 962 3385 florum
980 3328 1014 3384 et
1028 3338 1153 3406 apum,
1181 3325 1243 3382 aut
1291 3315 1456 3384 stimonia
1473 3317 1687 3404 praesentiae
1702 3314 1769 3385 Dei
1785 3316 1895 3385 multa
1911 3339 2042 3389 cernes.

258 3424 471 3498 Phoenicis?
520 3419 568 3492 Et
594 3446 658 3491 cur
680 3420 787 3488 maris
811 3431 845 3487 et
867 3416 1042 3485 foeminae
1063 3406 1241 3505 copulatio
1312 3444 1316 3451 ·
1395 3415 1521 3486 Statim
1536 3442 1616 3487 cum
1630 3418 1668 3485 in
1685 3418 1766 3487 alvo
1787 3431 1946 3486 materna
1969 3418 2083 3487 foetus
2108 3417 2275 3500 nascitur,

258 3529 362 3601 certis
385 3526 487 3596 metis
509 3525 713 3595 circundata
736 3521 810 3590 est?
860 3512 1027 3589 Retrahit
1057 3540 1123 3585 nos
1146 3513 1242 3585 Deus
1292 3539 1338 3584 ne
1359 3519 1493 3586 tenello
1515 3520 1724 3610 corpusculo
1742 3519 1832 3589 desit
1851 3519 2128 3604 nutrimentum,
2152 3520 2276 3588 divino

257 3635 376 3713 adse,
408 3627 592 3722 inquiens,
626 3619 745 3693 Dixit
768 3618 977 3700 Dominus,
1010 3620 1047 3689 id
1082 3632 1151 3699 est,
1184 3641 1242 3687 sa·
1292 3610 1731 3692 eonsilioitacouditaest
1752 3634 1898 3701 natura,
1926 3634 1966 3690 ut
1982 3621 2035 3691 lac
2050 3621 2088 3689 in
2104 3622 2276 3691 uberibus

259 3731 480 3827 pientissimo
490 3726 684 3798 consilio'et
698 3727 844 3795 immoto
862 3725 1004 3794 decreto
1015 3720 1128 3790 sanxit
1145 3716 1242 3790 hunc
1293 3734 1475 3813 coquatur.
1534 3721 1631 3793 Miro
1657 3724 1783 3793 ordine
1806 3723 1930 3793 divino
1954 3724 2118 3793 laxantur
2144 3725 2276 3793 ossium

259 3836 434 3906 ordinem.
484 3829 526 3899 ln
544 3824 1015 3918 hocdecretoacquicscito,
1041 3822 1235 3893 euiadver-
1292 3823 1476 3894 iuncturae
1490 3826 1581 3894 iusto
1604 3839 1761 3917 tempore
1786 3827 1824 3893 in
1847 3839 1969 3916 partu,
1993 3849 2034 3894 ac
2053 3841 2173 3916 postea
2195 3849 2276 3894 rur-

258 3937 348 4021 sari,
373 3949 424 4005 est
438 3933 599 4022 giganteo
618 3953 716 3999 more
732 3929 864 3998 bellum
884 3926 982 3996 coelo
1004 3924 1153 4005 inferre,
1179 3919 1242 3994 καὶ
1292 3947 1350 3993 sus
1372 3925 1604 4011 clauduntur,
1634 3952 1724 4019 quae
1759 3927 1858 3996 nulla
1890 3922 2044 3997 humana
2068 3941 2142 3995 arte
2166 3928 2275 3995 laxari

257 4039 471 4132 θεομαχεῖν.
1293 4039 1353 4094 aeut
1369 4026 1484 4093 claudi
1502 4041 1660 4116 possunt.

360 4137 491 4208 Causas
511 4156 596 4201 vero
623 4127 763 4200 consilii
784 4126 917 4212 divini,
957 4127 997 4197 in
1018 4126 1079 4197 illa
1102 4141 1241 4197 aeterua
1394 4123 1489 4195 Haec
1522 4129 1704 4197 manifesta
1738 4127 1909 4196 miracula
1949 4129 2159 4213 ostendunt,
2200 4150 2277 4194 non

259 4237 514 4311 cousuetudine
533 4236 643 4323 magis
666 4252 867 4329 cernemus,
903 4254 998 4301 nunc
1027 4242 1143 4298 autern
1173 4229 1240 4319 ipsi
1287 4251 1374 4311 casu
1390 4229 1488 4297 nasci
1504 4224 1684 4312 homines,
1710 4230 1769 4298 sed
1786 4228 1923 4298 ordinis
1937 4224 2043 4299 huius
2059 4243 2093 4300 et
2117 4244 2276 4300 autorem

258 4345 398 4413 decreto
414 4340 716 4425 obtemperemus,
740 4322 876 4401 etiarnsi
891 4353 1011 4402 causas
1028 4353 1151 4399 omues
1167 4354 1240 4398 uon
1293 4343 1327 4400 et
1351 4346 1632 4401 conservatorem
1653 4329 1769 4402 Deum
1796 4354 1882 4402 esse.
1940 4329 2065 4402 Postea
2093 4348 2176 4402 suut
2206 4330 2277 4399 alia

257 4443 508 4538 perspicimus,
542 4450 712 4506 ettamen
737 4433 873 4525 aliquas
894 4433 1116 4503 considerare
1139 4432 1242 4501 dulce
1293 4432 1404 4502 niulta
1434 4433 1532 4520 signa
1562 4434 1779 4524 praesentiae
1805 4430 1890 4519 Dei,
1931 4436 2026 4526 quod
2062 4457 2123 4502 sua
2154 4436 2276 4501 dextra

259 4562 329 4631 est,
355 4560 388 4617 et
413 4565 533 4613 earum
559 4538 771 4630 cogitatione
787 4529 856 4604 hoc
871 4557 981 4625 genus
996 4533 1089 4603 vitae
1104 4533 1143 4602 fit
1159 4557 1241 4602 sua·
1292 4545 1412 4603 tuetur
1443 4529 1629 4607 homiuum
1659 4535 1875 4606 societatem.
1934 4535 2029 4623 Quia
2054 4533 2208 4605 latrones
2232 4536 2277 4601 ad

258 4651 348 4723 vius,
1292 4658 1422 4725 poenas
1455 4638 1564 4726 rapit,
1599 4638 1704 4706 etiam
1732 4661 1813 4705 cum
1836 4660 1878 4707 ex
1903 4638 2069 4707 manibus
2093 4637 2275 4726 magistra-

360 4745 505 4819 Conditi
530 4756 614 4813 sunt
635 4741 725 4825 duo,
762 4736 845 4831 qnia
868 4737 983 4808 voluit
1005 4733 1101 4805 Dens
1130 4758 1242 4823 genus
1292 4750 1391 4806 tuum
1408 4734 1569 4828 effugisse
1588 4740 1765 4810 videntur.

259 4849 455 4923 humanum
471 4845 664 4918 Ecclesiam
680 4867 773 4925 esse,
798 4840 912 4911 voluit
925 4838 1095 4910 celebrari
1120 4855 1240 4905 vocem
1395 4835 1506 4928 Saepe
1529 4840 1639 4925 igitur
1653 4853 1767 4908 tecum
1784 4853 1919 4928 repetas
1933 4835 2026 4909 hanc
2040 4865 2178 4924 vocem,
2200 4834 2277 4909 Di-

259 4957 442 5027 doctrinae
455 4951 547 5020 iuter
572 4948 711 5037 plures,
738 4944 886 5014 alterum
909 4942 954 5011 ab
975 4941 1084 5012 altero
1108 4938 1242 5023 doceri,
1292 4936 1353 5009 xit
1371 4934 1496 5018 Deus,
1522 4936 1612 5012 Non
1628 4949 1679 5010 est
1692 4938 1826 5010 bonum
1845 4935 2026 5009 homiaem
2046 4965 2119 5012 esse
2143 4938 2278 5024 solam,

260 5060 409 5128 alterurn
426 5051 526 5121 alteri
544 5061 666 5118 testem
682 5070 756 5117 esse
779 5044 1031 5126 invocationis,
1061 5055 1094 5111 et
1117 5064 1240 5133 specu·
1285 5040 1482 5140 faciamus
1499 5039 1786 5114 aladiatorium.
1830 5038 1963 5112 Dicere
1983 5057 2098 5113 autem
2117 5040 2277 5113 hocloco

259 5162 333 5230 lum
347 5183 387 5227 ac
400 5149 618 5223 hortatorem
633 5151 676 5217 ad
695 5148 815 5217 omnia
831 5148 1002 5218 virtutum
1020 5143 1146 5214 officia.
1294 5143 1483 5233 siguificat,
1523 5147 1685 5215 miranda
1711 5145 1881 5237 sapientia
1908 5147 2064 5226 sancire,
2106 5161 2141 5215 ct
2173 5146 2279 5215 nobis

360 5257 498 5329 Marem
516 5266 632 5323 autem
645 5263 679 5320 et
692 5249 883 5318 foeminam
902 5248 1079 5331 condidit,
1105 5258 1144 5316 ut
1161 5270 1241 5315 mu·
1291 5239 1358 5314 hoc
1376 5249 1554 5317 decretum
1573 5253 1723 5319 tradere:
1752 5261 1785 5315 et
1800 5243 1876 5315 Deo
1893 5248 2024 5319 dicerni
2045 5273 2083 5318 ac
2105 5249 2277 5318 sancienti

258 5381 318 5437 tua
348 5363 392 5432 sit
414 5372 449 5432 et
471 5358 599 5428 ardens
622 5345 779 5451 στοργὴ,
812 5372 920 5444 quam
951 5351 1094 5443 quidem
1125 5361 1160 5418 et
1185 5360 1239 5441 ty·
1262 5396 1269 5430 ,
1290 5349 1607 5438 obtemperandum
1626 5372 1699 5418 csse
1718 5360 1858 5418 statuas.
