4748 6022
104 350 179 446 eea
835 361 1158 443 cacumen
1207 361 1316 443 mu.
1342 290 1422 438 1h.
1568 315 1571 319 “
2053 369 2128 445 ese

205 541 303 613 Luce
317 536 505 631 Evangelii
520 562 642 612 recens
654 541 798 611 reducta
1136 536 1204 608 No.
1223 537 1310 607 ³06.
1598 507 1604 517 .
1863 550 1915 613 23.
1928 542 2013 632 Aug.
2033 548 2126 614 1557.

202 642 415 735 Extemplis
429 644 614 714 simulacra
628 642 877 738 mentibusque
1145 634 1317 667 Μ
1857 643 2123 682 *ow—v

204 745 383 816 Pellentes
395 759 598 817 reverenter
612 745 816 816 invocemus
1206 751 1286 826 Apud
1299 751 1381 809 viee.
1395 769 1422 824 p.
1434 751 1469 807 ⁷2
1480 769 1541 826 sqq.
1576 752 1681 826 Apage.
1694 752 1724 809 tr
1737 753 1807 812 θοὰ.
1821 755 1903 815 Goth.
1918 761 1960 820 19.
1978 779 2004 831 p.
2014 761 2074 817 191.

204 848 471 943 Aeternumque
485 846 619 933 Deum,
642 842 781 940 Deique
795 861 952 938 gnatum,
1135 911 1195 985 Ad
1221 918 1418 1007 Rectorem
1445 920 1484 983 et
1506 908 1744 1006 Professores
1767 915 1994 992 denamque
2013 923 2124 994 Ma„

202 947 250 1022 Et
265 974 354 1045 quos
370 976 455 1021 voce
469 973 531 1018 sua
548 952 669 1030 docet,
695 950 891 1043 probatque
1329 1019 1337 1036 .
1466 1019 1474 1035 ·
1998 1026 2006 1043 .
2080 1028 2089 1045 ο

200 1046 431 1137 Constantes,
456 1051 654 1123 tribuamus
667 1049 736 1143 ipsi
750 1046 915 1136 honores,
1166 1012 1376 1111 widemir
1400 1022 1804 1192 ⁸⁶r⁸iii¹⁴ss·lii5⁸5i÷ttere
1829 1022 2089 1096 thrmaitemt

199 1154 461 1247 Custodemque
475 1155 530 1222 sui
545 1152 695 1221 sciamus
710 1175 783 1221 esse

199 1255 330 1328 Coetus
344 1252 440 1325 hunc
456 1253 653 1325 Dominum
668 1245 781 1351 λόγον
793 1253 948 1346 paren&
1133 1263 1225 1337 Cum
1239 1268 1332 1338 redit
1348 1265 1503 1362 Assyriis
1517 1265 1625 1338 lsaaci
1643 1286 1768 1360 gnatus
1783 1273 1829 1342 ab
1845 1275 1930 1355 oris,

198 1355 346 1430 Aeterni
359 1349 492 1451 χόριον
506 1355 576 1425 sibi
591 1369 776 1425 cruentum
1183 1365 1318 1440 Uxores
1332 1391 1449 1439 secum
1465 1356 1663 1463 'filiolusque
1677 1368 1831 1457 trahens,

197 1459 271 1548 Qui
287 1458 520 1541 cicumdedit,
546 1469 635 1525 esset
649 1469 689 1526 ut
704 1456 906 1546 redemptor
1132 1466 1205 1539 Nec
1220 1460 1358 1541 tautum
1376 1469 1515 1559 ignotas
1532 1477 1669 1560 gentes,
1694 1491 1727 1545 et
1742 1475 1892 1544 barbara
1909 1478 2027 1562 eorda,

197 1561 356 1634 Humani
372 1560 510 1652 generis
525 1571 721 1650 potensque
736 1554 851 1633 Siloh.
1183 1568 1315 1641 Verum
1333 1572 1437 1642 etiam
1454 1595 1633 1658 socerum,
1658 1572 1776 1645 fratris
1790 1589 1825 1647 et
1839 1592 1936 1664 arma
1953 1577 2052 1647 timet
2061 1575 2105 1672 ²):

196 1664 323 1749 Hunc,
349 1678 388 1734 ut
403 1675 563 1754 protegat
578 1672 613 1730 et
629 1658 737 1730 Sioua
754 1666 929 1746 nostram,
1130 1667 1238 1741 Hunc
1254 1666 1339 1771 idye
1357 1687 1459 1761 gnate
1475 1670 1543 1742 Dei
1557 1687 1617 1745 tua
1634 1677 1775 1747 dextera
1792 1677 1896 1762 texit,
1922 1703 2095 1772 opemque

196 1766 301 1838 Votis
317 1765 467 1836 assiduis
484 1786 669 1855 precamur
685 1786 818 1833 omnes·
1179 1769 1365 1859 Luctanti,
1391 1788 1430 1844 ut
1445 1775 1591 1844 claudos
1607 1776 1762 1848 vinceret
1775 1779 1867 1869 ipse,
1894 1780 1989 1865 colit,

1130 1868 1190 1967 Sic
1209 1874 1275 1944 iter
1290 1876 1465 1964 ingressus
1481 1899 1546 1944 nos
1564 1879 1607 1945 ad
1626 1880 1816 1949 certamina
1831 1902 1944 1964 saeva,

1181 1972 1289 2044 Plena
1305 1978 1424 2047 futura
1439 1977 1534 2060 odii,
1558 1978 1661 2068 plena
1677 1979 1793 2050 futura
1811 1981 1903 2050 doli:

1128 2072 1277 2165 Protege
1293 2093 1397 2168 gnate
1413 2077 1497 2162 Dei,
1525 2099 1589 2146 rios
1604 2079 1823 2173 consilioque
1839 2082 2009 2169 guberna,

90 2151 260 2276 Q·
424 2164 427 2171 ’
761 2150 814 2217 ²⁸·
826 2146 900 2214 ⁰⁰⁰·
917 2172 966 2216 ⁸⁰·
984 2148 1079 2220 ¹5⁵⁰·
1179 2175 1329 2248 Hostilis
1343 2179 1457 2248 rabies
1473 2203 1518 2247 ne
1533 2181 1694 2248 nocuisse
1709 2195 1823 2273 queat.

720 2292 727 2301 ·
760 2244 1077 2294 w
1128 2275 1176 2347 Ut
1190 2303 1273 2348 vero
1291 2277 1446 2349 lsacidae
1462 2281 1632 2350 concessit
1646 2280 1864 2376 Amygdalus
1879 2283 2055 2368 umbram,

159 2367 355 2423 ¹*
373 2356 1079 2501 §alchuinus{tiazatituta:
1177 2376 1286 2450 vus
1300 2394 1335 2450 ..
1349 2380 1491 2469 exiguae
1505 2376 1847 2472 insecutione

192 2499 337 2558 votvm.
380 2497 460 2553 eto.
486 2493 611 2548 vottx.
653 2495 714 2553 .19.
739 2500 811 2553 ecte
831 2518 875 2570 ep.
894 2499 922 2557 d.
941 2500 1078 2561 enter.
1126 2477 1187 2549 Sic
1201 2504 1267 2550 nos
1279 2481 1547 2573 excipiattessos
1563 2480 1755 2551 Academia
1772 2498 1898 2567 vestra,

194 2571 269 2626 ¹⁵⁶⁰·
286 2568 352 2624 V⁰¹·
392 2604 400 2622 ·
419 2583 445 2636 Ρ·
458 2562 589 2619 ⁷²¹·⁷⁸⁸·
602 2513 661 2618 9⁸5·
1177 2578 1279 2667 Quae
1296 2584 1451 2651 caudore
1467 2605 1531 2650 suo
1552 2582 1663 2654 vincit
1678 2582 1928 2676 Amygdalium
1945 2572 1986 2680 ²¹).

1126 2677 1207 2748 Nou
1224 2684 1336 2751 fertur
1349 2705 1431 2751 casu
1447 2696 1575 2752 natura
1592 2683 1669 2752 eine
1683 2685 1827 2768 ordine,
1852 2687 1912 2753 sed
1930 2710 2029 2756 mens

1176 2780 1376 2853 Formattix
1393 2784 1499 2852 nebus
1513 2782 1683 2876 signaque
1697 2785 1841 2878 vimque
1857 2787 1967 2859 dedit.

1125 2881 1275 2955 Fructus
1292 2881 1548 2978 Amygdaliuus
1564 2885 1653 2953 ioris
1667 2899 1718 2955 est
1734 2886 1903 2974 lanugine
1918 2888 2063 2974 cinctus,

86 3010 153 3081 No.
166 3003 254 3078 304.
742 3000 883 3083 (forcone
895 3026 943 3068 en.
964 3003 1075 3086 1550.)
1174 2985 1272 3056 Dura
1289 2987 1398 3077 tnagis
1413 2987 1478 3056 sub
1494 3008 1564 3078 qua
1578 2986 1694 3074 lignea
1710 2987 1859 3057 claustra
1876 3003 2024 3059 manent
2034 2986 2079 3086 ³).

93 3103 262 3133 ww
676 3078 682 3093 '
730 3098 1073 3142 *ffl-
1124 3084 1278 3156 Nucleus
1292 3087 1330 3154 in
1346 3086 1596 3157 medio-suavis
1613 3089 1697 3158 latet
1711 3101 1816 3181 atque
1830 3090 1993 3177 salubris,
2060 3099 2069 3115 ‘

154 3221 233 3295 ,pud
252 3220 380 3277 vincent
397 3238 425 3291 p.
438 3216 500 3272 241,
921 3258 923 3263 ,
1175 3185 1249 3274 Qui
1263 3189 1361 3258 cibus
1378 3202 1429 3258 est
1445 3187 1549 3256 nobis
1563 3203 1597 3258 et
1612 3188 1786 3258 medicina
1800 3189 1920 3260 simul.

1122 3285 1241 3357 Prima
1256 3286 1349 3358 aetas
1367 3288 1466 3357 molli
1482 3289 1663 3358 doctrinae
1681 3314 1766 3359 voce
1782 3294 1933 3381 regende
1947 3307 2009 3379 est,

116 3409 162 3474 ln
187 3404 287 3475 locet
316 3415 529 3469 communes
553 3386 597 3488 [i.
620 3413 651 3462 e.
676 3387 714 3459 iu
736 3387 918 3484 exemp1ar
939 3385 1037 3479 libri]
1174 3386 1413 3483 lucundisque
1429 3390 1541 3482 typis,
1567 3389 1631 3459 ista
1649 3402 1817 3483 putamen
1832 3406 1947 3465 erunt.

361 3508 575 3592 postremae
598 3490 787 3564 editionis.
1121 3489 1257 3560 Durior
1273 3486 1358 3559 hinc
1373 3503 1489 3559 custos
1504 3490 1558 3558 lex
1579 3503 1648 3574 est,
1674 3504 1861 3585 sontesque
1877 3493 2040 3580 trucidat,

1172 3587 1225 3660 Ac
1240 3613 1362 3658 omnes
1380 3584 1542 3659 homines
1560 3589 1692 3661 iudicat
1707 3614 1780 3660 csse
1795 3615 1885 3666 reos.

77 3668 164 3745 Tul?
182 3669 322 3762 ἷπθμψέ
340 3661 429 3742 θεὸς
451 3654 690 3781 ζωῆνναῦΐθῦ
708 3651 772 3781 δ’ξὶ
793 3659 933 3780 ‘dimili’
1120 3689 1189 3761 Sed
1207 3690 1353 3782 trepidis
1370 3686 1557 3780 Evangelii
1571 3716 1637 3760 vox
1652 3706 1749 3782 grata
1766 3694 1939 3779 medetur,

130 3766 365 3860 ⁷s⁶¹9⁰l⁴5⁷⁰²i
384 3759 519 3834 δοῦναι
542 3757 710 3849 αφθῑῖθν
735 3782 923 3848 willalmi·
1169 3790 1265 3861 Haec
1282 3806 1365 3862 sunt
1380 3789 1535 3862 lsacidae
1548 3793 1737 3882 significata
1754 3795 1841 3867 seni.

81 3872 157 3948 Τὸν
180 3868 218 3944 ‘5'
245 3866 339 3942 tim
360 3867 505 3984 li⁰¹7ff¹⁰7
525 3853 693 3981 ‘iduum
715 3852 1065 3981 δ’δᾴσκαλθνῇμῗγ»
1116 3890 1213 3981 Ergo
1231 3887 1372 3962 scholae
1385 3894 1511 3963 similis
1527 3896 1691 3964 credetur
1705 3892 1924 3990 Amygdalus
1939 3920 2024 3983 esse,

130 3969 242 4054 adele
262 3964 327 4042 καὶ
348 3987 496 4060 Midili&
510 3984 664 4084 fWWW
682 3960 850 4084 μξθθῖῑι
870 3965 996 4080 κξῗλθν·
1168 3993 1211 4062 ln
1229 4019 1297 4086 qua
1315 3995 1497 4064 doctrinae
1514 4019 1582 4065 vox
1598 4009 1699 4066 sonat
1715 4021 1786 4066 uua
1801 3994 1881 4066 Dei.

77 4071 201 4150 Aeid'
225 4061 453 4198 ἕξμηνῑύῖας
472 4063 578 4193 ‘fif'
599 4056 755 4187 δ’δοξχηξ
777 4055 978 4148 “maia‘’
1114 4092 1288 4184 Congruit
1298 4090 1365 4164 hoc
1373 4095 1479 4165 etlam
1492 4096 1614 4188 vulpes
1625 4099 1720 4191 quod
1728 4095 1945 4192 Amygdalae
1953 4122 2103 4175 amarae.

13 4265 21 4279 ¹
128 4173 187 4250 τοὶ
205 4176 370 4275 temne
390 4191 500 4263 mimi
523 4160 582 4238 οδ,
608 4165 685 4237 3⁰²⁶
706 4165 828 4247 '‘Wai·
1168 4194 1339 4267 Gustatae
1353 4196 1469 4268 subita
1488 4213 1601 4270 morte
1617 4221 1742 4269 necare
1757 4200 1884 4272 solent.
1923 4273 1933 4289 ,

1114 4295 1173 4367 Sic
1188 4292 1318 4367 Schola
1333 4297 1542 4390 flexiloquos
1556 4299 1728 4390 extinguit
1742 4313 1835 4370 casta
1852 4294 2046 4390 Sophistas,

911 4436 1044 4448 ---—
1164 4395 1233 4468 Ars
1250 4398 1382 4491 quibus
1400 4393 1607 4470 Archilochi
1626 4401 1742 4494 vulpis
1758 4413 1883 4473 stacta
1901 4401 2050 4490 placent.

1113 4496 1238 4569 Vestra
1256 4499 1365 4587 igitur
1379 4525 1458 4569 curn
1472 4500 1518 4570 sit
1532 4513 1648 4573 custos
1665 4499 1856 4574 Academia
1876 4502 1960 4586 veri,

69 4645 125 4717 No
156 4636 228 4711 305
900 4636 1058 4705 .„,1557·
1162 4598 1375 4687 Quaerimus
1405 4595 1463 4670 hic
1491 4604 1633 4673 umbras
1662 4628 1724 4673 nos
1752 4627 1893 4697 quoque
1919 4598 2100 4697 Amygda-

77 4691 248 4770 „je-⁸·
909 4731 1042 4761 *a
1622 4704 1723 4774 lines.

1110 4799 1180 4871 Sed
1196 4800 1273 4870 iure
1288 4796 1434 4894 hospitii
1449 4805 1530 4873 date
1548 4802 1662 4872 Xenia
1677 4800 1776 4872 mitia
1790 4799 1886 4885 vina,

1159 4899 1311 4994 Sintque
1326 4928 1439 4974 unum
1457 4905 1495 4971 in
1511 4927 1594 4972 vero
1610 4915 1752 4994 pectora
1767 4915 1887 4973 nostra
1899 4899 1989 4986 Deo.

59 5104 65 5112 .
170 5026 379 5106 Petendum
396 5023 577 5094 utstmus
594 5014 955 5091 enumeraverim.
1112 5031 1339 5070 --·..

579 5186 588 5204 .
1144 5149 1170 5213 1)
1187 5147 1282 5213 timet]
1301 5145 1430 5202 Vincere.
1449 5153 1535 5200 tenet.

67 5205 110 5277 ln
128 5203 218 5276 tristi
236 5200 366 5269 sudans
381 5191 478 5285 quod
495 5200 606 5280 poscit
621 5205 732 5273 agone
748 5206 910 5253 cruorem
1140 5235 1169 5300 2)
1190 5233 1294 5303 ,W
1312 5233 1542 5314 mmmm·

120 5306 279 5377 Aeteruo'
291 5293 454 5371 Christus
468 5294 513 5361 de
529 5288 688 5380 genitore
702 5297 809 5367 satus,
1139 5315 1169 5384 3)
1187 5321 1319 5383 manens]
1339 5328 1434 5385 „W
1450 5314 1554 5373 mm·

68 5410 214 5501 Semper
230 5400 422 5474 concordes
438 5414 623 5485 unumque
637 5403 678 5460 ut
693 5388 807 5458 simus
823 5386 860 5455 iu
878 5387 967 5479 ipso,

117 5508 208 5583 Cum
222 5502 366 5580 Christo
382 5510 504 5569 nostre
517 5489 587 5564 hoc
603 5505 683 5564 vota
699 5488 880 5584 animique
896 5499 1028 5581 petant.

91 1979 229 1993 m

714 2036 741 2086 4

139 4855 218 4926 Apud
235 4851 312 4906 Vinc.
326 4870 352 4923 p.
363 4849 405 4905 52
429 4844 530 4917 Script.
543 4843 620 4918 publ.
632 4843 666 4898 Τ.
679 4843 725 4901 tlt.
744 4863 772 4914 p.
781 4843 843 4900 264.
