4748 6022
126 369 204 487 eos
484 365 740 444 scatent
771 364 847 440 tn
882 344 1079 439 vtntn
1110 360 1186 440 nr
1219 358 1461 442 ontruu
1491 362 1804 448 plantaret
2088 374 2165 446 ses

125 539 310 618 redemtio.
362 532 490 609 Edidit
511 540 597 610 alias
618 540 748 610 multas
768 552 850 610 ante
865 551 1017 609 mortem
1035 562 1118 609 san·
1245 537 1344 610 -Tibi
1359 553 1500 611 aeterne
1513 536 1612 611 Deus
1625 555 1660 613 et
1671 539 1777 612 Pater
1787 542 1934 614 Domini
1948 543 2062 613 nostri
2079 541 2160 613 lesu

127 646 299 719 ctissimas
320 663 442 721 voces,
468 666 557 734 quae
581 643 727 713 fuerunt
752 640 952 711 testimonia
977 641 1119 732 pietatis
1166 635 1300 711 Christi
1321 642 1450 730 gratias
1470 643 1624 732 agimus,
1653 647 1751 738 quod
1773 640 2026 732 huncvirum,
2059 640 2158 717 hunc

126 748 260 842 ipsius,
291 765 405 837 neque
428 736 487 812 hic
510 743 635 813 referri
658 766 780 814 omnes
806 757 974 833 possunt,
1004 740 1117 812 Paulo
1166 741 1324 834 inquam,
1346 739 1523 833 Angelum
1539 757 1640 814 tuum
1655 747 1847 818 nobistam
1863 747 1927 818 diu
1941 747 2157 831 concessisti,
2222 749 2227 757 '

128 864 249 922 autem
274 858 463 938 antequam
492 839 670 915 exhalaret
696 843 866 928 animam,
898 868 979 914 cum
999 866 1018 913 a
1042 841 1118 914 Do·
1166 856 1200 913 et
1221 844 1336 913 lucem
1361 845 1460 914 verbi
1484 845 1534 915 tui
1561 869 1624 936 per
1644 870 1725 917 eum
1747 849 1840 919 inter
1862 873 1927 919 nos
1951 848 2154 921 accendisti.

128 952 232 1022 mino
258 946 401 1017 Pastore
430 946 664 1018 recitarentur
684 945 811 1030 verba,
850 968 939 1037 quae
963 957 1047 1015 sunt
1078 944 1118 1012 in
1166 940 1323 1016 Oramus
1337 958 1389 1030 te,
1412 959 1453 1017 nt
1468 947 1557 1017 alios
1571 943 1655 1018 huic
1672 947 1805 1020 similes
1819 948 2008 1033 Doctores,
2034 964 2066 1020 et
2084 950 2155 1019 mi-

127 1048 324 1141 Evaugelio
343 1042 529 1117 lobannis:
556 1047 663 1119 Dedit
675 1046 725 1116 eis
740 1059 959 1139 potestatem,
984 1061 1023 1117 ut
1031 1044 1117 1116 Filii
1165 1046 1296 1117 nistros
1320 1069 1458 1140 semper
1479 1048 1518 1117 in
1543 1043 1608 1118 hac
1623 1043 1752 1122 Schola
1774 1066 1808 1123 et
1823 1049 1980 1123 Ecclesia
2003 1052 2153 1123 excitare

126 1154 197 1227 Dei
218 1154 321 1235 liant,
348 1148 410 1242 qui
432 1151 583 1219 credunt
604 1150 641 1217 in
660 1149 806 1218 nomine
821 1146 907 1221 eius.
958 1147 1117 1218 Sublatis
1165 1148 1264 1234 velis,
1286 1148 1381 1219 iuxta
1396 1149 1636 1219 dulcissimam
1651 1152 2010 1242 promissionemlesu
2019 1148 2155 1223 Christi

127 1254 241 1327 oculis
264 1265 299 1322 et
318 1249 485 1320 manibus
500 1251 606 1321 dixit:
633 1249 713 1320 Hoc
736 1250 871 1319 dictum
893 1249 1013 1319 animo
1036 1273 1115 1319 meo
1164 1249 1230 1318 lilii
1259 1249 1332 1335 tui,
1370 1247 1453 1321 Non
1487 1252 1686 1345 relinquam
1713 1278 1775 1325 vos
1802 1250 2015 1347 Orphanos,
2049 1250 2153 1326 Certe

125 1377 266 1448 semper
277 1354 505 1422 obversatur:
532 1348 568 1422 Ο
585 1365 620 1422 te
633 1352 782 1437 felicem,
807 1347 1028 1442 Praeceptor,
1052 1352 1115 1444 qui
1165 1374 1260 1423 nunc
1280 1349 1383 1423 Patre
1407 1347 1477 1423 hoc
1505 1352 1632 1433 amisso
1654 1347 1822 1447 Orphaui
1846 1380 1986 1439 sumus,
2018 1355 2088 1426 nisi
2112 1368 2152 1425 tu

126 1460 168 1528 in
189 1454 255 1527 hac
281 1450 369 1524 hora
394 1448 487 1523 hanc
507 1453 746 1524 firmissimam
765 1451 889 1522 salutis
909 1447 1114 1521 Anchoram
1162 1449 1405 1544 Deusoptime
1420 1478 1486 1524 nos
1500 1454 1692 1525 clementer
1707 1460 1910 1551 respexeris.
1961 1456 2021 1529 Tu
2042 1456 2153 1547 igitur

125 1554 346 1652 prehendere
363 1553 522 1648 potuisti.
572 1553 736 1649 Denique
761 1553 900 1624 assidue
915 1554 1028 1623 donec
1042 1553 1116 1646 spi·
1161 1551 1295 1625 Lucem
1311 1555 1410 1626 verbi
1426 1557 1479 1626 tui
1496 1556 1535 1625 in
1549 1557 1654 1626 nobis
1670 1580 1745 1627 non
1763 1559 1897 1650 patiare
1911 1557 2085 1648 extingui,
2111 1572 2153 1628 tu

124 1684 205 1734 rare
221 1657 354 1752 potuit,
379 1657 520 1728 iteravit
536 1651 627 1755 hanc
647 1657 901 1749 precationem:
925 1651 1022 1725 Deus
1045 1655 1115 1723 mi·
1163 1655 1384 1748 sempertibi
1400 1654 1595 1728 Ecclesiam
1611 1660 1786 1730 internos
1803 1685 1986 1752 congrega,
2011 1683 2100 1753 quae
2117 1672 2152 1728 te

122 1786 240 1834 serere
261 1758 333 1830 mei
348 1782 413 1852 per
426 1752 608 1831 Christum
631 1759 745 1829 lilium
760 1773 882 1837 tuum,
906 1768 940 1825 ct
952 1757 1114 1827 sensibus
1162 1771 1260 1851 recte
1272 1757 1413 1830 invocet
1433 1771 1466 1829 et
1480 1759 1632 1832 celebret
1647 1760 1685 1830 in
1703 1775 1903 1848 aeternum,
1924 1761 1986 1847 Tu
2000 1763 2045 1831 da
2060 1760 2151 1831 fides

122 1862 362 1952 integerrimis
382 1861 469 1950 suit,
494 1883 606 1954 usque
627 1864 673 1931 ad
695 1861 861 1931 ultimum
875 1857 968 1928 vitae
981 1859 1114 1929 articu-
1161 1856 1352 1940 Doctores,
1377 1860 1515 1955 qualem
1533 1860 1603 1930 iam
1618 1887 1637 1932 a
1653 1864 1759 1934 nobis
1773 1867 1817 1933 ad
1833 1877 1867 1935 te
1883 1862 2065 1935 revocasti.
2102 1856 2152 1932 Et

122 1966 219 2050 lum,
244 1964 335 2035 Nam
350 1957 436 2032 haec
449 1962 518 2034 luit
532 1963 608 2033 eius
622 1973 798 2053 postrema
812 1983 899 2044 vox,
924 1982 993 2052 qua
1007 1972 1113 2029 testa·
1161 1982 1227 2029 nos
1242 1961 1280 2030 in
1295 1961 1364 2030 fide
1379 1955 1515 2032 Christi
1529 1964 1595 2031 filii
1610 1965 1682 2050 tui,
1707 1965 1746 2034 in
1769 1966 1837 2035 tide
1854 1968 2000 2062 inquam
2015 1986 2098 2037 vera
2114 1977 2152 2032 et

121 2085 183 2140 tus
198 2080 249 2137 est
265 2088 302 2135 se
313 2064 440 2134 audire
453 2075 489 2132 et
511 2062 707 2152 intelligere
723 2085 781 2142 ea,
801 2082 892 2153 quae
909 2082 929 2128 a
950 2061 1055 2129 nobis
1071 2083 1112 2128 ex
1161 2062 1199 2129 in
1217 2063 1326 2132 verbo
1342 2063 1478 2139 sincero
1493 2086 1661 2133 conserva
1680 2065 1719 2134 iu
1736 2091 1878 2136 omnem
1895 2067 2151 2140 aeternitatem.

119 2192 220 2240 sacra
253 2164 427 2257 scriptura
457 2162 707 2236 recitabantur.
762 2158 959 2231 Resolutus
992 2159 1112 2254 itaque
1159 2185 1224 2255 per
1237 2158 1419 2233 Christum
1442 2162 1574 2234 Filium
1593 2179 1713 2251 tuum,
1738 2164 1867 2242 Amen.

119 2268 295 2362 paulatim
323 2288 411 2356 pene
434 2262 512 2332 sine
538 2285 644 2333 sensu
664 2262 789 2333 mortis
811 2261 953 2331 tandem
977 2261 1112 2353 spirare

118 2369 246 2454 desiit,
279 2382 313 2451 et
333 2364 433 2459 quasi
461 2364 644 2456 obsepitus
674 2363 800 2448 iacuit,
833 2385 948 2455 neque
971 2361 1045 2433 ulla
1071 2362 1111 2431 in
1314 2452 1317 2458 Ι

115 2472 211 2543 facie
246 2467 412 2562 apparuit
445 2464 673 2549 deformatio,
712 2479 774 2537 aut
812 2464 1109 2535 lineamentorum
1172 2494 1240 2565 No·
1256 2495 1370 2570 7¹37·
1964 2513 2024 2576 23·
2044 2501 2122 2587 Ape.

119 2571 293 2654 mutatio,
326 2569 418 2639 sicut
439 2567 478 2637 in
507 2581 621 2638 morte
644 2566 721 2637 lieri
743 2565 843 2640 solet.
895 2561 995 2634 Felix
1017 2565 1110 2656 ipse,
1164 2591 1389 2629 -ονν
1970 2594 2143 2625 «νυ

121 2696 227 2768 quem
242 2686 322 2763 post
336 2672 442 2741 talem
459 2668 714 2741 contessionem
733 2684 767 2739 et
784 2680 853 2737 tam
875 2666 1109 2758 multiplicem
1494 2682 1730 2799 Scriptum
1760 2686 1809 2776 0·

121 2774 382 2846 invocationem
398 2768 495 2841 Deus
509 2770 558 2843 ita
576 2769 718 2863 placido
734 2782 769 2840 et
782 2768 975 2862 tranquillo
992 2781 1109 2839 trans-
1491 2847 1499 2862 ι
2071 2851 2078 2864 .

121 2877 177 2947 itu
199 2901 240 2946 ex
263 2870 329 2945 bae
348 2873 475 2943 misera
492 2885 527 2943 et
547 2880 759 2943 aerumnosa
777 2869 849 2940 vita
867 2872 913 2940 ad
929 2877 1108 2966 aeternam
1158 2844 1348 2931 (Quaffll‘m
1364 2862 1407 2908 ⁶¹
1421 2848 1793 2915 ⁰¹⁸l¹⁰¹¹⁰ll⁰⁸¹⁰⁰¹⁰¹i⁸
1807 2849 1838 2915 d·
1849 2848 2147 2933 23·²¹P¹·1¹⁸b¹lt³l

117 2978 322 3051 felicitatem
336 2974 527 3046 transtulit.
561 2970 673 3044 Nobis
687 2987 816 3057 sutem,
835 2971 976 3065 suisque
989 2971 1108 3041 omni·
1224 2982 1331 3066 Serpa
1348 2979 1424 3052 pust.
1444 2981 1528 3037 tua.
1547 2981 1660 3036 wius.
1681 2982 1716 3039 r.
1734 2985 1783 3038 ιν.
1805 2985 1845 3040 tu.
1866 2984 1905 3053 Q.
1925 2987 1950 3038 s.
1969 3014 2004 3027 -
2039 2985 2145 3043 aecus.

119 3082 189 3151 bus
203 3094 238 3150 et
252 3073 378 3148 harum
394 3075 578 3166 regionum
588 3072 770 3161 Ecclesiis,
787 3088 893 3167 atque
908 3068 992 3144 huic
1005 3069 1111 3145 scho-
1258 3060 1343 3172 ᾆξ’
1363 3050 1391 3103 ¹¹¹
1411 3048 1523 3104 ΜΟ*
1551 3048 1698 3105 Ο“’ῑο“”
1724 3054 1829 3125 ³¹³i¹¹0¹
1856 3053 1986 3108 κόψε
2008 3054 2038 3106 ³¹¹
2058 3052 2145 3109 tud.

228 3181 237 3198 .
274 3181 282 3197 .
322 3179 330 3196 .
499 3178 508 3195 ,
589 3176 598 3193 ,
666 3176 676 3194 ,
816 3175 825 3192 ,
880 3175 889 3192 ,
1000 3175 1009 3192 ,
1308 3118 1372 3201 tteb.
1387 3133 1422 3203 οῦ.
1435 3129 1657 3242 ,temporquo
1676 3121 1875 3193 praelectiones
1893 3123 2014 3205 publicas
2030 3121 2097 3176 Rev.
2119 3129 2146 3175 ct

121 3183 179 3253 lat!
193 3195 432 3252 tristissimum
454 3201 511 3248 sut
526 3178 739 3248 desiderium
760 3177 922 3269 reliquii,
947 3201 1011 3269 qut
1028 3201 1119 3247 etim·
1260 3187 1370 3271 Clprtss.
1394 3205 1448 3243 vtrt
1471 3189 1494 3241 P
1514 3189 1589 3269 tltppr
1726 3260 1754 3275 ..
1917 3258 1924 3272 ⁸
2050 3260 2057 3274 ι

120 3283 219 3354 velut
234 3284 273 3353 in
288 3281 400 3351 saevis
414 3279 679 3373 tempestatibus
691 3278 800 3350 maris
813 3278 993 3364 iactemur,
1017 3301 1108 3350 nau·
1258 3256 2146 3401 ἓζζρξζυξζοιθῧδξζξξξ’ῠῐῖᾚοῗέρξῗξηξῧῗξᾶῗ

119 3386 254 3457 clerum
276 3396 438 3454 noslrttn't
461 3381 663 3467 amlsltttus,
699 3395 784 3455 [unt
804 3405 885 3451 cum
908 3380 984 3450 elus
1006 3404 1107 3471 prite-
1264 3396 1338 3449 1⁵60.
1362 3396 1389 3451 4
1423 3394 1487 3448 ltem
1504 3392 1532 3447 io
1548 3395 1637 3448 libros
1653 3395 1817 3464 Orationes,
1842 3398 1975 3468 epitapliia
1994 3408 2022 3452 ct
2033 3394 2147 3468 scripta,

117 3487 230 3558 sentia
247 3485 351 3557 nobis
367 3507 478 3577 quam
493 3481 644 3552 maxime
659 3507 749 3575 opus
770 3474 876 3566 esset,
901 3503 1016 3573 neque
1031 3481 1106 3550 ullo
1260 3480 1330 3584 Ἐξ
1337 3462 2008 3602 fffflffl}mgfel‘,}h¹¹ppl‚¹¹1,¹}¹¹,¹}5(}¹'hfb,2
2027 3464 2146 3587 ,((ἐξξξ

118 3604 280 3681 tempore
294 3587 424 3672 minus,
449 3598 555 3679 quarn
569 3606 676 3664 nunc,
703 3607 744 3653 eo
760 3606 877 3653 carere
891 3594 1105 3673 poteramus.
1259 3607 1366 3679 aaaron
1379 3596 1542 3679 Academia
1558 3597 1648 3651 t’trets.
1665 3598 1787 3681 §enegio
1803 3600 1927 3665 Maiore,
1944 3601 1977 3653 ἀι
1990 3600 2087 3654 oraim
2100 3599 2149 3653 tea

116 3687 168 3763 Εἴ
183 3690 269 3760 satis
281 3700 436 3780 apparet,
456 3686 544 3779 quid
559 3682 656 3754 Deu⁸
672 3683 712 3753 pn
727 3683 847 3754 animo
862 3677 1000 3765 habeat,
1025 3705 1106 3752 cum
1257 3675 1383 3722 sirenum
1400 3664 1569 3736 publicarum
1583 3675 1734 3721 constuuto
1748 3678 1810 3739 post
1823 3668 1928 3723 obitum
1937 3668 2146 3738 Melrntbonis.)

117 3794 207 3865 tales
221 3787 382 3860 hemines
396 3811 438 3856 cx
452 3782 520 3858 hoc
534 3787 669 3854 mundo
684 3785 809 3870 aufert,
823 3809 869 3853 ne
883 3783 956 3854 sint
970 3797 1105 3874 specta·
1184 3819 1392 3902 marmor
1417 3831 1449 3894 a
1475 3817 1954 3922 ProfessoresAwdemm
1986 3822 2119 3900 Wac-

116 3911 211 3966 tores
229 3888 491 3959 imminentium
510 3887 760 3962 calamitatum.
797 3885 891 3957 Nolo
906 3885 998 3955 male
1013 3884 1106 3955 omi·
1564 3924 1762 4022 bergensis·

114 3995 213 4079 nari,
239 3994 283 4063 ad
302 3990 555 4082 poenitentiam
572 4002 691 4058 tamen
706 4011 772 4058 nes
786 4002 820 4059 et
836 3991 879 4058 ad
900 3986 1104 4078 patientiam

116 4117 387 4189 praeparemus,
413 4106 454 4163 ut
475 4091 532 4159 vel
555 4090 644 4159 iram
666 4087 816 4179 Domini
840 4090 1011 4179 effugere,
1037 4091 1104 4171 vel,
1158 4097 2145 4123 ----------
2180 4134 2185 4145 ,

118 4201 149 4269 si
180 4199 226 4268 sit
250 4219 360 4287 opus,
397 4207 579 4287 paternam
607 4192 871 4281 castigationem
898 4192 1105 4261 obedienter
1256 4192 1524 4282 Deliberatione
1539 4197 1638 4286 gravi
1658 4211 1694 4269 et
1717 4199 1879 4291 diligenti
1895 4199 2055 4289 adhibita
2070 4207 2145 4276 dis.

46 4354 51 4363 .
115 4304 209 4371 ferre
230 4297 417 4390 possimus.
466 4292 580 4365 Debet
604 4294 699 4364 euim
720 4295 843 4363 talium
867 4292 1024 4363 virorum
1047 4294 1104 4362 in·
1128 4312 1131 4329 ¹
1156 4297 1346 4368 tribuimus
1362 4320 1486 4386 operas
1504 4299 1715 4386 lectionum,
1730 4302 2145 4398 sieutpaulopostexpo·

116 4402 241 4473 teritus
255 4422 321 4468 nos
336 4399 485 4470 excitare
499 4399 544 4467 ad
559 4396 722 4466 timorem
740 4393 826 4480 Dei,
852 4397 896 4464 ad
916 4394 1105 4486 poeniten·
1155 4421 1292 4484 nemus,
1306 4399 1355 4468 ita
1372 4399 1530 4492 quidem,
1546 4413 1586 4469 ut
1603 4417 1638 4474 et
1653 4403 1772 4492 plures
1788 4407 2031 4476 addiderimus
2043 4410 2144 4501 prio.

115 4504 202 4576 tiam
219 4517 253 4574 et
268 4501 504 4571 ardentiorem
522 4497 778 4590 precationem,
804 4511 838 4567 et
854 4510 895 4567 ut
911 4497 1022 4599 cauti,
1047 4498 1103 4565 di·
1155 4501 1274 4585 ribus,
1295 4513 1330 4570 et
1353 4523 1428 4584 eas,
1455 4525 1541 4595 quas
1558 4503 1741 4575 Dominus
1756 4496 1957 4603 Philippus
1972 4503 2144 4582 hactenus

115 4606 264 4695 ligentes
287 4628 327 4673 ac
348 4603 467 4672 fideles
487 4602 597 4671 rimus
621 4601 660 4668 iu
683 4600 914 4669 custodiendo
933 4598 1104 4689 deposito²
1155 4602 1339 4673 consuevit
1367 4624 1557 4694 usurpare,
1598 4606 1805 4699 aliquandiu
1837 4609 2021 4680 obeundas
2048 4613 2145 4683 ime,

117 4708 211 4800 quod
236 4702 274 4776 hi
289 4707 361 4775 duo
379 4704 447 4772 viri
463 4698 641 4774 Luthems
661 4726 702 4771 ac
717 4697 906 4793 Philippus
922 4702 1015 4791 apud
1038 4723 1103 4768 nos
1154 4701 1315 4793 Collegae
1324 4706 1496 4796 quosdam
1514 4720 1655 4775 nostros
1668 4708 1787 4794 partiti
1804 4707 1925 4784 simus.
1952 4709 2144 4802 Speramus

114 4809 354 4902 reliquerunt,
380 4828 507 4895 nempe
523 4805 560 4874 in
576 4803 730 4894 puritate
750 4816 863 4874 castae
880 4816 922 4889 et
939 4801 1103 4871 inconta-
1155 4806 1250 4874 enim
1284 4805 1513 4875 illustrissimi
1548 4803 1727 4897 Principis
1757 4833 1798 4877 ac
1830 4805 1998 4899 Domini,
2032 4813 2140 4886 Dum,

17 4942 19 4946 ⁴
114 4910 267 4980 minatae
282 4909 465 4979 doctrinae
479 4908 729 4975 conservanda.
780 4903 862 4974 Non
879 4903 989 4992 igitur
1006 4926 1103 4972 nunc
1156 4903 1332 5000 Augusti,
1357 4903 1857 4997 DucisSaxouiaeElectoris,
1878 4909 1984 4984 huius
2001 4913 2142 4986 scholae

112 5008 201 5082 hora
216 5023 278 5096 est,
299 5025 339 5081 ut
356 5011 466 5079 simus
480 5006 605 5090 securi,
622 5019 684 5077 aut
697 5019 895 5087 stertamus‚
914 5004 974 5072 sed
992 5004 1102 5073 simus
1155 5007 1418 5077 clementissimi
1436 5021 1468 5077 et
1490 5007 1812 5082 munificentissimi
1829 5016 2034 5100 nutritoris,
2057 5042 2142 5087 cura

109 5115 316 5204 Vlssll³¹¹l⁰⁸s
339 5111 506 5181 viatim...
520 5108 606 5203 quid
624 5119 702 5198 post
717 5101 867 5177 Lutheri
882 5118 1031 5175 mortem
1046 5129 1101 5175 se·
1155 5122 1189 5179 et
1204 5108 1373 5193 consilio,
1398 5108 1507 5178 alium
1525 5111 1726 5182 eruditione
1745 5125 1779 5184 et
1793 5118 1940 5188 caeteris
1955 5117 2060 5188 donis
2081 5144 2142 5187 ex-

112 5231 232 5307 cutum
260 5230 332 5300 est,
366 5214 454 5308 quid
480 5213 551 5281 iam
584 5210 630 5281 sit
663 5208 939 5299 expectandum,
973 5231 1038 5297 pro
1063 5230 1101 5277 se
1155 5211 1338 5278 cellentem
1359 5208 1476 5278 virum
1497 5213 1692 5303 quaesitum
1716 5214 1781 5296 iri,
1806 5216 1864 5287 cui
1885 5218 2075 5289 substituto
2103 5223 2141 5291 in

110 5320 260 5412 quisque
286 5329 437 5408 reputet.
497 5310 581 5384 Non
604 5334 746 5404 possum
774 5310 877 5401 plura
899 5311 1030 5381 addere
1052 5311 1099 5381 ob
1125 5282 1129 5429 ξ
1154 5312 1272 5402 locum
1297 5310 1453 5381 defuncti
1477 5310 1522 5386 D.
1546 5309 1705 5407 Philippi
1731 5318 1887 5388 eiusdem
1911 5342 2038 5407 operae
2062 5337 2139 5395 tuto

108 5421 280 5509 temporis
315 5417 547 5502 brevitatem,
594 5429 628 5487 et
659 5411 772 5484 animi
806 5412 878 5482 mei
913 5413 1100 5506 perturba·
1125 5438 1128 5485 t
1154 5427 1190 5485 et
1210 5412 1345 5483 utiliter
1366 5415 1540 5485 committi
1561 5432 1703 5510 queant.
1754 5417 1892 5489 luteres
1917 5443 2000 5490 vero
2025 5425 2140 5498 donee

104 5522 253 5595 tionem.
1124 5490 1130 5587 l
1153 5514 1233 5591 talis
1247 5513 1377 5610 aliquis
1392 5514 1542 5589 idoneus
1557 5517 1789 5611 invenietur,
1806 5522 2027 5596 decrevimus
2040 5551 2081 5599 ex
2098 5553 2139 5598 re

1829 2376 1936 2386 .-.αι-ιν
1943 2376 1977 2384 ⁵—-
1984 2368 2150 2394 uhu—p·-

1642 3187 1694 3258 cl..
1711 3192 1790 3245 obitu
1801 3189 1880 3249 buius
1894 3199 2076 3262 interruptas,
2093 3189 2144 3243 ali·
2248 3193 2255 3205 ¹
