4748 6022
176 369 251 443 eoo
654 361 968 458 anaootna
1003 367 1078 442 nr
1111 362 1345 444 saevas
1378 348 1735 445 cortetotttts.
2131 376 2215 450 oso

171 557 224 615 cst
238 539 477 634 probandum.
522 536 704 610 Monstrat
719 553 801 631 apte
817 533 1062 625 cohaerentia,
1089 541 1168 610 vio·
1218 542 1349 611 talibus
1376 542 1482 627 locis,
1517 541 1586 611 nisi
1618 540 1771 610 multum
1794 565 1835 614 ac
1855 542 1919 614 diu
1940 545 2148 620 exercitatus
2170 549 2209 621 its

171 646 287 716 lenter
320 643 508 710 coniuncta
543 642 693 714 divellit.
756 640 893 710 Horum
926 640 1017 710 nihil
1055 657 1168 730 potest
1217 641 1422 715 Dialectica.
2205 643 2208 649 ‘

172 744 336 842 quasuvis
364 743 567 832 ingeniosus
597 738 704 814 bomo
728 758 809 834 apte
831 743 945 812 facere
968 744 1006 812 in
1029 745 1166 814 difficili
1307 744 1404 834 Quid
1420 743 1698 815 iurisconsultus
1713 745 1990 819 inaltercatione
2006 752 2136 821 forensi
2154 754 2209 823 fa·

171 845 411 920 controversia
438 846 515 914 sine
543 859 627 916 arte.
685 846 807 939 ltaque
834 842 935 914 Plato
960 846 1181 933 gravissime¹
1216 846 1303 930 ciet,
1328 847 1359 915 si
1372 870 1486 941 neque
1502 846 1640 934 partiri,
1666 871 1781 941 neque
1796 849 1954 933 delinire,
1980 877 2095 947 neque
2113 855 2205 924 male
2243 862 2245 866 ’

171 951 279 1030 dixit,
304 970 412 1017 unam
429 942 522 1021 hane
537 946 687 1016 docendi
704 972 743 1014 ac
760 947 1048 1030 discendiviam‚
1074 972 1164 1041 quae
1215 943 1440 1019 cohaerentia
1472 946 1669 1017 diiudicare
1702 950 1810 1018 sciet?
1860 949 1988 1021 Nonne
2025 956 2206 1026 videbitur

172 1062 210 1130 iu
227 1055 418 1128 Dialectica
443 1049 614 1133 traditur,
639 1043 750 1117 aDiis
774 1049 1036 1117 immortalibus
1051 1051 1161 1118 dona·
1214 1046 1398 1133 Camelus,
1429 1064 1468 1119 ut
1491 1051 1611 1132 aiunt,
1646 1049 1802 1119 saltans?
1839 1050 1961 1140 Quare
1985 1056 2097 1148 siqui
2125 1080 2205 1147 pes.

171 1178 242 1234 tam
259 1181 333 1227 esse
353 1153 472 1244 generi
498 1147 674 1234 humano,
708 1164 853 1241 propter
872 1144 964 1218 banc
988 1175 1161 1219 summam
1213 1153 1335 1220 lectam
1349 1153 1547 1220 doctrinam
1563 1165 1742 1241 expetunt,
1771 1147 1808 1220 bi
1824 1155 1909 1224 dent
1926 1155 1964 1222 in
1981 1157 2104 1247 primis
2118 1181 2205 1250 ope-

172 1263 378 1339 utilitatem‚
404 1268 443 1324 ut
460 1257 584 1321 doecre
608 1247 770 1320 homines
795 1253 887 1319 inter
909 1274 945 1318 se
968 1275 1009 1319 ac
1027 1253 1160 1320 discere
1213 1276 1299 1332 ram,
1329 1264 1370 1322 ut
1383 1252 1611 1323 Dialecticam
1628 1277 1701 1321 non
1718 1254 1833 1323 obiter
1847 1266 2015 1348 tanquam
2031 1259 2204 1348 fugientes

170 1377 331 1459 possent,
358 1360 452 1450 quod
479 1353 638 1422 inomni
666 1354 736 1422 vita
759 1352 908 1421 maxime
924 1354 1158 1420 necessarium
1211 1354 1405 1441 attingant,
1432 1357 1491 1424 sed
1518 1354 1702 1443 complecti
1728 1369 1837 1425 totam
1862 1360 2044 1442 studeant,
2070 1374 2103 1429 et
2128 1357 2202 1442 ἕξιν

170 1483 232 1539 est
282 1464 376 1535 Sum
397 1459 489 1550 enim
507 1455 658 1525 docendi
673 1451 836 1524 homines
852 1455 896 1521 de
913 1455 1158 1542 religionibus,
1210 1456 1565 1544 artissibifaciant,
1606 1470 1645 1526 ut
1677 1481 1757 1526 vere
1785 1457 1879 1527 iuxta
1905 1460 2133 1550 proverbium
2155 1462 2202 1533 sit

169 1572 214 1641 de
236 1568 330 1648 iure,
365 1565 408 1630 de
429 1559 655 1649 legibus‚.de
673 1555 925 1625 controversiis
947 1556 1156 1642 forensibus,
1210 1559 1408 1626 communis
1430 1556 1649 1641 Mercurius,
1682 1551 1749 1627 boc
1779 1574 1844 1643 est,
1875 1573 1915 1628 ut
1936 1561 2071 1653 ubique
2094 1561 2140 1631 sit
2161 1563 2200 1631 in

167 1675 283 1762 deque
304 1665 382 1734 aliis
398 1662 519 1731 multis
536 1661 654 1728 rebus.
708 1653 820 1726 labis
837 1659 1003 1724 omnibus
1024 1681 1079 1723 res
1103 1658 1156 1724 ia-
1208 1673 1377 1748 promptu
1398 1658 1610 1742 Dialectica,
1639 1674 1673 1728 et
1697 1684 1752 1728 res
1775 1663 1941 1731 obscuras
1965 1663 2133 1754 explicet,
2166 1678 2201 1734 et

170 1787 251 1845 cent
267 1766 502 1857 dissipatae'et
517 1762 701 1845 confusae,
727 1762 794 1828 nisi
813 1758 1000 1828 Dialectica
1016 1760 1159 1845 colligat
1209 1761 1381 1850 expediat.
1936 1771 1937 1774 ’

168 1897 238 1957 eas,
264 1896 301 1939 ac
318 1868 517 1936 distribuat.
558 1863 635 1934 Uisa
654 1863 763 1954 igitur
780 1879 830 1931 est
846 1858 929 1929 llaec
946 1882 1037 1948 pars,
1064 1882 1155 1952 quae
1313 1861 1355 1930 ln
1379 1857 1445 1930 hac
1469 1856 1719 1931 adhortatione
1741 1887 1902 1950 magnam
1927 1880 2060 1953 partem
2086 1866 2200 1934 libro.

169 1975 334 2048 usunibus
355 1966 526 2054 negociis,
551 1964 718 2033 omuibus
734 1963 869 2030 artibus
891 1962 1012 2029 ltrmen
1030 1963 1156 2044 adfert,
1207 1987 1287 2032 rum
1319 1986 1465 2032 suorum
1496 1963 1630 2055 ubique
1659 1967 1836 2035 consumit
1865 1965 1985 2052 Plato,
2023 1949 2199 2058 exagitans

169 2077 258 2149 sicut
279 2074 379 2141 Plato
403 2068 540 2160 inquit,
570 2089 590 2135 a
612 2058 822 2134 Prometheo
844 2063 962 2154 aliquo
980 2062 1156 2130 divinitus
1207 2058 1381 2154 sophistas
1405 2064 1502 2133 illius
1525 2064 1711 2154 temporis,
1736 2067 1902 2158 aquibus
1929 2064 2093 2138 iuuentus
2117 2070 2200 2137 nul.

168 2183 212 2252 ad
237 2174 401 2247 homiues
427 2169 593 2259 perlatam
627 2189 722 2250 esse,
754 2161 834 2256 ἅμα
857 2156 1060 2258 paroeciam
1082 2158 1156 2233 τινὶ
1207 2167 1276 2235 lius
1303 2164 1355 2234 rei
1379 2165 1565 2256 perfectam
1595 2166 1777 2235 scientiam
1801 2169 1974 2252 discebat,
2008 2195 2088 2238 curu
2112 2167 2200 2238 Dia·

167 2275 276 2372 aopi,
303 2276 339 2341 id
358 2283 425 2353 ²⁸1,
451 2294 530 2338 011111
549 2267 935 2359 11101010111110111100010
955 2265 1046 2352 ῐεηῑῑ
1072 2265 1155 2356 quia
1207 2266 1327 2338 lectica
1346 2290 1418 2334 non
1435 2271 1644 2340 traderetur.
1684 2263 1731 2336 Et
1751 2269 1906 2358 profecto
1925 2270 2120 2361 periculum
2136 2287 2199 2354 est,

167 2386 332 2452 obscuras
349 2394 468 2442 causas
482 2394 604 2438 omues
619 2369 780 2455 patefacit
797 2384 830 2437 et
842 2366 1032 2438 illuminat.
1080 2366 1152 2435 Fa·
1205 2372 1299 2452 fore,
1326 2381 1364 2436 ut
1382 2371 1567 2458 posteritas
1583 2390 1728 2458 magnas
1746 2393 1880 2460 poenas
1893 2374 1952 2442 det
1970 2387 2105 2464 spretae
2130 2368 2198 2442 buc

167 2482 233 2553 tile
261 2477 369 2567 igitur
393 2472 541 2562 intelligi
569 2484 701 2562 potest,
744 2466 837 2538 banc
861 2483 973 2537 artem
999 2469 1152 2535 maxime
1207 2486 1365 2560 tempore
1396 2469 1615 2543 Dialectices.
1677 2467 1769 2540 Nam
1803 2496 1883 2542 curn
1918 2473 1993 2543 sine
2027 2468 2198 2543 methodo

167 2583 327 2654 omnium
346 2575 576 2644 necessariam
597 2597 687 2655 esse,
712 2572 887 2665 siquidem
904 2591 990 2637 usus
1010 2567 1085 2636 eius
1102 2569 1156 2636 la·
1206 2567 1441 2664 Tbeologiam
1464 2586 1499 2642 et
1521 2570 1607 2639 alias
1630 2594 1773 2661 magnas
1802 2587 1896 2644 artes
1925 2576 2198 2665 profitebantur,

167 2685 301 2756 tissime
325 2692 420 2771 patet
445 2678 481 2744 iu
505 2677 669 2744 ommbus
693 2672 866 2761 negociis,
895 2684 928 2739 et
951 2682 1043 2740 artes
1065 2669 1155 2736 aliae
1206 2673 1295 2740 meri
1327 2667 1518 2742 histriones
1555 2686 1678 2758 erunt,
1717 2674 1818 2745 nulla
1854 2678 2007 2768 perfecta
2030 2677 2197 2747 doctrina

170 2786 259 2861 tradi
281 2795 340 2852 aut
364 2778 495 2869 percipi
518 2777 594 2845 sine
615 2777 677 2843 ista
701 2798 774 2841 non
799 2784 955 2862 possunt.
1008 2768 1155 2840 Graecis
1205 2775 1367 2868 praediti,

167 2884 356 2982 proverbio
387 2879 534 2946 dieitur:
571 2873 780 2972 Commsrnis
809 2871 1030 2952 Mercurius,
1057 2873 1154 2962 quod
1306 2873 1380 2944 Nos
1404 2875 1514 2964 igitur
1532 2888 1564 2946 es
1582 2874 1866 2947 doctissimorum
1892 2872 2078 2947 hommum
2095 2891 2198 2948 amo,

169 2989 330 3059 lsomines
344 2982 505 3051 oratioue.
524 2976 747 3068 patefaciant,
773 2989 808 3042 et
821 2973 1083 3042 cessnmunicent
1096 2972 1156 3038 iu-
1205 2977 1326 3060 ritate,
1351 2990 1388 3047 et
1409 2977 1564 3047 utilitate
1580 2977 1720 3067 publica
1736 2980 1873 3048 moveri
1890 2981 2009 3065 decet,
2035 2994 2196 3074 utquam

166 3109 220 3163 ter
239 3113 276 3158 se
297 3106 418 3154 ornares
447 3106 501 3150 res
525 3081 709 3162 obscuras,
735 3090 768 3145 et
791 3074 993 3164 cognitione
1017 3072 1155 3159 dignas.
1206 3077 1399 3169 plurimum
1424 3079 1533 3147 studii
1553 3093 1658 3171 atque
1681 3102 1809 3169 operae
1829 3081 1868 3149 in
1886 3075 1977 3150 banc
1995 3097 2104 3152 artem
2122 3081 2196 3150 col-

167 3191 210 3263 ld
241 3201 357 3259 antem
385 3185 441 3251 vel
473 3182 625 3251 maxime
658 3178 825 3267 competit
853 3177 890 3244 in
917 3172 1156 3257 Dialecticam,
1206 3181 1374 3265 locemus,
1395 3192 1436 3249 ut
1452 3174 1520 3247 boc
1533 3179 1809 3249 instrumentum
1823 3186 1866 3249 ad
1882 3183 2080 3275 superiores
2095 3199 2198 3267 artes,

167 3317 257 3390 quae
282 3292 325 3360 ad
349 3309 472 3355 orasses
494 3299 600 3366 artes,
627 3285 670 3349 ad
694 3286 817 3348 omnes
833 3277 994 3346 difficiles
1010 3291 1157 3344 contro-
1205 3284 1247 3349 ad
1276 3280 1534 3370 rempublicam
1566 3280 1765 3354 afferamus.
1818 3283 1923 3352 Decet
1955 3286 2050 3360 enim
2081 3285 2197 3355 bonos
2284 3344 2288 3351 ,

167 3394 313 3470 versias,
341 3377 1056 3470 adomuiaobseuranegociaadbibetur.
1090 3374 1156 3446 Est
1206 3383 1301 3451 viros
1320 3396 1519 3475 praestare,
1551 3380 1613 3474 qui
1636 3386 1679 3449 ad
1702 3383 1843 3471 publica
1868 3386 2031 3470 negocia,
2062 3387 2105 3454 ad
2130 3389 2196 3453 do·

167 3498 276 3585 igilur
300 3490 491 3560 911111101ῑο0
517 3487 646 3568 veluti,
681 3478 806 3562 11011139
835 3479 949 3573 iouis
980 3480 1155 3569 interpres
1206 3486 1333 3554 cendas
1349 3483 1554 3569 religiones,
1579 3494 1641 3551 aut
1662 3486 1854 3551 exercenda
1872 3484 2000 3552 iudicia
2015 3487 2197 3570 accedunt,

166 3592 324 3672 Deorum
347 3606 452 3682 atque
473 3586 678 3667 bominum,
702 3586 742 3652 iu
756 3584 915 3672 templis,
940 3580 979 3648 in
993 3581 1091 3664 foro,
1116 3578 1155 3647 in
1205 3601 1244 3655 ut
1260 3609 1366 3679 quam
1380 3583 1602 3673 paratissimi,
1628 3585 1672 3652 ad
1688 3605 1744 3663 res
1757 3584 1936 3668 maximas,
1956 3586 2196 3672 difficillimas,

166 3694 309 3771 sebolis,
333 3694 370 3760 iu
389 3691 541 3767 iudiciis,
562 3690 601 3756 in
617 3687 763 3760 Senatu.
802 3681 964 3777 Denique
980 3704 1154 3774 nusquam
1206 3702 1239 3757 et
1257 3688 1378 3779 plenas
1395 3685 1541 3774 periculi
1558 3687 1735 3759 accedant.
1787 3683 1877 3755 Nam
1902 3686 2055 3778 improbi
2078 3681 2195 3755 boseri.

166 3826 240 3873 000
256 3792 456 3867 arf-mitur·
1206 3790 1260 3857 nis
1286 3803 1355 3872 est,
1383 3788 1541 3877 polliceri
1565 3786 1755 3872 consilium
1778 3799 1885 3880 atque
1909 3811 2011 3878 opem
2038 3787 2195 3876 llcipub,¹

268 3896 351 3985 Q¹¹⁰
376 3893 487 3981 1011ὅῖ8
510 3884 790 3983 1101100110θῦἅῖ
810 3899 891 3956 011111
906 3880 973 3954 Ῑ100
987 3897 1155 3975 10100010,
1204 3894 1233 3962 si
1251 3893 1337 3960 sciat
1359 3890 1597 3960 infirmitatem
1620 3913 1717 3957 suam
1734 3903 1769 3984 et
1786 3889 1962 3960 inscitiam
1978 3890 2194 3981 reipublicae

166 4004 229 4100 qui
255 4003 331 4068 siue
353 3996 542 4065 Dialectica
566 4003 755 4084 properant
772 3992 815 4056 ad
838 3987 1038 4077 superiores
1053 4000 1155 4069 artes,
1204 3992 1439 4086 periculosam
1454 3991 1544 4063 sose,
1595 3988 1691 4062 Dixi,

165 4108 203 4177 iu
221 4105 351 4198 quilms
371 4097 539 4193 quoniam
561 4094 638 4163 sine
654 4092 842 4162 Dialectica
868 4083 1075 4157 methodum
1098 4110 1155 4155 re-

167 4207 280 4304 perire
298 4202 433 4273 nullam
451 4211 610 4288 possunt,
634 4195 877 4273 insumunt,
900 4204 940 4259 ut
954 4191 983 4257 si
1000 4191 1036 4256 io
1052 4190 1166 4276 igno-t
1212 4207 2192 4243 ψ--κ--ν-ω--ω--α-μ-

164 4308 311 4382 tissimis
327 4305 532 4392 regionibus
550 4312 653 4368 nocte
669 4297 738 4366 iter
750 4296 918 4363 facerent.
970 4287 1017 4359 Et
1035 4289 1154 4358 bacin

165 4439 205 4485 re
227 4409 345 4477 aristus
365 4406 539 4473 sustinent
564 4399 731 4490 periculi,
758 4395 820 4490 qsri
845 4393 1044 4462 Medicinae
1067 4394 1155 4460 daut

167 4532 322 4602 operam.
374 4505 464 4575 Nam
499 4496 537 4572 hi
562 4501 753 4571 Dialectica
786 4512 924 4567 tautum
959 4495 996 4562 iu
1024 4489 1154 4562 scholis

169 4625 328 4685 ittuntur.
366 4602 540 4690 'l'beologi
557 4618 588 4671 et
607 4599 855 4672 iurisconsulti
868 4599 1052 4687 proferunt
1067 4593 1154 4664 Dia·

169 4713 324 4787 lecticam
348 4732 386 4776 εκ
414 4706 539 4774 umbra
555 4703 593 4770 in
616 4705 734 4770 aciem.
787 4699 860 4770 Nee
882 4722 963 4768 suas
988 4719 1154 4788 personas
1486 4736 1624 4810 Fabula
1645 4759 1696 4808 ex
1715 4736 1909 4807 Theocrito

170 4821 244 4889 siue
262 4807 328 4880 boe
346 4810 582 4877 instrumento
600 4804 690 4870 trieri
705 4814 865 4890 possunt.
905 4799 1036 4867 Paulus
1053 4822 1151 4887 prae·
1910 4783 1919 4801 ⁰

169 4917 250 5005 cipit
269 4914 415 4979 verbum
431 4906 495 4975 Dei
511 4902 759 4995 dpdoeopetu.
794 4906 829 4966 ld
845 4903 1024 4992 quomodo
1043 4897 1155 4975 faciet,
1203 4875 1328 4958 Nemo
1347 4873 1500 4952 vestrism
1517 4883 1674 4971 ignorat,
1698 4903 1755 4947 me
1773 4880 1809 4948 in
1827 4876 1895 4949 boc
1919 4880 1997 4951 loco
2013 4884 2055 4950 ad
2073 4885 2194 4954 dicen·

168 5020 228 5114 qui
248 5013 381 5083 niallam
406 5010 491 5078 sciet
509 5021 587 5095 apte
602 5003 842 5088 distinguendi
856 5014 891 5069 et
907 4995 1080 5088 partiendi
1098 5021 1156 5061 ra·
1205 4992 1289 5055 deam
1313 4987 1429 5054 «afficio
1460 4984 1599 5055 adduci.
1658 4975 1810 5050 Scltolae
1842 4981 1936 5051 enim
1966 4993 2195 5067 conseretudo,

168 5117 326 5194 tionem?
359 5113 456 5200 Quid
478 5108 542 5177 erit
558 5104 809 5180 monstrosius,
835 5101 994 5169 doctrina
1012 5096 1156 5181 religio·
1205 5113 1294 5180 sperate
1317 5087 1431 5174 legum
1455 5085 1566 5153 iustar
1590 5079 1752 5150 habenda
1777 5097 1844 5165 est,
1872 5079 1938 5152 hese
1960 5086 2079 5154 «arseris
2105 5084 2193 5156 mihi

169 5227 237 5305 nis,
264 5220 290 5285 si
310 5216 436 5284 ‹liversi
456 5212 522 5279 loci
541 5208 794 5284 miscebuntur,
804 5252 810 5270 „
820 5217 854 5271 et
868 5196 1157 5269 eorsfuntlcntut·'?
1180 5249 1182 5257 .
1205 5189 1375 5278 imponit,
1402 5201 1439 5254 ut
1455 5189 1499 5254 de
1516 5184 1678 5253 laudibus
1694 5184 1840 5252 istarum
1855 5186 1984 5255 artium
2000 5188 2128 5273 alicam,
2156 5190 2193 5256 iu

167 5325 288 5420 quales
306 5331 398 5400 sistit,
423 5313 582 5383 doctrina
598 5309 684 5395 legis
698 5321 729 5375 et
749 5301 942 5388 Evangelii,
966 5298 1069 5369 Vitae
1082 5297 1157 5387 spi·
1179 5263 1183 5330 Ι
1204 5295 1334 5384 quilms
1359 5285 1527 5374 hactenus
1553 5285 1678 5355 versati
1702 5309 1836 5356 snmus.
1889 5286 2102 5379 (litationem
2126 5290 2204 5356 im·-

168 5424 307 5498 ritualis
328 5420 458 5494 officia,
484 5428 514 5482 et
535 5414 626 5480 vitae
643 5408 759 5477 civilis
780 5407 913 5481 officia,
940 5413 1155 5470 sacramenta
1178 5423 1183 5507 p
1206 5393 1376 5463 berillitas
1394 5387 1527 5475 ingenii
1549 5389 1638 5472 mei,
1662 5401 1695 5455 ct
1713 5383 1796 5456 haec
1813 5389 2118 5458 ‹vetustissimorum
2140 5393 2196 5460 si-

170 5546 203 5600 st
222 5520 413 5597 sacrificia?
439 5516 560 5611 Neque
578 5512 765 5609 quisquam
783 5506 867 5579 satis
883 5518 1007 5576 cautus
1027 5503 1095 5574 erit
1116 5501 1156 5571 in
1175 5513 1183 5581 1
1206 5514 1327 5566 rorum
1341 5488 1561 5584 frequentia,
1581 5514 1638 5559 me
1653 5516 1673 5560 a
1690 5492 1842 5561 dicendo
1858 5490 2055 5579 deterrent,
2074 5509 2193 5569 taurea

1275 4579 1307 4636 le
1323 4578 1436 4650 Quaest.
1446 4579 1480 4634 ab
1489 4540 1584 4632 haere
1597 4578 1663 4634 edit.
1681 4599 1709 4653 p.
1721 4579 1738 4633 9
1750 4577 1777 4637 ὓ.
1791 4599 1853 4654 sqq.
