4748 6022
65 262 144 339 ΞΜ
437 255 693 338 SCRIPTA
722 257 798 334 AD
825 254 1026 331 VITAM
1054 251 1128 331 ΕΤ
1162 252 1399 335 OBITUM
1433 254 1738 338 MELANTH.
2024 259 2102 339 2⁸4

62 457 152 505 nam
179 431 320 503 medico
348 430 505 519 iaciunt,
536 436 598 504 sed
629 446 777 505 eventus
798 444 918 523 postea
940 430 1063 501 docuit
1112 431 1196 502 illae
1219 433 1397 504 eiusmodi
1418 433 1559 521 fierent,
1590 447 1742 505 mortem
1763 432 1999 524 significarent
2024 454 2102 504 cer-

62 559 140 609 esse
154 533 255 605 illam
271 527 416 631 κρίσιν,
436 548 477 607 nt
490 535 621 606 medici
635 536 832 629 loquuntur
846 533 998 626 ἐλλειπῆ.
1112 535 1302 622 tissimum,
1333 537 1489 607 calculus
1512 550 1628 607 tamen
1655 531 1723 606 hoc
1741 549 1816 606 toto
1831 550 1991 628 tempore
2004 534 2038 605 ei
2051 534 2101 605 si-

170 634 305 709 Tristia
320 649 439 708 tamen
455 651 557 708 erant
570 637 735 731 inprimis
748 638 840 707 illud
860 636 1001 724 nigrum
1022 635 1061 703 in
1110 636 1187 706 mul
1211 629 1381 709 molestus
1405 662 1496 723 esse,
1528 653 1562 709 et
1585 639 1752 713 arenulae
1775 637 1945 710 omuibus
1974 635 2102 709 diebus

61 740 317 825 excrementis,
349 753 385 810 et
403 742 499 833 quod
525 752 604 831 post
624 763 873 834 paroxysmum
889 761 969 808 curn
986 736 1061 806 col·
1110 740 1252 829 copiose
1274 741 1433 826 excerni,
1459 742 1611 834 quadarn
1632 741 1738 811 etiam
1754 741 1813 810 die
1828 764 1868 811 ex
1885 740 2101 832 praeceden-

61 843 183 914 lueato
207 842 249 911 iu
272 840 393 915 sellam
413 856 496 912 aute
517 842 688 915 lectulum
704 843 805 912 cibus
823 839 854 910 ei
871 840 1060 932 praebere·
1110 841 1206 911 tibus
1226 841 1300 933 ipse
1326 865 1518 912 manustra
1543 855 1704 932 ereptum
1725 844 1901 914 calculum
1931 841 2101 912 dimidiae

60 939 146 1029 tur,
176 943 346 1039 quicquid
366 958 579 1016 assumserat
604 945 722 1016 statim
745 945 965 1027 revomebat,
992 937 1060 1010 hoc
1109 943 1219 1013 ferme
1234 945 1424 1014 lenticulae
1438 945 1684 1035 maguitudino
1700 944 1869 1016 afferebat
1884 957 1920 1015 et
1933 944 2100 1015 ostende-¹

62 1046 183 1132 enim,
214 1059 432 1140 quantopere
455 1046 646 1118 ventriculi
666 1046 781 1118 virtus
805 1045 936 1115 afflicta
958 1056 1059 1127 esset,
1108 1044 1169 1116 bat
1192 1047 1326 1122 amicis.
1379 1044 1485 1116 Talea
1509 1046 1618 1136 igitur
1631 1048 1757 1117 udnae
1774 1071 1855 1119 cum
1871 1046 2019 1117 luissent
2033 1066 2100 1115 an·

63 1148 260 1240 arguebat,
277 1149 484 1242 praesertim
509 1173 591 1220 cum
610 1173 691 1220 eum
708 1148 828 1219 eibum
844 1147 983 1218 vomitu
999 1168 1058 1214 re·
1107 1159 1182 1233 tea,
1206 1143 1275 1218 hoc
1292 1162 1449 1240 tempore
1464 1143 1530 1218 hae
1547 1173 1689 1242 quoque
1701 1150 1851 1235 mutari,
1876 1172 1993 1243 neque
2008 1146 2099 1217 illud

64 1251 206 1336 iiceret,
245 1276 318 1346 qun
346 1251 492 1322 suavius
518 1274 625 1344 quam
646 1251 723 1325 ullo
747 1250 818 1321 alio
839 1249 910 1318 illis
933 1248 1058 1318 diebus
1106 1250 1323 1321 feculentum
1339 1266 1373 1321 et
1386 1251 1527 1343 piceum
1542 1253 1585 1320 de
1601 1275 1672 1345 qno
1687 1274 1793 1344 supra
1809 1250 1965 1321 diximus
1977 1251 2018 1318 in
2032 1243 2100 1332 bis,

63 1353 159 1424 vesci
180 1352 337 1440 solebat,
360 1354 424 1448 qui
445 1367 521 1425 erat
535 1354 716 1424 fruetuum
732 1376 855 1423 eorum
869 1350 933 1446 qui
948 1351 1056 1419 limo·
1107 1375 1223 1447 neque
1247 1353 1414 1423 arenulae
1436 1354 1549 1443 magis
1576 1377 1745 1446 apparere
1771 1366 1806 1425 et
1832 1352 1998 1423 turbidae
2024 1362 2099 1420 es'se

36 1493 39 1497 ’
64 1478 131 1526 nes
142 1468 317 1528 vocantur
328 1455 420 1526 cocti
433 1480 514 1526 cnm
529 1455 615 1526 vino
630 1469 664 1526 et
678 1479 781 1527 croco
795 1475 947 1544 asperso,
969 1447 1057 1522 haec
1107 1457 1286 1542 desinere,
1311 1457 1372 1526 sed
1395 1455 1566 1548 limpidae
1590 1470 1695 1549 atque
1716 1458 1807 1526 bene
1822 1454 1999 1525 coloratae
2012 1475 2099 1522 con-

64 1557 198 1630 liebant
225 1571 307 1652 post
328 1553 455 1629 horam
477 1557 575 1629 illius
598 1557 673 1628 diei
695 1556 977 1652 pomeridianam
1001 1578 1057 1624 se-
1106 1558 1216 1650 spici,
1241 1582 1322 1629 cnm
1346 1558 1385 1626 iu
1407 1570 1559 1628 extrema
1582 1557 1766 1629 debilitate
1782 1571 1909 1628 natura
1925 1555 1965 1624 iu
1979 1552 2100 1624 morbi

63 1659 247 1732 cundem.
287 1657 415 1733 Postea
445 1661 483 1730 iu
513 1659 683 1731 lectulum
707 1681 868 1730 reversus
885 1656 1057 1728 dormivit
1107 1659 1291 1730 materiam
1311 1655 1406 1729 nihil
1433 1683 1576 1731 suarum
1608 1659 1741 1731 virium
1773 1670 1969 1750 exerceret,
2009 1651 2099 1727 haec

62 1763 235 1855 usquead
251 1761 430 1857 quintam,
454 1776 490 1834 et
505 1776 581 1836 tum
600 1763 640 1832 iu
654 1763 859 1835 cubiculum
873 1784 910 1830 se
927 1757 1056 1829 deduci
1105 1763 1216 1853 igitur
1229 1764 1350 1832 omnia
1368 1762 1487 1856 qualia
1503 1777 1617 1834 essent
1632 1761 1734 1833 facile
1751 1761 2032 1851 intelligebatur,
2057 1771 2099 1828 nt

61 1864 198 1949 voluit,
221 1864 286 1936 nbi
307 1862 416 1938 iacuit
435 1888 548 1960 nsque
568 1866 614 1935 ad
638 1865 732 1936 diem
748 1876 973 1958 sequentem,
996 1884 1056 1930 ea·
1106 1865 1242 1935 devita
1266 1865 1337 1934 iam
1361 1886 1506 1956 prorsus
1526 1866 1706 1956 desperari
1727 1865 1954 1959 inciperetur.
2016 1856 2098 1952 lpse

62 1989 131 2062 qne
154 1981 260 2038 nocte
284 1990 429 2038 sumnus
451 1968 611 2059 capiebat
631 1990 706 2037 uon
737 1968 883 2055 longos,
916 1963 1056 2057 aliquos
1106 1966 1212 2035 etiam
1234 1979 1415 2056 aegrotus,
1442 1967 1507 2037 etsi
1530 1981 1566 2037 et
1588 1979 1714 2053 antea,
1740 1967 1898 2037 sedtum
1919 1963 2033 2054 magis
2049 1962 2095 2031 ad

60 2082 201 2154 umen,
250 2066 323 2141 Sed
350 2069 385 2141 ei
416 2082 489 2140 tota
510 2066 628 2158 gravis
649 2068 737 2154 luit,
768 2063 982 2162 quaomnia
1006 2064 1055 2132 sic
1106 2081 1255 2139 mortem
1276 2080 1490 2159 separatum
1513 2069 1635 2138 animo
1653 2068 1887 2138 etvoluntate
1905 2064 2097 2157 profiteba-

58 2183 198 2242 mutata
221 2171 340 2257 fuere,
378 2183 420 2241 ut
446 2181 664 2239 metueretur
684 2191 731 2237 ne
755 2167 926 2260 septimus
949 2187 1057 2255 paro-
1106 2181 1183 2254 tur,
1216 2191 1368 2263 cumque
1388 2183 1470 2239 ante
1493 2169 1664 2241 lectulum
1685 2166 1810 2239 Pastor
1827 2166 2008 2238 Ecclesiae
2027 2186 2096 2233 no-

57 2295 206 2369 xysrnns
240 2271 414 2367 quiequid
447 2264 564 2340 adhuc
596 2269 775 2364 reliquum
807 2282 898 2338 esset
922 2265 1054 2336 virium
1105 2281 1198 2340 strae
1217 2293 1289 2340 nna
1314 2294 1396 2340 cum
1409 2269 1489 2340 aliis
1506 2271 1573 2339 sub
1593 2266 1716 2339 boram
1730 2269 1828 2338 illius
1844 2269 1917 2340 diei
1934 2278 2095 2338 octavam

58 2396 166 2446 omne
201 2384 443 2458 consumeret,
476 2371 514 2441 id
541 2372 639 2465 quud
671 2384 707 2443 et
729 2370 868 2443 accidit.
932 2366 1055 2460 ltaque
1105 2385 1252 2458 astaret,
1283 2374 1329 2442 de
1360 2366 1427 2441 hac
1452 2372 1576 2442 eadem
1603 2397 1660 2454 re,
1695 2385 1730 2443 et
1751 2371 1849 2467 quod
1874 2371 1920 2440 ad
1941 2380 2095 2439 mortem

58 2474 289 2547 metuebatur
317 2473 393 2545 dies
423 2472 524 2544 illins
545 2472 778 2566 postridiana.
838 2468 918 2562 Ipse
947 2468 1054 2539 etiam
1105 2487 1193 2544 esset
1217 2473 1337 2544 animo
1361 2463 1585 2558 confirmato,
1626 2475 1732 2543 verba
1755 2473 1924 2558 iaciebat,
1955 2484 1990 2540 et
2011 2492 2096 2539 mor

59 2590 225 2669 aegrotus
254 2576 363 2645 finem
390 2599 501 2668 prope
524 2598 599 2645 esse
618 2575 737 2644 dicere
758 2586 794 2645 et
815 2572 912 2642 inter
933 2593 1055 2663 preces
1104 2574 1239 2670 inquit:
1273 2571 1352 2666 Ego
1365 2571 1434 2645 Dei
1456 2575 1629 2645 beneficio
1643 2575 1785 2644 nullum
1803 2569 1917 2645 habeo
1933 2572 2095 2644 dolorem

59 2701 142 2752 snus
166 2676 375 2750 exclamare:
408 2674 566 2748 Domine
586 2677 641 2747 iac
656 2677 783 2762 linem,
807 2698 915 2769 qnam
932 2695 1054 2743 vocem
1104 2678 1359 2763 domesticum,
1399 2701 1471 2770 quo
1495 2678 1567 2747 iam
1591 2676 1817 2770 peculiariter
1838 2698 1957 2767 angar.
2015 2669 2097 2744 Etsi

10 2818 13 2851 t
55 2777 267 2870 Erasmum
281 2776 564 2853 Roterodamum
587 2780 628 2849 in
653 2800 820 2871 supremo
840 2776 905 2847 illo
925 2776 1054 2846 morbo
1105 2773 1195 2848 mihi
1216 2794 1341 2873 neptes
1365 2792 1401 2849 et
1424 2793 1570 2871 nepotes
1596 2774 1655 2851 hic
1670 2778 1887 2850 anteoculos
1903 2780 2096 2849 obversan-

10 2952 13 2959 ,
55 2908 124 2957 sun
153 2899 361 2974 usurpasse,
394 2881 499 2953 nobis
528 2881 720 2962 referebat,
751 2881 794 2949 ad
824 2877 1053 2949 novilunium
1104 2896 1183 2966 tur,
1209 2906 1299 2976 quus
1318 2883 1486 2952 ardenter
1504 2882 1633 2972 diligo,
1658 2895 1778 2953 tamen
1798 2906 1854 2951 me
1873 2877 1941 2951 boc
1967 2900 2096 2950 conso-

47 2986 181 3058 'sutem
194 2980 200 2991 ’
214 2986 311 3078 quod
345 2982 574 3076 impendebat
605 2984 650 3053 ad
672 2982 769 3053 diem
793 2982 838 3051 ab
858 3005 921 3062 eo,
954 2978 1054 3049 cuius
1103 2985 1216 3070 latur,
1248 2987 1345 3077 quod
1367 2983 1447 3076 pios
1470 2999 1633 3075 parentes
1654 2978 1810 3066 habeut,
1835 3007 1925 3077 quos
1945 2996 1980 3054 et
2001 2980 2097 3073 ipsos

56 3079 211 3161 buturia
226 3085 350 3158 iamin
362 3086 528 3157 manibus
543 3097 613 3170 est,
638 3084 823 3176 septimam
838 3082 881 3152 de
895 3080 1053 3175 periculo
1104 3085 1235 3176 diligo,
1264 3087 1327 3180 qui
1350 3111 1456 3157 curae
1482 3087 1565 3157 illos
1588 3087 1657 3157 sibi
1682 3110 1755 3157 esse
1778 3087 1977 3178 patientur,
2003 3082 2098 3153 sicut

58 3211 123 3261 suo
146 3187 392 3274 amicabatur,
422 3190 484 3258 sed
505 3186 616 3258 nimis
637 3187 772 3258 multae
795 3207 920 3256 causae
941 3196 1054 3265 erant,
1104 3183 1196 3258 mihi
1216 3183 1388 3259 hactenus
1408 3189 1571 3270 fuerunt,
1604 3191 1690 3260 dum
1710 3189 1823 3259 valui:
1856 3187 1928 3261 Sed
1951 3184 2097 3281 publica

58 3313 152 3386 qnae
182 3290 230 3361 ad
257 3289 351 3361 illud
379 3312 493 3385 usque
524 3304 665 3384 tempus
688 3288 856 3361 sustiueri
888 3287 1052 3357 morbum
1104 3289 1353 3376 meafficiunt‚
1379 3291 1544 3381 inprimis
1560 3315 1705 3385 eaquae
1722 3286 1792 3361 hoc
1808 3290 1902 3361 malo
1918 3304 1953 3361 et
1973 3282 2096 3379 sophi-

57 3414 163 3487 posse
178 3414 253 3465 non
269 3391 436 3464 sinebant
449 3416 601 3487 sperare.
652 3389 776 3486 ltaque
791 3389 956 3462 instantis
971 3412 1053 3480 par-
1105 3393 1193 3463 stico
1220 3394 1339 3464 seculo
1364 3393 1402 3461 in
1423 3389 1581 3485 Ecclesia
1606 3400 1894 3478 commoventur,
1931 3389 2002 3461 Sed
2026 3385 2095 3475 Dei

57 3493 199 3592 orysmi
226 3493 444 3587 postridiana
474 3496 699 3566 metuebatur
714 3491 777 3587 ²³),
821 3505 864 3564 nt
886 3490 1055 3573 diximus,
1104 3493 1276 3563 beneficio
1298 3494 1460 3564 doctrina
1485 3507 1605 3564 nostra
1624 3495 1795 3587 explicata
1811 3507 1873 3563 est.
1923 3488 1973 3560 Et
1987 3490 2096 3581 paulo

58 3620 168 3693 qnam
184 3607 304 3667 tamen
318 3609 354 3668 et
369 3594 481 3688 ipsam
496 3618 596 3667 mors
607 3609 647 3666 nt
657 3595 824 3665 audietur
837 3589 1053 3682 anticipavit
1104 3607 1184 3686 post
1204 3617 1397 3664 conversus
1420 3596 1463 3662 ad
1489 3608 1641 3666 astantes
1662 3596 1833 3689 quosdam
1861 3592 1967 3678 alios,
1998 3588 2096 3661 Deus

59 3696 171 3771 Mane
186 3696 382 3789 igiturdiei
398 3697 591 3791 sequentis,
616 3718 707 3791 quae
723 3694 794 3766 init
805 3693 941 3763 decima
957 3705 1054 3762 octa·
1103 3695 1240 3790 inquit,
1272 3697 1365 3766 vires
1387 3696 1558 3787 largiatur
1579 3697 1682 3769 vobis
1705 3695 1896 3766 iuvenibus
1920 3708 1957 3765 et
1978 3694 2097 3764 videte

57 3795 259 3895 ndprilts
275 3812 310 3869 et
326 3796 477 3873 Calend.
489 3796 580 3868 Maii
605 3795 744 3869 decima
765 3809 909 3890 quarta,
934 3816 1054 3865 surre-
1104 3810 1146 3868 nt
1167 3811 1260 3869 recte
1282 3793 1338 3868 bis
1356 3799 1519 3870 utamini.
1571 3794 1706 3869 Eadem
1731 3799 1791 3867 die
1814 3812 1848 3870 et
1870 3821 1911 3867 ex
1929 3795 2096 3887 neptibus

58 3902 112 3973 xit
130 3894 222 3973 ltora
245 3912 372 3994 quarta
393 3900 486 3971 etad
501 3899 670 3971 lectulum
687 3899 725 3968 in
739 3920 885 3969 musaeo
900 3897 1052 3969 alterum
1104 3899 1251 3970 filiolam
1274 3915 1360 3972 natu
1378 3902 1568 3973 maximam
1583 3900 1702 3992 generi
1719 3899 1867 3970 Pcueeri
1882 3913 1965 3972 ante
1983 3899 2097 3968 lectu·

60 4002 248 4076 decubitns
262 4000 386 4073 diurni
400 4003 575 4074 deductus
590 4015 655 4086 est,
680 3999 730 4072 ibi
748 4025 829 4071 curu
844 4022 961 4092 neque
974 3997 1053 4067 ani·
1104 4003 1180 4073 lum
1201 4003 1447 4075 obversantem
1470 4003 1521 4074 sic
1545 4004 1748 4095 compellat,
1777 4015 1818 4073 ut
1841 4001 1904 4096 qui
1927 4024 2005 4072 eam
2027 4022 2096 4091 po-

58 4130 121 4176 ruo
142 4103 280 4177 deiecto
300 4102 482 4176 videretur
495 4117 531 4176 et
546 4104 708 4174 sensibus
723 4116 884 4175 uteretur
898 4102 1053 4201 integer·
1104 4118 1277 4178 strumum
1290 4107 1474 4176 salutaret:
1500 4102 1578 4196 Ego
1593 4106 1700 4176 dilexi
1716 4120 1751 4176 te
1766 4105 1896 4197 inquit,
1921 4101 2098 4188 mantilia,

58 4205 184 4294 rimis,
208 4204 340 4277 virium
362 4217 483 4276 tamen
499 4205 725 4287 imbecillitas
739 4207 931 4276 admodum
947 4225 1054 4292 ange·
1103 4207 1185 4277 vide
1203 4220 1244 4277 ut
1258 4208 1352 4278 colas
1369 4223 1532 4301 parentes
1547 4222 1627 4279 tuos
1642 4221 1677 4278 et
1692 4207 1868 4297 morigera
1884 4205 1935 4274 eis
1947 4205 2047 4275 vivas
2062 4217 2097 4277 et

58 4308 192 4383 scebat.
222 4303 301 4379 Hac
314 4307 424 4399 igimr
438 4309 484 4380 de
498 4331 601 4380 causa
614 4307 768 4381 lectulus
779 4307 840 4377 ille
856 4306 896 4375 in
910 4328 1053 4375 musaeo
1102 4308 1229 4379 timeas
1242 4305 1379 4395 Deum,
1404 4309 1435 4379 is
1457 4324 1490 4381 te
1512 4334 1586 4381 non
1605 4311 1753 4384 deseret.
1805 4306 1913 4381 Hursc
1927 4332 1991 4378 orn
2007 4319 2096 4377 ntte

58 4409 240 4503 apariete
261 4412 498 4482 removendus
519 4422 594 4481 erat
615 4425 651 4483 et
670 4412 719 4483 ita
742 4409 987 4493 collocandus,
1011 4420 1055 4478 ut
1105 4423 1247 4482 tueatur
1273 4425 1308 4482 et
1334 4412 1521 4483 benedicat
1543 4412 1620 4484 tibi
1688 4409 1851 4482 Caeteros
1875 4411 1979 4482 etiam
2007 4420 2097 4480 natu

58 4510 258 4606 utrisqnea
277 4512 439 4605 partibus
453 4534 609 4584 accessus
625 4514 670 4583 ad
687 4536 769 4583 cum
784 4525 929 4605 pateret,
956 4511 1053 4605 quod
1102 4512 1259 4584 minores
1283 4514 1496 4585 familiarius
1519 4515 1837 4608 complectebatur,
1864 4512 1955 4581 filiae
1977 4526 2096 4581 antem

55 4629 182 4686 tamen
202 4611 464 4686 incommodior
485 4614 547 4684 ille
574 4615 772 4698 videretur,
804 4636 950 4706 prorsus
975 4626 1051 4682 tum
1103 4612 1374 4688 commendabat
1402 4617 1590 4703 maritum,
1627 4617 1819 4708 omniaque
1850 4614 1899 4684 ita
1922 4614 2041 4683 dicere
2062 4626 2097 4684 et

56 4729 219 4787 remotus
241 4715 330 4801 fuit,
353 4729 390 4787 et
412 4718 588 4811 repositus
603 4719 695 4789 alins
711 4719 756 4787 de
772 4740 900 4807 genere
916 4739 1052 4794 eorum,
1102 4718 1216 4786 lacere
1224 4769 1240 4806 ,
1265 4731 1306 4790 ut
1327 4719 1389 4814 qui
1409 4743 1450 4789 ex
1466 4715 1531 4790 hac
1548 4721 1619 4790 vita
1637 4719 1871 4806 migraturum
1887 4739 1923 4784 se
1937 4714 2096 4791 sentiret.

57 4816 125 4913 qni
139 4817 282 4888 viatorii
296 4842 316 4889 a
330 4820 460 4890 nostris
475 4815 682 4890 homiuibus
697 4819 933 4912 appellantur,
955 4817 1051 4911 spraud
1103 4817 1343 4891 Mittebantnr
1364 4823 1484 4891 eadem
1508 4823 1567 4890 die
1590 4820 1712 4889 literae
1728 4820 1769 4886 ad
1791 4812 2011 4887 luachimum
2025 4816 2095 4889 Ca-

56 4921 99 4990 in
124 4919 318 4992 itineribus
339 4921 465 4992 talium
481 4943 565 4991 usus
582 4923 639 4992 sit.
690 4919 734 4990 ln
751 4917 943 4991 bunccum
962 4929 1051 4987 esset
1102 4921 1294 4991 mererium
1309 4920 1477 5014 Lipsiam‚
1504 4923 1635 5016 quibus
1646 4921 1868 4991 scribebatur
1883 4921 1936 5006 ei,
1961 4921 1991 4990 si
2006 4916 2095 4990 Phi·

56 5021 272 5104 cullocatus,
309 5016 369 5093 hic
388 5022 507 5116 inquit
528 5022 702 5094 viatorius
724 5024 874 5093 lectulus
895 5021 1053 5111 appella·
1103 5022 1240 5112 lippum
1255 5020 1525 5094 Melantbonem
1548 5024 1668 5091 vivum
1692 5023 1812 5092 videre
1833 5024 1956 5106 vellet,
1980 5036 2094 5092 utre-
2200 5032 2205 5049 “

55 5139 140 5205 tur,
165 5124 298 5216 quidsi
316 5124 353 5194 in
369 5120 438 5196 hue
451 5126 613 5215 migrem.
664 5121 800 5196 Urinae
814 5139 894 5194 ante
911 5125 1054 5192 fererant
1103 5122 1303 5192 versionem
1329 5128 1373 5195 ad
1398 5148 1463 5193 nos
1488 5125 1712 5206 acceleraret,
1738 5127 1802 5194 etsi
1818 5125 2023 5196 tabellarius
2038 5146 2094 5191 se·

54 5226 244 5312 turbidae,
281 5241 322 5299 ut
344 5228 518 5315 diximus,
549 5241 584 5298 et
608 5227 696 5298 tales
719 5239 760 5297 ut
781 5226 850 5295 nisi
875 5249 895 5295 a
916 5223 1052 5294 calculo
1103 5227 1179 5295 rins
1202 5248 1360 5313 egressus
1385 5250 1491 5327 qnam
1515 5228 1726 5317 promiserat
1748 5229 1867 5299 literas
1890 5229 1969 5325 illas
1990 5224 2093 5295 tertia

1102 5328 1259 5419 primum
1293 5329 1353 5398 die
1383 5342 1462 5419 post
1492 5331 1666 5414 reddidit,
1700 5332 1763 5426 qni
1791 5346 1911 5402 tamen
1936 5327 2094 5397 etiamsi

86 5457 137 5529 25)
153 5455 199 5513 sd.
216 5457 254 5512 ta
278 5471 313 5512 eo
328 5456 520 5512 metuantur.
1102 5430 1208 5501 iidem
1227 5430 1475 5524 praestitisset,
1506 5431 1566 5505 vix
1591 5433 1763 5528 potuisset
1788 5427 1989 5502 lucebimus
2011 5442 2095 5501 ante
