4748 6022
57 307 160 383 ¹ns
405 339 406 342 κ
673 229 1101 392 ouansrtotvus
1132 277 1525 373 acaunurcan
1955 294 1957 298 ’
2039 295 2116 374 rso

84 479 327 575 partirentur,
363 474 429 545 etsi
452 475 540 570 quid
566 475 702 545 deesset
731 497 752 543 a
777 473 914 566 periodi
948 471 1074 543 solaris
1096 485 1100 602 Ι
1122 482 1243 542 centos
1258 470 1681 566 sexagintaquinqnedies
1695 473 1919 545 extendatur.
1952 471 2025 544 Nec
2043 474 2110 544 du·

84 581 317 678 perfectione,
339 578 435 673 quod
463 576 607 649 collatio
628 576 855 655 ostendebat,
882 577 1074 668 explerent.
1121 574 1218 660 bito,
1245 568 1354 644 huius
1370 574 1458 644 anni
1473 574 1779 659 observationem,
1804 596 1928 657 usum,
1950 578 2111 669 adeoque
2177 661 2181 669 v

83 685 182 758 Hinc
198 684 294 774 apud
309 693 431 769 gentes
448 679 617 773 reliquas,
643 678 773 773 quibus
790 678 829 748 in
845 701 912 750 usu
926 679 1074 750 suerunt
1121 689 1231 748 totam
1248 677 1424 748 rationem
1447 701 1467 747 a
1483 676 1607 768 primis
1622 678 1740 770 primo
1757 701 1917 748 manasse
1931 676 2109 764 Patribus,

84 789 246 861 Lunares
269 783 375 866 anni,
411 783 551 853 dierum
576 785 656 856 τῶν
681 775 938 854 scanderat
957 777 1072 876 ὑπερ·
1122 792 1157 850 et
1179 780 1338 870 exemplo
1357 777 1505 849 Patrum
1533 782 1579 850 ab
1606 779 1799 851 artificibus
1822 793 1943 872 postea
1979 803 2107 872 magna

83 889 305 987 βαινουσῶν
322 885 435 973 origo.
486 878 649 954 Omnino
667 883 777 975 igitur
788 884 965 954 rationem
985 882 1072 954 anni
1121 905 1204 952 cura
1222 904 1361 972 semper
1376 894 1618 953 conservatam
1636 877 1765 968 luisse,
1790 896 1831 953 nt
1845 884 1937 952 veris
1954 897 1988 955 et
2005 882 2106 955 iustis

86 992 214 1062 veteris
229 990 268 1058 in
284 986 418 1081 populo
431 982 501 1057 Dei
523 1011 565 1056 ex
579 986 766 1081 utriusque
789 986 939 1058 luminis
958 987 1072 1057 cursi-
1121 983 1248 1076 spaciis
1278 984 1386 1053 series
1405 997 1606 1075 temporum
1632 984 1746 1055 divisa
1781 999 2037 1077 propagaretur
2061 987 2107 1055 ad

84 1097 153 1165 bus
169 1094 357 1162 deductam
374 1089 502 1174 fuisse,
526 1102 633 1183 atque
648 1089 880 1181 compositam
897 1088 1072 1175 existimo,
1120 1101 1296 1178 posteros,
1329 1081 1601 1157 Astronomicae
1624 1087 1807 1160 doctrinae
1828 1110 1951 1173 causa,
1976 1087 2033 1158 cui
2060 1087 2105 1156 ad

85 1199 135 1266 ita
152 1209 193 1267 ut
208 1215 412 1288 quanquam
429 1213 569 1261 menses
584 1194 629 1262 de
643 1189 768 1262 Lunae
791 1191 1071 1262 indicationibus
1120 1186 1409 1259 observationum
1430 1188 1676 1276 collationem,
1702 1191 1870 1284 (quarum
1895 1189 2108 1261 certitudine

86 1296 357 1378 distribuerint,
389 1292 557 1385 periodos
590 1307 710 1364 tamen
734 1293 888 1381 integras
914 1293 999 1363 solis
1025 1294 1070 1362 ad
1119 1291 1250 1362 veritas
1265 1292 1450 1362 doctrinae
1465 1289 1609 1385 nititur)
1620 1291 1791 1387 exquisita
1805 1315 1982 1362 annorum
2002 1313 2105 1383 prae-

85 1397 301 1493 aequinoctii
315 1408 488 1489 punctum
506 1395 642 1480 reditu,
658 1395 878 1481 definierint,
895 1409 930 1466 et
944 1419 1071 1466 secun·
1119 1395 1305 1465 teritorum
1321 1393 1497 1464 dimensio
1520 1396 1671 1466 maxime
1686 1394 1880 1464 necessaria
1901 1406 1963 1463 est.
2016 1391 2107 1464 Cae-

85 1506 172 1574 dum
195 1496 259 1570 has
273 1499 439 1591 periodos
459 1521 573 1568 annos
589 1499 824 1572 numerarint.
874 1495 951 1570 Cur
974 1496 1070 1567 enim
1119 1511 1214 1567 terae
1235 1510 1355 1587 gentes
1375 1520 1460 1567 vero
1482 1498 1675 1591 antiquam
1689 1491 1783 1566 hanc
1811 1495 1971 1589 patribus
1985 1495 2105 1566 usita-

87 1630 152 1675 ceu
179 1601 318 1692 gemina
340 1600 555 1693 praefixisset
581 1600 711 1673 initia?
761 1596 811 1672 Et
838 1601 983 1694 quidem
1006 1623 1071 1670 cur
1119 1613 1190 1669 tam
1208 1599 1294 1667 anui
1312 1599 1534 1670 notationem
1559 1615 1594 1670 et
1610 1598 1900 1670 distributionem
1917 1597 2105 1690 pleraeque

87 1708 257 1790 alterum,
297 1705 393 1797 quod
430 1701 468 1771 in
501 1703 595 1773 diem
627 1702 843 1798 aequinoctii
872 1703 1071 1788 collocavit,
1120 1701 1336 1771 mutilarunt
1357 1723 1397 1771 ae
1419 1702 1669 1794 depravarunt.
1719 1698 1991 1772 Constituerunt
2016 1699 2106 1768 aliae

86 1806 322 1900 praemisisset
347 1805 449 1876 alteri
462 1801 578 1891 Deus,
604 1806 634 1876 si
653 1830 729 1877 non
751 1808 795 1876 ad
809 1804 905 1876 Solis
927 1828 1069 1875 cursum
1119 1803 1188 1873 alia
1221 1802 1344 1890 initia,
1385 1800 1517 1874 Graeci
1548 1798 1690 1902 τροπὰς
1717 1797 1882 1900 θερινὰς.
1948 1799 2106 1876 Romani

87 1908 247 1981 revocari
267 1921 304 1999 et
316 1908 431 1999 redigi
444 1931 621 1978 annorum
634 1909 802 2000 periodos
816 1906 1013 1977 voluisset?
1118 1903 1309 1990 Brumam,
1334 1907 1543 1977 autumnale
1559 1907 1823 2001 aequinoctium
1842 1902 1990 1976 Asiatici
2017 1902 2104 1973 anni

196 2008 300 2081 Hanc
324 2011 370 2079 ab
392 2009 616 2102 aequinoctio
634 2033 744 2079 verno
768 2009 853 2078 anni
870 2003 1070 2080 inchoatio-
1118 2009 1336 2099 principium
1373 2008 1546 2080 iecerunt.
1614 2005 1779 2104 Aegyptii
1819 2021 1854 2078 et
1894 2004 2134 2102 Babylonii„

86 2137 167 2183 uem
183 2126 218 2184 et
232 2111 511 2194 dimensionem,
536 2125 577 2181 ut
590 2110 886 2204 antiquissimam,
911 2135 1071 2181 commo-
1118 2133 1320 2204 quanquam
1333 2110 1510 2202 principio
1525 2135 1606 2195 cum
1619 2111 1754 2203 populo
1762 2106 1829 2180 Dei
1845 2120 2106 2180 convenerunt:

85 2215 284 2298 dissimam,
310 2226 344 2282 et
371 2211 601 2282 certissimam
615 2207 780 2285 Artifices
805 2225 884 2305 post
906 2214 1069 2282 omnium
1119 2226 1236 2282 tamen
1246 2213 1418 2305 reliquam
1429 2225 1538 2283 totam
1547 2213 1724 2283 rationem
1737 2225 1932 2285 mutarunt.
1960 2209 2104 2301 Quippe

84 2331 285 2407 temporum
315 2312 458 2406 sequuti
489 2327 594 2401 sunt,
631 2328 668 2386 et
701 2315 937 2399 retinuerunt.
997 2312 1069 2386 Sed
1119 2339 1159 2384 ex
1182 2314 1351 2383 solarium
1374 2326 1514 2384 tantum
1536 2326 1698 2384 motuum
1722 2314 1868 2405 periodo
1890 2335 2025 2383 annum
2047 2311 2106 2382 di-

84 2441 167 2488 cum
194 2439 234 2486 ea
259 2414 466 2496 intervalla,
503 2439 593 2508 quae
625 2417 870 2488 reductionem
896 2414 993 2487 Solis
1024 2417 1069 2486 ad
1119 2416 1295 2486 variatum
1310 2415 1594 2512 conflatumque,
1617 2429 1652 2487 et
1668 2439 1749 2485 eum
1766 2417 1913 2510 quidem
1931 2413 2104 2508 aequabi-

85 2520 181 2589 idem
214 2515 432 2610 aequinoctii
459 2531 631 2608 punctum
659 2518 891 2598 metirentur,
933 2517 1070 2587 variare
1120 2518 1209 2604 lem,
1245 2541 1285 2587 ac
1320 2531 1559 2589 trecentorum
1599 2518 1937 2612 sexagintaquinque
1967 2517 2106 2587 diemm

10 2669 17 2675 -
84 2612 421 2713 deprehendissent,
446 2617 551 2703 inde,
584 2623 680 2715 quod
706 2620 888 2714 inaequali
908 2632 1008 2690 motu
1031 2620 1068 2687 in
1120 2619 1337 2710 integrorum
1353 2643 1504 2690 numero
1519 2615 1812 2713 comprehensum
1827 2621 1950 2692 inusu
1966 2614 2104 2689 habue-

74 2722 330 2815 praeccdentia
353 2720 660 2813 aequinoctiorum
675 2735 805 2814 puncta
822 2734 1070 2814 proreptarcnt
1119 2735 1216 2793 runt.
1269 2717 1343 2792 llos
1363 2721 1426 2815 qui
1447 2717 1636 2793 ⁸annuatim
1661 2722 1866 2794 redundant
1879 2723 2104 2816 quadrantes,

84 2823 337 2895 antevertendo
358 2822 478 2892 stellas
497 2823 715 2910 inerrantes,
748 2822 883 2917 Solque
906 2825 945 2892 in
968 2838 1071 2895 motu
1119 2847 1192 2893 non
1210 2823 1283 2892 illis
1299 2825 1343 2894 ad
1359 2848 1449 2917 quos
1461 2825 1660 2917 pertinent,
1686 2825 1792 2895 annis
1807 2825 2028 2896 vertentibus
2045 2846 2104 2892 ac·

84 2950 205 2997 annuo
222 2919 434 3018 ἅνομαλίαν
450 2947 533 3017 prae
556 2948 592 2996 sc
612 2926 722 2996 ferret
737 2950 811 2995 non
828 2925 1009 3014 exiguam,
1036 2939 1071 2996 et
1119 2942 1353 3011 censuerunt,
1386 2951 1451 2997 nec
1483 2939 1625 3021 quarto·
1643 2928 1770 3021 quovis
1792 2950 1887 2996 anno
1914 2938 2032 2996 exacto
2065 2926 2105 2994 in

84 3039 308 3099 mutarentur
324 3041 401 3098 tum
417 3026 570 3097 imarum
595 3050 885 3121 summorumque
906 3027 1070 3097 absidum
1120 3051 1233 3097 unum
1268 3029 1488 3120 collegerunt
1518 3029 1646 3114 diem,
1666 3031 1725 3104 sed
1759 3043 1839 3121 post
1871 3029 2105 3099 circumactae

84 3128 199 3216 Solis,
223 3153 286 3199 seu
300 3129 446 3221 apogaci
467 3141 501 3200 et
525 3128 678 3221 perigaei
701 3131 820 3215 sedes,
845 3143 920 3200 tum
945 3127 1070 3201 ἐκκεν·
1123 3127 1222 3201 1460
1246 3131 1519 3222 talesperiodos
1534 3154 1691 3218 annuas,
1717 3131 1756 3200 in
1771 3156 1883 3201 unum
1911 3131 2131 3202 coniunxe--

84 3225 218 3327 τρότης
239 3231 359 3315 orbis,
392 3230 493 3300 cuius
516 3243 618 3304 motu
639 3230 703 3303 sot
734 3226 1070 3312 circumveherctur,
1121 3245 1206 3302 runt
1229 3254 1363 3301 annum
1399 3233 1547 3304 totidem
1579 3233 1706 3304 diebus
1731 3234 1928 3305 definitum.
1992 3231 2106 3302 Voca-

84 3335 156 3405 duo
179 3333 319 3403 diversa
342 3332 446 3403 initia
467 3333 705 3405 aestimationi
735 3335 1070 3428 ctdinumerationi
1122 3346 1275 3427 runtque
1307 3329 1401 3404 hanc
1442 3336 1538 3407 1461
1574 3336 1761 3426 periodum
1794 3333 1922 3406 Gracci
1949 3329 2106 3408 κυνικὸν

84 3459 262 3506 annorum
280 3434 547 3527 praefinierunt,
572 3461 687 3509 unum
703 3449 875 3527 punctum
894 3436 1070 3532 aequino-
1122 3430 1314 3521 ἐνιαυτὸν,
1342 3461 1362 3506 a
1383 3434 1498 3516 Cane,
1527 3439 1590 3530 qui
1609 3437 1832 3526 exoriebatur
1846 3462 1926 3506 cum
1943 3434 2026 3507 Sole
2049 3437 2107 3505 die

85 3537 146 3607 ctii
178 3538 299 3624 verni,
331 3538 484 3608 alterum
517 3536 755 3608 inerrantium
788 3538 969 3609 stellarum
1003 3536 1071 3607 ali·
1121 3537 1291 3617 Solstitii,
1309 3561 1380 3630 quo
1396 3550 1553 3628 tempore
1567 3533 1800 3631 Olympiades
1814 3539 1996 3608 institutae
2011 3550 2106 3621 sunt,

84 3662 209 3731 quam,
236 3652 358 3730 utpote
370 3640 523 3730 primam
539 3639 677 3708 stellam
693 3635 919 3732 ἄστερισμοῦ
935 3635 1070 3709 Arietis
1121 3663 1139 3708 a
1160 3662 1309 3732 quarum
1333 3638 1439 3708 initio
1459 3662 1572 3732 usque
1591 3641 1636 3716 ad
1661 3639 1747 3708 anni
1773 3637 1904 3709 Iuliani
1928 3640 2106 3709 instaura-

84 3754 227 3811 octavae
262 3735 461 3831 Sphaerac,
492 3752 736 3833 vocaruntque
764 3738 935 3821 Annum,
967 3738 1071 3811 Side·
1120 3741 1254 3810 tionem
1277 3739 1467 3811 dimidium
1487 3741 1574 3811 anni
1596 3745 1753 3814 κυνικοῦ
1775 3743 2015 3833 praeterierat.
2055 3734 2103 3812 Et

82 3866 205 3926 reum,
240 3840 399 3932 spacium
426 3841 616 3932 temporis,
654 3866 726 3935 quo
749 3840 813 3914 Sol
844 3844 888 3910 ad
921 3843 1069 3913 eandem
1120 3842 1381 3914 distribuerunt
1395 3838 1493 3913 hunc
1509 3833 1647 3913 annum
1665 3845 1846 3938 aequalem
1864 3845 1901 3912 in
1918 3845 2103 3914 duodecim

84 3944 221 4014 stellam
246 3941 462 4013 inerrantem
477 3942 574 4013 orbis
590 3942 646 4014 sui
663 3943 893 4014 conversione
909 3944 1070 4014 revolve-
1121 3945 1285 4039 aequales
1304 3968 1460 4031 menses,
1484 3947 1523 4014 in
1536 3968 1625 4040 quus
1639 3946 1798 4036 singulos
1816 3947 1957 4036 triginta
1974 3945 2106 4015 retule-

83 4059 192 4118 rctur.
219 4043 328 4133 Quod
337 4045 494 4136 spacium
505 4046 1070 4137 comperemntobservatiunibus
1121 4059 1206 4118 runt
1222 4046 1314 4132 dies,
1337 4048 1534 4140 superfluos
1558 4046 1717 4142 quinque
1741 4048 1826 4117 anni
1848 4049 2001 4118 termino
2022 4059 2104 4116 ante

84 4146 270 4240 complecti
288 4142 364 4219 565
390 4147 484 4230 dies,
511 4144 570 4218 15.
583 4147 750 4240 scrupula
778 4149 911 4240 prima,
937 4146 1000 4222 24.
1015 4173 1070 4218 se·
1122 4171 1280 4219 mensem
1305 4144 1430 4220 Thoth
1454 4164 1791 4221 annumeravemnt.
1847 4149 2018 4220 Meminit
2038 4143 2106 4244 ho-

85 4252 218 4332 cunda,
247 4247 307 4324 10.
334 4248 454 4321 tcrtia:
490 4271 552 4320 seu
572 4245 680 4320 horas
701 4249 979 4344 aequinoctiales
1000 4274 1071 4338 sex,
1122 4273 1204 4320 rum
1238 4250 1414 4320 mensium
1444 4252 1484 4322 in
1515 4250 1660 4323 Solonis
1699 4248 1847 4325 historia
1889 4250 2104 4325 Herodotus.

84 4352 249 4444 scrupula
266 4352 380 4444 prima
402 4374 549 4439 novem,
574 4353 729 4423 secunda
751 4350 813 4425 40.
836 4353 927 4422 lere:
953 4366 988 4423 et
1010 4350 1070 4422 vix
1122 4351 1336 4447 Quanquam
1351 4364 1469 4423 autem
1485 4372 1685 4445 congruens
1700 4355 1795 4425 inter
1809 4353 1904 4425 inter
1927 4375 1963 4423 se
1977 4377 2105 4446 perpe-
2170 4410 2185 4457 δ

84 4454 207 4525 multis
228 4449 333 4524 annis
354 4454 510 4526 decursis
531 4469 637 4550 atque
658 4452 787 4524 exactis
801 4454 1067 4551 aliquantulum
1121 4468 1184 4526 tuo
1199 4455 1341 4525 dierum
1357 4455 1443 4524 anni
1461 4479 1651 4540 numerus,
1672 4470 1713 4527 ut
1727 4456 1909 4547 ingeniose
1925 4455 2114 4547 cogitatus,

84 4556 241 4639 variare,
267 4552 302 4626 et
325 4578 402 4640 eam
435 4570 554 4626 tamen
585 4556 819 4630 variationem
851 4556 968 4647 exigui
995 4579 1069 4627 esse
1121 4556 1173 4627 sic
1191 4557 1436 4629 notationibus
1455 4571 1672 4650 temporum,
1697 4572 1732 4629 et
1749 4558 1931 4652 inprimis
1948 4559 2106 4628 conden-

83 4656 267 4725 momenti.
321 4652 508 4751 Τροπικὸν
532 4684 635 4742 vero,
665 4659 722 4728 vel
743 4653 922 4756 χρονικὸν
946 4657 1068 4732 irruu—
1121 4659 1177 4729 dis
1194 4672 1356 4730 motuum
1372 4660 1577 4731 coelestium
1602 4661 1798 4732 canonibus
1823 4661 2106 4730 accommodatus
2155 4711 2158 4715 ν

83 4752 153 4828 τὸν
168 4749 422 4854 φαινόμενον,
448 4774 642 4830 vertentem
664 4761 720 4831 vel
738 4764 988 4855 temporalem,
1013 4761 1070 4831 vel
1121 4759 1210 4847 suit,
1232 4760 1334 4832 cuius
1350 4760 1403 4831 rei
1417 4763 1574 4834 studium
1591 4765 1683 4852 apud
1700 4756 1894 4853 Aegyptios
1919 4760 2106 4850 praecipue

82 4859 282 4930 naturalem
307 4882 442 4929 annum
465 4875 693 4952 apparentem
714 4864 950 4934 nominarunt
977 4886 1074 4946 eum,
1123 4861 1254 4950 viguit:
1279 4875 1399 4933 tamen
1422 4864 1461 4934 in
1481 4863 1787 4957 aequinoctiorum
1815 4874 1852 4931 et
1873 4861 2107 4931 solstitiorum

84 4985 191 5055 quem
209 4974 310 5031 antea
325 4961 481 5030 diximus
497 4959 592 5032 Solis
611 4984 675 5052 per
688 4960 884 5034 Zudiacum
908 4965 1070 5047 decursu,
1122 4963 1292 5033 contiuua
1314 4966 1412 5035 velut
1436 4963 1649 5052 migratione
1670 4976 1704 5033 et
1729 4962 1956 5033 oberratione
1969 4963 2106 5058 aliquid

82 5062 356 5158 reversioncque
380 5063 424 5132 ad
449 5061 544 5131 idem
573 5061 788 5155 aequinoctii
811 5076 984 5158 punctum
1007 5064 1069 5132 dc·
1122 5063 1190 5134 fuit
1204 5064 1434 5142 incommodi.
1485 5060 1624 5135 Omnes
1640 5065 1735 5135 enim
1752 5065 1838 5135 anni
1855 5089 1996 5137 menses
2020 5062 2108 5135 haec

81 5165 190 5237 scribi
214 5178 249 5235 et
269 5160 524 5258 comprehendi
554 5164 838 5261 mutationesque
873 5187 947 5233 non
982 5186 1068 5235 con·
1123 5179 1300 5237 momenta
1315 5169 1581 5260 perreptabant‚
1608 5181 1737 5261 quarto
1752 5168 1880 5262 quovis
1896 5193 1991 5239 anno
2014 5189 2106 5237 nova

81 5271 291 5338 temnendae
316 5269 573 5360 propemodum
602 5265 787 5336 annuatim
812 5265 967 5361 perpeti,
1001 5261 1070 5336 huc
1123 5267 1336 5358 migratione
1359 5271 1402 5338 ad
1427 5271 1672 5362 insequentem
1696 5272 1857 5343 traducta
1884 5271 1998 5356 diem,
2027 5283 2109 5362 post
2168 5300 2177 5309 ·

82 5383 155 5453 est,
180 5371 364 5462 promgari
381 5372 487 5456 alias,
513 5370 602 5440 alias
619 5368 815 5449 decurtari,
842 5370 989 5439 adeum
1014 5381 1069 5440 ta·
1122 5384 1204 5443 ante
1227 5369 1409 5443 delinitam
1434 5368 1626 5465 periodum
1648 5372 1817 5466 pristinas
1840 5375 1983 5443 demum
2010 5374 2110 5443 sedes

83 5490 167 5542 men
184 5476 351 5560 modum,
370 5496 416 5544 nc
431 5472 526 5545 ultra
538 5471 859 5566 dieiquadrantem
873 5495 980 5563 supra
996 5485 1069 5551 tre·-
1120 5472 1390 5566 recuperabant.
