4748 6022
265 254 341 333 74'1
852 237 1277 334 QUAESTI‘ONES
1309 236 1715 326 acananttcau
2087 230 2091 241 ’
2224 239 2307 316 748

162 497 163 500 ,
269 424 425 522 pedicior
453 421 498 493 sit
524 419 614 491 ratio
650 414 781 487 iuliani
806 414 913 498 anui,
945 437 1052 506 quam
1082 410 1257 485 Massici?
1307 417 1396 500 cris,
1423 412 1705 485 ceremoniarum
1727 413 2021 493 tractationibus,
2046 426 2081 484 et
2095 413 2309 486 solennium

272 529 433 602 lulianus
457 520 565 596 habet
589 534 725 592 certum
748 517 845 591 initii
861 516 955 586 diem
977 516 1016 585 in
1031 513 1258 600 Calendario,
1307 518 1537 591 celebrationi
1552 516 1738 597 festorum,
1756 531 1833 587 tum
1842 516 1961 607 operis
1969 515 2176 587 domesticis
2191 519 2309 608 aptis-

271 630 452 706 Mosaicus
482 639 618 697 certum
643 621 740 691 initii
760 619 855 691 diem
877 641 953 688 non
986 613 1160 704 habebat,
1194 619 1257 688 sed
1308 622 1396 693 sime
1423 634 1667 711 congruentes.
1718 616 1771 691 Ee
1798 619 1837 688 iu
1861 642 1900 689 rc
1925 617 2098 709 sapientia
2122 623 2309 713 expeuda-

272 733 487 812 variabatur,
500 742 543 800 ut
557 723 786 797 novilunium
798 721 999 814 proximum
1014 721 1256 815 aequinoctio.
1311 741 1370 798 [ur
1388 725 1535 796 arrtoris,

273 836 505 928 Vagabantur
526 843 560 902 ct
580 849 737 913 menses,
768 824 841 910 ita,
871 836 913 894 ut
935 847 977 892 ex
1000 822 1145 894 aestivis
1166 845 1257 914 pene
1412 825 1461 900 Ut
1482 825 1602 898 Solem
1616 822 1714 895 Deus
1728 825 1895 895 conditor
1910 822 2025 892 annui
2046 822 2158 915 spacii
2172 825 2304 913 gratis-

272 935 429 1034 hyberni
456 936 592 1005 fierent.
655 928 840 1001 Caeterum
865 923 1047 997 Massicus
1069 925 1192 997 oculos
1218 924 1258 995 in
1309 929 1418 1000 simas
1436 929 1548 1015 vices,
1573 951 1660 1022 quas
1679 922 1919 1022 cipchraeci
1935 937 2088 1008 vocant,
2110 925 2256 998 efficere
2269 953 2308 1000 ac

273 1041 412 1114 coelum
427 1099 430 1103 ,
446 1037 624 1128 rapiebat,
663 1033 809 1104 iubebat
839 1028 1006 1100 attentius
1041 1027 1150 1120 aspici
1182 1051 1258 1097 nou
1310 1046 1528 1124 temperare,
1553 1043 1589 1100 ct
1604 1031 1734 1101 diurna
1749 1044 1994 1122 nocturnaque
2016 1027 2153 1098 variare
2174 1030 2308 1123 spacia,

272 1145 381 1213 modo
397 1141 554 1223 Lunam,
576 1137 637 1207 sed
655 1136 759 1205 ctiam
775 1130 992 1226 aequinoctii
1005 1144 1164 1222 tempus,
1187 1153 1259 1224 qua
1311 1134 1529 1206 collustratis
1552 1146 1590 1204 et
1611 1132 1797 1224 completis
1819 1133 1898 1204 luce
1918 1155 1981 1201 stra
2009 1143 2123 1200 terras
2138 1133 2308 1223 partibus

275 1247 315 1315 in
339 1269 378 1315 re
399 1243 489 1312 mira
509 1240 577 1312 fuit
600 1236 743 1306 solertia
765 1249 924 1307 veterum
947 1231 986 1303 in
1011 1231 1259 1304 observatione
1312 1238 1378 1308 sibi
1398 1237 1575 1320 obversis,
1600 1235 1750 1329 reliquis
1766 1260 1787 1304 a
1802 1257 1877 1305 sese
1891 1232 2024 1304 aversis
2038 1234 2215 1324 opacatis:
2243 1235 2308 1307 Sic

273 1348 482 1419 umbrarum
508 1355 542 1412 et
563 1338 670 1420 lucis,
692 1361 798 1434 quam
820 1336 1041 1427 diligentiam
1061 1333 1193 1405 minuit
1219 1334 1258 1403 in
1312 1342 1355 1410 de
1379 1337 1473 1411 Solis
1496 1361 1602 1408 cursu
1625 1350 1730 1431 atque
1756 1338 1970 1407 circumactu
1993 1349 2105 1406 metas
2121 1361 2309 1408 annorum

276 1448 409 1541 populo
430 1467 546 1515 annus
571 1440 745 1514 lulianus·
797 1438 868 1511 Sed
892 1452 926 1510 te
950 1460 1035 1528 rogo
1056 1436 1259 1509 doctissime
1313 1441 1478 1512 constitui
1506 1456 1540 1512 et
1564 1440 1724 1520 definiri,
1751 1463 1860 1533 eaque
1880 1438 2089 1522 intervalla,
2110 1464 2202 1532 quae
2218 1442 2307 1533 qui-

275 1560 501 1643 praeceptoc,
525 1559 566 1619 ut
581 1540 667 1616 haec
682 1542 861 1635 copiosius
875 1540 1039 1632 explices.
1312 1545 1434 1615 basvis
1457 1545 1595 1612 duabus
1616 1540 1786 1632 proximis
1809 1539 1904 1612 Solis
1926 1543 1971 1609 ad
1995 1541 2091 1609 idem
2127 1556 2305 1632 punctum

1315 1645 1531 1738 aequinoctii
1571 1643 1673 1711 verni
1707 1642 1996 1714 restitutionibus
2032 1641 2307 1728 intercederent,

1314 1746 1492 1837 designari
1515 1745 1769 1839 observarique
1793 1758 1933 1815 tantum
1957 1767 2059 1814 venos
2082 1744 2169 1816 iusti
2188 1747 2304 1837 spacii

1314 1848 1426 1920 annui
1447 1849 1578 1920 limites
1600 1847 1728 1920 voluit.
1786 1845 1855 1916 His
1879 1845 2092 1929 intervallis,
2132 1860 2302 1941 atquae,

1315 1959 1518 2045 quanquam
1534 1963 1774 2034 mutarentur,
1788 1971 1971 2044 nunquam
1985 1947 2147 2020 fallerent
2165 1963 2304 2033 tamen,

370 2052 443 2136 Est
472 2052 621 2124 omnino
642 2049 828 2141 diligentia
851 2048 1005 2120 eruditio
1032 2042 1179 2120 homine
1203 2046 1262 2117 di·
1316 2079 1380 2124 nec
1403 2068 1518 2125 tractu
1540 2072 1797 2144 progressuque
1818 2049 1988 2144 temporis
2011 2072 2164 2120 errorem
2191 2075 2301 2141 pare.

276 2182 363 2251 gna,
384 2156 566 2250 antiquas,
591 2155 756 2247 interque
773 2176 846 2222 sese
861 2151 1119 2242 discrepantes,
1145 2164 1180 2221 et
1194 2173 1262 2221 usu
1314 2171 1394 2228 rent
1409 2146 1581 2249 aliquem,
1607 2167 1669 2224 aut
1683 2152 1948 2238 confusionem,
1973 2152 2299 2223 seriemannorum

275 2260 362 2332 anni
385 2257 516 2329 Iuliani
536 2259 760 2341 obscuratas,
790 2254 879 2325 anni
910 2255 1066 2324 rationes
1099 2253 1262 2324 conside·
1316 2256 1460 2352 proprie
1475 2255 1642 2327 discrevit
1655 2251 1763 2328 Deus.

276 2386 373 2448 rare,
398 2384 486 2456 quas
500 2360 590 2429 aliae
608 2372 729 2449 gentes
750 2357 856 2442 alias,
882 2370 1069 2451 postquam
1089 2380 1109 2426 a
1135 2354 1262 2448 primis
1418 2358 1560 2432 Rursus
1581 2356 1661 2428 cum
1685 2354 1762 2429 Soli
1784 2353 1925 2426 Lunam
1950 2355 2129 2445 alligasset
2152 2380 2192 2426 ea
2211 2355 2302 2446 lege,

275 2479 479 2537 sanctorum
497 2460 644 2533 Patrum
670 2460 827 2549 vestigiis
853 2459 1101 2544 discesserant,
1125 2457 1262 2528 abiecta
1315 2475 1355 2532 ut
1370 2486 1410 2531 ea
1426 2462 1511 2532 solis
1527 2461 1716 2553 splendore
1739 2470 1773 2532 ct
1787 2457 1926 2528 lumine
1942 2480 2006 2527 cen
2024 2472 2199 2538 recreata,
2223 2470 2300 2529 toto

277 2566 459 2638 doctrinae
481 2564 656 2633 divinitus
679 2562 830 2632 traditae
854 2560 1094 2652 professione,
1123 2558 1263 2649 excogi-
1315 2563 1491 2650 Zodiaco,
1520 2576 1704 2633 menstruo
1729 2558 1865 2654 spacio,
1894 2556 1994 2631 obito
2026 2584 2067 2628 ac
2102 2574 2301 2652 peragrato,

276 2680 400 2742 tarunt
413 2680 517 2760 atque
535 2678 779 2756 usurparunt,
805 2661 861 2731 vel
875 2663 972 2756 quod
993 2661 1096 2732 novis
1109 2661 1264 2731 delecta·
1314 2661 1433 2738 hausti
1466 2665 1613 2736 luminis
1634 2687 1777 2736 usuram
1799 2662 1904 2734 terris
1925 2663 2106 2747 redderet,
2122 2670 2123 2674 ’
2138 2658 2300 2754 repetitis

250 2782 522 2861 wrenturatquc
539 2764 733 2856 ingeniosis
749 2765 921 2850 inventis,
946 2765 985 2833 in
1001 2787 1040 2833 ea
1056 2763 1264 2855 praesertim
1315 2768 1441 2839 iisdem
1463 2770 1585 2839 eadem
1611 2768 1687 2856 lege
1708 2765 1847 2836 vicibus
1873 2764 2064 2836 mutiano:
2103 2765 2147 2834 de
2173 2762 2300 2836 Imnae

277 2884 425 2942 naturae
443 2882 559 2960 parte,
586 2891 676 2961 quae
691 2867 834 2956 longius
850 2891 869 2937 a
894 2879 1084 2958 conspectu
1111 2865 1262 2956 seposita
1315 2895 1422 2941 cursu
1435 2894 1556 2942 annua
1570 2869 1755 2940 intervalla
1777 2868 1816 2940 in
1840 2880 1954 2939 certos
1968 2867 2066 2938 velut
2085 2866 2165 2938 lissa
2183 2866 2301 2956 diges-

277 2987 400 3045 n0³lr0
423 2984 529 3065 elque
546 2970 696 3055 ³0⁰l¹¹³02
720 2969 841 3038 minut
864 2968 1014 3060 perspici
1036 2991 1056 3038 a
1074 2969 1202 3061 quovis
1230 2978 1264 3037 et
1314 2973 1360 3043 sit
1374 2973 1560 3055 articulos,
1575 2973 1712 3045 vitaect
1727 2969 1928 3042 actionibus
1942 2970 2068 3062 populi
2080 2970 2302 3039 convenien-

277 3072 509 3171 pervestigari
527 3084 653 3164 potest.
692 3070 762 3142 Vel
777 3070 895 3162 potins
910 3093 990 3142 cum
1005 3070 1174 3160 religioni
1189 3070 1263 3161 pri-
1314 3089 1377 3149 tes.
1433 3073 1598 3169 Cumque
1621 3073 1900 3166 septimanarum
1920 3071 2126 3144 distributio
2148 3066 2301 3163 pulebre

277 3202 356 3248 mae
371 3191 406 3250 ct
421 3174 688 3268 antiquissimae
703 3173 908 3266 impellente
931 3172 1096 3257 diabolo,
1122 3186 1264 3244 cuntra-
1315 3180 1358 3249 sd
1376 3175 1501 3248 Lunae
1522 3168 1653 3273 φάσεις
1674 3176 1886 3272 quadraret,
1910 3198 2001 3268 quae
2026 3173 2188 3266 primissa
2202 3173 2301 3245 coitu

278 3280 332 3352 ria
356 3277 477 3349 omnia
501 3290 712 3360 statuerent,
746 3289 786 3347 ut
811 3274 897 3345 anni
923 3299 1066 3370 quoque
1087 3274 1261 3347 rationem
1315 3280 1442 3350 diebus
1475 3294 1643 3351 curvatur
1673 3278 1714 3348 in
1738 3300 1893 3358 cornua,
1927 3277 2077 3368 septimo
2103 3275 2298 3353 dimidium

201 1746 213 1878 .—
275 1811 451 1896 llespomio
479 1806 534 1876 Μ.
564 1800 1097 1974 Εναῖὶπὴὶὲῗίηὴοῌί,
1133 1800 1261 1870 Salaci-

143 3436 149 3441 .
279 3380 450 3452 variatam
467 3378 642 3450 institutis
667 3379 741 3447 suis
756 3375 1082 3462 accommodarent,
1107 3377 1261 3469 nequid
1315 3382 1451 3474 profert
1473 3382 1614 3467 orbem,
1639 3381 1905 3474 decimoquarto
1927 3380 1988 3449 vel
2004 3379 2163 3464 circiter,
2188 3378 2299 3470 pleno

278 3482 430 3555 mutuati
454 3482 621 3572 apopulo
643 3476 730 3566 Dei,
755 3493 790 3550 ct
813 3479 1001 3550 retinuisse
1023 3504 1065 3549 ex
1089 3478 1262 3570 praescri·
1315 3486 1402 3554 orbe
1424 3485 1584 3574 effulget:
1614 3508 1690 3553 nun
1710 3483 1827 3575 ipsum
1853 3481 2070 3578 aequinoctii
2096 3480 2213 3565 diern,
2236 3481 2301 3550 sed

275 3598 338 3679 pto
353 3581 421 3656 Dei
435 3595 470 3654 ct
485 3582 750 3673 dispensatione
765 3582 982 3655 viderentur.
1036 3579 1110 3653 Nec
1133 3605 1261 3673 parum
1315 3588 1406 3656 illud
1420 3589 1518 3680 quod
1535 3586 1693 3677 proxime
1718 3586 1919 3656 succederet
1940 3582 2176 3654 interlunium
2200 3606 2302 3652 anno

277 3684 366 3760 baec
390 3686 464 3778 ipsa
489 3685 749 3755 animadversio
775 3683 988 3777 collatioque
1021 3697 1056 3756 et
1087 3684 1263 3769 discretio,
1315 3688 1533 3782 principium
1568 3689 1736 3780 praebere
1743 3744 1751 3782 ,
1769 3687 1900 3773 voluit,
1929 3699 1971 3758 ut
2004 3686 2066 3756 illa
2103 3684 2304 3759 variatione

276 3792 367 3862 lucis
383 3787 496 3859 adfert
509 3787 688 3859 annotatis
703 3781 949 3857 historiarum.
1315 3802 1496 3861 menstrua
1517 3790 1732 3881 effigiemm,
1763 3787 1868 3862 Luna
1898 3790 2181 3882 septimanarum
2202 3788 2304 3859 velut

376 3889 498 3960 Prima
513 3890 601 3962 citra
616 3889 893 3963 controversiam
909 3901 943 3958 ct
959 3886 1193 3959 vetustissima
1211 3900 1263 3958 est
1316 3893 1485 3964 articulos
1500 3893 1723 3983 intersepiret
1740 3906 1774 3963 et
1789 3893 2000 3985 designaret.

276 3994 365 4066 anui
391 3990 600 4083 descriptio,
631 3991 839 4084 notatioqne
873 4013 980 4083 quam
1008 3990 1143 4081 populo
1165 3983 1266 4060 Deus
1419 3992 1666 4067 Veruntamen
1682 4019 1729 4064 ne
1747 3990 2056 4087 hocipsnm'auui
2079 3992 2299 4085 principium

277 4097 352 4188 ipse
366 4119 431 4167 suo
447 4117 576 4185 magna
588 4094 760 4185 sapientia
776 4093 813 4161 in
830 4091 906 4161 dies
920 4093 1026 4162 festos
1040 4104 1075 4162 et
1090 4091 1263 4183 profestos
1317 4096 1463 4167 incertis
1478 4098 1661 4168 oberraret
1675 4098 1835 4182 sedibus,
1860 4109 1894 4166 ct
1909 4109 2063 4190 quatuor
2079 4094 2168 4163 anni
2183 4094 2300 4165 cardi·

278 4221 319 4269 ex
336 4197 464 4267 ordine
488 4209 523 4265 et
546 4196 621 4287 lege
637 4211 798 4268 motuum
814 4192 1020 4266 coelestium
1035 4194 1263 4265 distributam
1317 4221 1379 4268 nes
1394 4213 1662 4291 pervagaretur,
1687 4201 1785 4293 qnod
1802 4196 2005 4278 accidisset,
2028 4196 2060 4267 si
2083 4220 2104 4265 a
2128 4196 2205 4266 solo
2219 4194 2300 4266 Lu·

277 4294 441 4383 tradidit3
468 4321 579 4393 eaque
592 4298 719 4368 seriem
736 4312 938 4390 temporum
955 4297 1190 4392 aequabiliter
1206 4297 1263 4368 di·
1316 4324 1385 4370 nae
1404 4318 1505 4373 motu
1524 4302 1767 4393 dependisset,
1801 4315 1842 4372 ut
1866 4299 2012 4371 caeteris
2039 4299 2207 4390 gentibus
2231 4320 2303 4368 usu

277 4401 413 4492 stingui
430 4411 464 4469 et
480 4400 662 4470 numerari
677 4400 802 4470 voluit.
842 4398 1067 4489 Congruebat
1084 4414 1202 4472 autem
1218 4402 1264 4470 ad
1317 4405 1435 4486 venit,
1461 4405 1568 4488 inde,
1594 4405 1689 4497 quod
1703 4404 1825 4475 Laruae
1841 4402 2026 4473 duodecim
2049 4401 2303 4472 conversiones

277 4501 427 4576 luminis
441 4500 627 4594 utriusque
646 4501 732 4572 solis
745 4501 923 4594 lunaeque
944 4501 1112 4572 circuitus
1129 4515 1163 4571 et
1177 4525 1264 4572 con-
1318 4503 1450 4577 aSolis
1466 4506 1615 4598 periodo
1631 4505 1820 4588 deliciunt,
1847 4505 1941 4577 dieb.
1960 4505 2017 4576 10.
2030 4498 2182 4577 bor.2l.
2199 4527 2302 4594 scru-

276 4606 469 4680 vcrsiones.
521 4596 718 4674 lncboabat
739 4627 875 4673 annum
893 4604 1048 4696 populus
1063 4601 1132 4672 Dei
1150 4603 1196 4673 ab
1222 4627 1265 4673 eo
1309 4606 1411 4698 ¹pulis
1435 4608 1560 4699 primis
1579 4607 1637 4677 11.
1657 4607 1821 4677 secundis
1836 4605 1893 4678 16.
1916 4607 2030 4677 tertiis
2044 4600 2106 4676 48.
2130 4604 2303 4675 tredecim

276 4707 492 4792 interlunio,
508 4707 606 4800 quod
624 4728 775 4776 vernum
790 4705 1055 4800 aequinoctium
1070 4727 1266 4799 conseque-
1301 4709 1467 4780 eandem
1492 4722 1673 4800 superant:
1701 4709 1825 4779 diebus
1845 4707 1902 4778 te
1923 4704 2021 4779 boris
2049 4705 2110 4782 16.
2125 4707 2304 4798 scrupulis

215 4901 218 4905 ¹
276 4816 401 4899 batur,
426 4811 520 4884 etde
535 4807 660 4880 Lunae
676 4822 845 4903 tanquam
863 4807 1051 4896 magistrae
1074 4806 1266 4879 indicatio-
1319 4809 1444 4902 primis
1463 4805 1527 4882 16.
1590 4808 1728 4881 idcirco
1751 4826 1861 4883 metas
1882 4810 2135 4894 circumdedit,
2170 4811 2303 4903 quibes

276 4916 403 4998 nibus,
428 4914 473 4982 dc
493 4910 875 4984 circumvolutionibus
896 4909 991 4991 eius,
1019 4911 1266 5002 congressibus
1317 4913 1355 4983 id
1377 4914 1421 4983 ad
1445 4912 1709 5007 aequinoctium
1730 4937 1881 4986 vernum
1903 4926 2072 5005 tanquam
2100 4925 2239 4983 certum
2272 4927 2304 4984 α

199 5087 205 5100 ,
277 5041 361 5088 cum
384 5013 488 5100 sote,
514 5014 710 5086 recessibus
733 5015 855 5098 abeo,
880 5013 1198 5086 comtitutiouibus
1223 5037 1265 5085 ex
1318 5017 1569 5110 conspicuum,
1593 5017 1812 5112 minimeque
1827 5031 1898 5088 tam
1914 5015 2184 5087 subitovarians
2201 5016 2304 5107 priu-

277 5120 469 5203 diametro‚
493 5117 578 5188 inde
599 5116 771 5188 continua
794 5115 904 5203 serie,
924 5140 987 5188 ceu
1005 5117 1155 5189 sivcntia
1173 5131 1265 5190 tern-
1320 5119 1456 5211 cipium
1474 5117 1656 5200 astrinxit,
1682 5144 1754 5213 quo
1773 5120 2069 5205 admouerentur,
2090 5129 2132 5188 ut
2154 5118 2200 5188 dc
2224 5142 2303 5190 cer-

276 5247 363 5317 pora
386 5221 427 5292 in
446 5220 660 5314 septimanas
674 5218 884 5306 dirimebat,
908 5243 990 5292 cum
1013 5220 1188 5293 exercitiis
1209 5244 1266 5292 sa-
1318 5221 1364 5291 tis
1377 5219 1662 5316 praestitutisqne
1679 5219 1775 5294 Solis
1789 5221 2173 5292 circumvolutionibus
2186 5223 2304 5312 spacia

1318 5324 1496 5415 periodica
1519 5323 1790 5414 distinguerent
1848 5318 1985 5394 Eadem
2013 5345 2136 5395 rursus
2159 5325 2204 5393 de
2227 5321 2307 5394 Im·

310 5452 340 5517 a,
359 5448 391 5503 r,
410 5446 538 5504 naum.
556 5444 713 5510 ammas·
728 5435 987 5506 &wesema
1318 5448 1386 5496 nac
1418 5424 1628 5498 cirmitibuc
1655 5427 1701 5496 ad
1735 5447 1820 5497 osus
1851 5426 2015 5518 publicos
2048 5425 2307 5498 convenienter
2341 5482 2351 5507 ,
