4748 6022
273 334 345 410 211
638 310 894 393 SCRIPTA
922 308 999 387 AD
1032 306 1227 385 V'ITAM
1257 308 1333 385 ET
1360 311 1592 391 oatTuM
1621 310 1925 417 MELA-NTH.
2230 320 2309 395 tta

277 521 317 578 ut
343 514 468 572 notum
492 509 562 580 est,
583 490 654 561 iam
677 510 697 558 a
720 485 842 557 multis
858 483 1156 558 aunislaborarit.
1209 480 1290 597 ital
1416 479 1673 575 occupabatur
1688 500 1766 559 tum
1779 489 1829 563 D.
1839 483 2029 580 Philippus
2044 486 2239 561 scribendis
2258 488 2305 558 li-

281 607 390 697 igitur
405 605 743 673 domumreversua,
767 600 808 657 ut
823 586 995 669 diximus,
1021 586 1133 654 biduo
1158 585 1265 656 etiam
1286 602 1291 665 t
1313 587 1420 671 toris,
1454 601 1488 658 et
1510 582 1664 657 babebat
1687 590 1756 659 sub
1787 590 1953 661 manibus
1988 589 2173 681 epistolam
2197 612 2305 683 quam

279 706 443 779 tenuiore
467 722 540 769 esse
557 690 760 765 valetudine
776 688 873 756 visus
894 700 946 756 est
969 710 1010 755 ex
1029 685 1118 755 lacie
1143 687 1267 776 magis,
1315 689 1470 758 mitteret
1491 688 1535 757 ad
1560 689 1713 759 amicum
1728 692 1905 784 quendam
1923 690 1963 759 iu
1976 689 2114 762 Littore
2127 684 2307 771 Batauus,

282 831 367 878 voce
392 818 425 874 et
447 801 601 892 gestibus
623 815 729 887 quam
754 787 929 883 quaerelis
958 798 1017 856 aut
1048 786 1268 856 indicatione
1317 790 1374 859 eui
1390 791 1434 859 de
1447 788 1689 859 imbecillitate
1703 814 1767 861 sua
1788 790 2026 881 significabat,
2050 792 2227 864 scribebat
2240 816 2308 863 au·

282 911 400 1002 aliqua
415 928 488 974 sua.
539 898 608 969 Sed
629 908 731 965 nocte
746 914 786 961 ea
802 913 890 983 quae
908 885 1005 960 vlll.
1016 881 1151 978 Aprilis
1166 912 1270 980 prae·
1317 904 1387 959 tem
1406 914 1442 961 se
1461 904 1538 981 post
1554 890 1623 961 iter
1635 889 1936 982 Heidelbergense
1958 917 2034 963 uon
2056 893 2207 964 ,angiae
2231 916 2307 964 m.

284 1012 447 1090 cedebat,
479 1024 569 1096 quae
591 1011 642 1069 est
665 993 725 1066 Vl.
750 990 802 1064 ld.
831 996 1018 1079 erumpere
1039 988 1111 1057 iam
1130 991 1269 1059 'maltam
1320 992 1451 1077 iorem,
1463 991 1626 1083 interque
1640 993 1711 1063 alio
1725 989 1794 1065 boc
1812 996 1918 1066 etiam
1934 996 1978 1063 de
1995 1008 2187 1065 murteam
2203 1018 2306 1086 prae·

185 1147 189 1157 ⁴
287 1112 375 1181 illud
405 1104 616 1195 incipiebat,
648 1096 743 1189 quod
767 1115 849 1161 sum
871 1090 1034 1164 confecit·
1087 1088 1153 1160 llla
1175 1090 1270 1159 enim
1319 1093 1453 1183 sagium
1467 1093 1639 1178 addebat,
1690 1092 1864 1166 Fortassis
1882 1094 1996 1167 Deum
2016 1118 2053 1165 se
2067 1096 2204 1187 eripere
2216 1095 2308 1165 velle

287 1216 397 1283 ferme
415 1219 487 1278 tota
503 1223 666 1273 somnum
684 1216 807 1286 capere
822 1216 896 1262 non
917 1191 1050 1283 potuit,
1076 1216 1147 1285 quo
1166 1191 1272 1261 debi·
1321 1218 1362 1265 ει
1377 1195 1513 1288 synodo
1529 1191 1688 1291 Lyttrica
1703 1220 1811 1288 quam
1827 1194 1988 1267 staciani
2004 1197 2235 1281 molirentur,
2246 1198 2309 1267 sed

288 1317 422 1385 litatem
439 1326 619 1395 augescere
633 1318 773 1367 neeesse
787 1294 874 1379 luit,
899 1317 979 1362 carm
996 1291 1034 1361 in
1052 1292 1114 1362 illa
1132 1306 1272 1363 senecta
1321 1295 1453 1365 virium
1486 1293 1765 1367 imbecillitatem
1799 1297 1944 1388 scriptio
1968 1320 2031 1389 per
2055 1320 2093 1369 se
2119 1298 2310 1384 indicabat,

290 1435 418 1501 corpus
440 1423 546 1477 tenue
570 1415 605 1474 et
628 1394 835 1469 exhaustum
861 1394 960 1463 nulla
985 1418 1024 1462 re
1040 1396 1150 1482 magis
1165 1418 1273 1488 quam
1322 1420 1403 1467 eum
1420 1408 1558 1465 exarata
1578 1409 1668 1467 esset
1682 1394 1844 1490 Epistola
1857 1398 1974 1471 literis
1987 1400 2181 1469 admodum
2196 1398 2309 1469 vacil-

291 1538 416 1585 somuo
431 1510 477 1578 ali
492 1521 598 1598 atque
611 1498 799 1571 sustentari
815 1496 1174 1580 animadverteretur,
1201 1519 1273 1588 quo
1323 1496 1490 1569 lantibus.
1531 1493 1580 1567 Ut
1596 1512 1716 1567 autem
1730 1494 1879 1571 antebac
1895 1523 2033 1591 semper
2047 1500 2094 1572 ita
2110 1513 2188 1571 tum
2203 1498 2313 1571 ctiam

292 1620 337 1687 ab
355 1614 490 1705 aliquot
515 1609 583 1677 iam
601 1603 705 1673 annis
720 1598 868 1666 minime
892 1596 1061 1686 impedito
1076 1596 1174 1667 visus
1194 1596 1276 1669 luit.
1324 1598 1463 1667 medico
1495 1598 1662 1669 utebatur
1694 1614 1823 1689 genem
1857 1623 1942 1687 tuo,
1974 1600 2038 1695 qui
2070 1602 2169 1695 quod
2196 1614 2231 1671 et
2264 1602 2312 1671 de

292 1716 431 1787 illalum
447 1711 554 1801 igitur
567 1721 642 1776 tum
663 1716 704 1773 ut
718 1700 870 1771 diximus
884 1720 1069 1788 erumpere
1091 1710 1127 1767 et
1148 1696 1276 1768 debili·
1326 1698 1438 1790 ipsius
1469 1700 1603 1787 aegroti
1637 1700 1874 1786 indicatione,
1905 1710 1944 1773 et
1970 1724 2013 1773 er
2043 1701 2149 1772 urina
2172 1698 2314 1772 Calculi

294 1834 345 1887 tas
369 1837 495 1903 magua
517 1808 663 1878 existere
684 1801 817 1891 caepit,
850 1815 883 1871 et
907 1822 1110 1892 quanquam
1132 1822 1276 1891 praece-
1326 1800 1431 1872 etiarn
1455 1800 1730 1875 commotionem
1757 1802 1865 1873 umal
1891 1802 1974 1873 lieri
1992 1802 2314 1889 animadverteret,

296 1919 463 1989 (lontibus
487 1911 557 1981 illis
578 1896 779 1980 νοσιλεύειν
802 1901 898 1971 visus
917 1900 1050 1983 luerat,
1085 1900 1134 1969 ita
1156 1914 1276 1970 tamen
1327 1900 1484 1973 saeculus
1497 1900 1528 1969 ei
1543 1902 1589 1971 ad
1604 1904 1777 1990 fomenta,
1800 1903 1985 1975 unctiones
2003 1916 2040 1973 et
2060 1904 2228 1974 balneum
2251 1928 2316 1995 pa-

299 2018 383 2088 bacc
409 2038 491 2085 eum
513 1994 726 2080 valetudinis
756 2003 865 2095 ipsius
899 2000 1084 2071 conversio
1118 2001 1280 2070 celeriter
1328 2002 1448 2086 rabat,
1474 2026 1564 2094 quae
1582 2018 1684 2073 autea
1700 2004 1733 2073 ei
1749 2028 1850 2098 saepe
1872 2003 1910 2073 in
1926 2000 2076 2075 Litbiasi
2096 2006 2315 2096 profuerant,

297 2120 494 2197 accidebat,
523 2125 564 2183 ut
585 2131 673 2201 pene
696 2106 811 2177 subita
827 2125 901 2172 esse
919 2102 1126 2173 viderentur
1147 2100 1279 2181 omnia,
1329 2126 1418 2198 quae
1443 2126 1522 2173 cum
1548 2104 1596 2174 ita
1618 2105 1694 2174 beri
1717 2106 1853 2176 videret
1871 2107 1914 2175 ad
1943 2108 2119 2199 quendam
2142 2105 2205 2202 qui
2236 2119 2315 2175 tum

298 2222 395 2315 quod
420 2219 479 2288 die
503 2213 734 2305 praecedento
759 2199 851 2274 nibil
873 2204 943 2275 tale
963 2202 1076 2272 metui
1099 2203 1280 2293 potuisset.
1330 2204 1426 2275 solus
1451 2213 1531 2273 aute
1553 2204 1671 2297 ipsum
1696 2204 1734 2274 in
1754 2204 1857 2277 sedili
1881 2204 1945 2276 illo
1966 2229 2032 2276 suo
2047 2208 2315 2277 decumbentem

298 2324 449 2393 Fiebaut
474 2331 591 2386 autem
611 2307 718 2395 baec,
744 2304 793 2378 Ut
815 2307 912 2376 calor
934 2305 1126 2375 sentiretur
1148 2304 1188 2372 in
1201 2327 1280 2373 cor·
1330 2306 1483 2388 astabat,
1507 2304 1554 2374 ad
1569 2299 1667 2376 hunc'
1683 2306 1794 2395 igitur
1814 2322 1889 2377 tum
1910 2306 1990 2393 ille,
2015 2306 2111 2376 intus
2123 2322 2195 2390 est,
2219 2307 2317 2378 dice.

301 2448 385 2515 pore
409 2420 578 2499 alienior,
606 2427 641 2484 et
664 2410 769 2481 tussis
790 2407 952 2478 existeret
974 2405 1059 2476 satis
1081 2400 1282 2490 vehemens,
1329 2406 1410 2486 bat,
1437 2429 1511 2474 nou
1526 2405 1632 2489 foris,
1652 2408 1738 2501 quid
1755 2409 1864 2499 igitur
1881 2408 2085 2503 prolicietur
2097 2404 2245 2479 sarculis
2270 2408 2317 2477 il-

302 2522 485 2615 respiratio
501 2518 608 2587 etiam·
621 2514 739 2581 minus
756 2522 845 2578 esset
859 2506 1038 2597 expedita,
1064 2519 1099 2576 et
1117 2506 1233 2596 pallor
1248 2518 1282 2576 et
1332 2508 1378 2577 lis
1399 2518 1434 2577 et
1452 2507 1699 2593 unctionibus,
1732 2531 1883 2602 cumque
1905 2509 1997 2579 alter
2017 2510 2246 2600 responderet
2270 2510 2316 2591 ad

303 2626 430 2694 macies
456 2623 493 2687 iu
515 2617 604 2685 facie
626 2622 871 2702 augescerent,
896 2621 930 2677 et
954 2622 1061 2678 utres
1079 2623 1198 2699 postea
1215 2608 1281 2677 do·
1333 2608 1507 2679 caleulum
1524 2607 1584 2677 illa
1600 2609 1724 2699 dirigi,
1750 2610 1858 2685 cuius'¹
1867 2610 2013 2681 sentiret
2033 2624 2152 2681 motus
2165 2610 2314 2704 aliquos,

304 2728 377 2796 ecrit
392 2723 500 2792 febris
517 2715 582 2787 bac
598 2729 700 2784 nocte
715 2736 796 2781 eum
818 2710 972 2801 primum
988 2709 1155 2780 invadere
1170 2709 1285 2801 caepit
1334 2723 1408 2780 tum
1426 2710 1487 2778 ille
1502 2732 1642 2795 rursus,
1660 2734 1785 2780 rerum
1801 2723 1852 2781 est
1871 2711 1989 2805 inquit
2004 2713 2118 2782 sentio
2133 2710 2319 2798 calculum,

305 2830 387 2910 illa,
421 2823 521 2892 cuim
555 2836 783 2908 paroxysmus
806 2811 975 2902 septimus
1004 2810 1195 2881 undecimo
1226 2811 1285 2880 die
1334 2806 1728 2903 sedputobocmalum
1744 2813 1855 2903 magis
1878 2835 1952 2883 esse
1974 2836 1994 2883 a
2016 2812 2143 2904 pituita
2163 2811 2220 2907 (iu
2246 2839 2318 2908 quo

306 2944 382 3021 post.
404 2949 484 2994 eum
511 2919 664 3016 sustulit.
717 2914 759 2983 ln
784 2913 908 3005 primis
933 2928 1049 2982 tamen
1068 2912 1198 2982 virium
1216 2914 1285 2983 im·
1335 2914 1545 2996 fallebatur,
1572 2913 1718 2985 utinsra
1736 2910 1979 3008 agnoscetur),
2004 2938 2086 2983 nam
2105 2910 2318 2987 milrietiaut

304 3028 477 3101 becillitas
508 3045 632 3110 magua
663 3017 849 3095 existebat,
877 3038 968 3108 quae
999 3027 1094 3085 tanta
1124 3028 1215 3100 erat,
1246 3028 1286 3084 ut
1336 3008 1509 3105 ἀνορεξία
1532 3015 1678 3087 molesta
1704 3029 1773 3095 est,
1814 3040 1920 3109 quam
1943 3016 2009 3085 etsi
2030 3028 2066 3087 et
2091 3017 2205 3109 ipsam
2228 3014 2318 3089 solet

305 3158 385 3202 cum
401 3128 578 3198 remittere
592 3125 636 3191 de
655 3118 837 3188 laboribus
854 3116 925 3186 suis
942 3110 1035 3185 nibil
1050 3116 1174 3199 vellet,
1199 3140 1285 3185 con·
1336 3116 1492 3187 calculus
1513 3138 1631 3186 secum
1655 3116 1800 3197 afferre,
1832 3119 1946 3188 sentio
1973 3131 2092 3187 umen
2120 3113 2213 3189 banc
2245 3141 2319 3189 esse

305 3236 443 3301 tiuuare
465 3243 582 3298 tamen
611 3220 821 3310 scriptiones
843 3240 923 3288 suas
947 3240 1021 3285 non
1057 3229 1191 3308 posset,
1225 3219 1284 3285 sed
1336 3218 1464 3301 aliam,
1489 3217 2117 3311 quamqualisacalculoessesolet.

307 3329 578 3424 interquiescere
605 3324 757 3394 subinde
784 3342 923 3389 necesse
946 3314 1110 3399 haberet,
1144 3332 1183 3388 ut
1212 3343 1285 3386 uno

307 3450 367 3505 aut
384 3434 493 3501 altero
510 3452 612 3501 versu
631 3437 770 3494 exarato
787 3436 905 3514 postea
921 3421 960 3489 in
976 3420 1080 3490 sedili
1101 3421 1208 3509 longo
1224 3421 1287 3489 de·
1438 3416 1601 3513 Cumque
1617 3419 1872 3514 aliquantisper
1884 3420 2108 3492 conticuisset
2121 3431 2240 3510 postea
2256 3422 2324 3491 ad.

308 3537 489 3607 cumberet
509 3532 682 3599 substrata
708 3526 776 3595 sub
800 3525 914 3613 capite
937 3536 1030 3593 veste
1050 3544 1113 3591 sua
1136 3522 1288 3612 pellibus
1338 3523 1444 3593 debat
1466 3518 1572 3593 buius
1595 3523 1769 3593 sententia
1791 3525 1913 3593 rerba:
1961 3522 2000 3593 Si
2017 3517 2113 3590 Deus
2130 3520 2179 3591 ita
2195 3520 2323 3592 volue-

307 3640 488 3709 subducta.
547 3629 642 3699 Haec
664 3651 743 3696 cum
763 3628 810 3695 ita
835 3626 976 3707 berem,
1010 3623 1156 3693 accersit
1181 3626 1225 3692 ad
1251 3647 1287 3693 se
1338 3626 1403 3710 rit,
1428 3625 1581 3697 libenter
1595 3623 1748 3709 moriar,
1772 3648 1876 3717 quern
1894 3647 1958 3695 oro
1975 3637 2015 3694 ut
2034 3622 2206 3711 largiatur
2228 3618 2323 3693 mibi

307 3764 413 3829 gcuer
429 3730 585 3823 Philippi
595 3721 912 3800 DoctorPeucarus
928 3725 1164 3794 necessarium
1174 3749 1288 3818 queu-
1338 3727 1466 3796 laetam
1492 3726 1751 3812 decessionem,
1777 3725 1907 3818 quibus
1927 3727 1971 3794 ad
1996 3722 2175 3795 Simeonis
2195 3720 2324 3795 Canti-

307 3846 388 3910 ‹lam
406 3862 509 3907 suum
528 3830 614 3903 bora
631 3830 803 3899 matutina
819 3838 932 3910 sexta,
947 3840 986 3895 ut
1003 3827 1138 3895 videret
1153 3840 1187 3896 et
1202 3850 1288 3895 cou-
1339 3852 1419 3897 rum
1433 3826 1593 3897 allusisse
1602 3827 1752 3912 videtur,
1766 3828 1895 3898 diserte
1910 3840 2027 3897 tamen
2043 3825 2204 3896 laeticiae
2213 3828 2323 3897 verbo

308 3945 478 4011 sideraret
494 3934 771 4004 imbecillitatem
789 3927 919 4009 soceri,
939 3940 975 3996 et
989 3925 1096 3995 simul
1117 3926 1162 3994 de
1177 3927 1287 3995 animi
1340 3930 1522 4014 utebatur,
1558 3943 1592 3998 et
1616 3928 1743 3998 laetam
1767 3928 2012 4018 migrationem
2037 3929 2200 4019 optabat,
2229 3927 2324 3999 sicut

308 4044 363 4113 sui
383 4038 646 4132 perturbatione
669 4045 704 4103 e't
722 4027 960 4101 solicitudinis
986 4049 1092 4097 sensu
1114 4027 1290 4117 signitica-
1340 4043 1375 4101 et
1407 4052 1511 4120 supra
1544 4030 1742 4120 expositum
1769 4025 1948 4102 distichon
1980 4029 2090 4118 ipsius
2119 4029 2250 4119 laetum
2276 4032 2324 4100 ad

308 4146 388 4225 bat,
413 4142 604 4233 quodcum
625 4129 871 4224 inpraesentia
890 4127 1006 4200 adbuc
1023 4125 1117 4198 nibil
1141 4153 1289 4222 appare·
1339 4145 1490 4201 mortem
1516 4131 1675 4202 animum
1698 4146 1787 4204 orat.
1842 4128 1934 4202 Cum
1968 4144 2048 4222 post
2080 4153 2144 4221 per
2176 4130 2325 4224 scriptas

307 4258 362 4313 ret
381 4241 526 4310 maioris
546 4238 714 4328 periculi,
740 4256 924 4326 nunquam
947 4246 1126 4303 tamense
1151 4233 1189 4301 in
1212 4232 1288 4301 ullo
1338 4230 1517 4325 Epistulas
1544 4233 1593 4303 ita
1615 4233 1836 4303 decubuisset
1857 4233 1966 4303 terme
1989 4234 2167 4325 usquead
2197 4226 2323 4303 boram

309 4347 437 4414 morbo
464 4341 574 4409 soceri
597 4339 766 4407 maiorem
789 4333 1109 4405 consternationem
1140 4333 1289 4403 sensisse
1340 4335 1548 4405 matutinam
1572 4348 1748 4419 octavam,
1769 4336 1813 4404 ad
1837 4339 1928 4405 duos
1942 4336 2134 4428 quosdam,
2158 4333 2326 4427 quiante

309 4450 459 4530 diceret,
490 4456 525 4513 et
550 4454 719 4511 metueret
743 4437 880 4520 omnia,
914 4449 955 4505 ut
982 4433 1100 4503 statim
1127 4435 1289 4505 ostrinosa
1339 4435 1455 4525 ipsum
1474 4437 1872 4521 tumlorteastiteraut,
1893 4436 2326 4528 dicebatabaliquotiam
2357 4502 2364 4509 .

306 4550 606 4626 illavidcreutur,
657 4538 780 4633 ltaque
800 4540 844 4607 de
865 4537 1075 4607 accersendo
1102 4548 1175 4605 tum
1198 4530 1289 4604 Ioa-
1340 4536 1444 4605 amus
1468 4533 1535 4605 boc
1559 4551 1716 4626 tempore
1738 4538 2030 4626 langueresoleo,
2053 4539 2115 4607 aed
2138 4532 2207 4607 hoe
2227 4560 2326 4607 anno

308 4647 428 4722 chima
444 4642 662 4720 Cumemn'o
675 4640 911 4732 cogitabatur,
936 4637 992 4707 eui
1017 4661 1097 4707 cum
1119 4633 1288 4729 Philippo
1339 4638 1482 4706 accessit
1504 4635 1656 4727 Eclipsis
1679 4638 1718 4706 in
1737 4638 1979 4732 aequinoctio,
2012 4651 2045 4708 et
2071 4638 2233 4707 imminet
2257 4636 2325 4709 Sa-

307 4751 540 4822 Melantbone
575 4774 637 4839 per
669 4766 783 4815 aranos
808 4739 1040 4832 quadraginta
1076 4740 1289 4831 etamplius
1341 4738 1436 4807 turni
1464 4752 1499 4807 et
1524 4736 1652 4808 Martis
1679 4739 1905 4826 coniunctio,
1929 4764 2017 4835 quae
2035 4738 2161 4810 incidit
2179 4736 2326 4811 miiaiin

307 4854 501 4935 amicitiae,
529 4865 562 4919 et
578 4844 849 4920 necessitudinis
862 4840 1067 4911 coniunctio
1093 4840 1288 4912 intercessit
1339 4853 1508 4909 octavam.
1560 4837 1677 4909 liuius
1695 4840 1958 4913 coniunctionis
1971 4842 2076 4913 etiam
2093 4843 2327 4936 sequentibus

305 4969 422 5036 tanta,
447 4967 578 5044 quanta
603 4953 695 5020 iuter
717 4946 878 5018 homines
898 4965 972 5012 esse
996 4954 1127 5033 potest,
1153 4946 1196 5013 de
1220 4937 1288 5014 boc
1337 4942 1454 5011 morbi
1476 4942 1602 5012 diebus
1627 4964 1731 5034 saepe
1757 4947 1973 5015 mentionem
2003 4942 2170 5029 iaciebat,
2202 4958 2236 5015 et
2262 4943 2326 5038 qui

306 5057 416 5150 igitur
436 5054 665 5135 accersendo,
690 5065 730 5120 ut
749 5049 850 5119 euius
871 5044 1126 5116 cousuetudine
1149 5061 1183 5119 et
1198 5071 1286 5116 eon·
1338 5038 1429 5115 lnuc
1445 5046 1839 5117 contemnerent'stulte
1862 5046 1975 5116 laccere
1993 5044 2152 5126 dicebat,
2202 5036 2327 5135 Signi-

306 5172 427 5254 spectu
449 5154 599 5224 maxime
624 5152 875 5229 delectaretur,
916 5160 951 5219 el
971 5147 1050 5218 aliis
1073 5149 1285 5240 quibusdam
1336 5146 1441 5216 licant
1455 5161 1572 5218 tamen
1588 5146 1675 5218 tales
1691 5146 1961 5219 coniunctiones
1978 5171 2053 5217 nou
2078 5160 2147 5215 tam
2163 5147 2327 5237 corpori-

305 5265 351 5333 de
366 5260 478 5333 causis
493 5276 672 5326 sermones
688 5264 762 5321 turn
782 5244 1026 5336 habebantur,
1044 5263 1080 5319 et
1094 5252 1285 5322 mitteban-
1324 5236 1419 5333 bus,
1448 5274 1552 5341 quam
1576 5250 1824 5319 communibus
1847 5250 1963 5319 rebus.
2014 5242 2138 5340 ltaque
2157 5248 2329 5319 sterilita-

306 5378 365 5434 lur
391 5347 1063 5437 eudemdiead10³⁰himumliltr11e,
1088 5353 1283 5445 quibusda
1334 5361 1402 5415 lum
1426 5348 1499 5439 ipse
1528 5351 1633 5420 etiam
1656 5377 1696 5419 ex
1719 5346 1784 5419 hac
1809 5365 1844 5422 et
1865 5350 1944 5420 aliis
1968 5363 2037 5419 tarn
2073 5349 2186 5437 siguis
2219 5375 2327 5443 quam

303 5466 479 5560 praesenti
493 5476 586 5533 statu
601 5452 816 5530 valetudinis
833 5450 1034 5524 docebatur.
1330 5450 1519 5542 praesagiis
1537 5450 1609 5522 suis
1628 5453 1824 5541 metuebat,
1843 5466 1879 5525 et
1894 5466 2002 5525 autor
2016 5469 2091 5524 erat
2103 5448 2330 5539 Academiae,
