4748 6022
90 272 165 350 ιιι
504 324 507 338 .
658 266 1084 363 Quousrronus
1136 242 1539 341 scansurcan.

89 453 256 543 prodesse
288 448 527 538 cognitionem
556 447 762 537 linguarum
792 447 837 516 ad
861 445 1082 540 quaerendas
1133 439 1178 509 ad
1201 439 1278 509 eius
1299 441 1518 534 aequinoctii
1544 454 1675 512 metam
1700 443 1842 512 reversi.
1904 439 1954 513 Et
1976 443 2013 512 id
2038 465 2150 536 spa--

89 555 170 622 illas
188 551 344 621 illustres
358 564 393 620 et
407 550 587 643 simplices
602 549 805 632 sententias.
857 549 913 619 Ac
927 571 1029 638 saepe
1042 545 1081 613 iu
1134 542 1226 612 cium
1252 544 1475 613 distribuisse
1501 543 1540 610 iu
1565 544 1754 613 duodecim
1785 568 1926 614 menses
1947 544 2119 629 Lunares,

89 655 239 724 minutis
255 653 437 742 particulis
453 675 617 741 magnam
636 652 707 719 vim
723 673 797 719 esse
811 664 968 735 constat,
985 649 1081 743 quod
1133 644 1263 738 quibus
1281 647 1521 715 attribuerunt
1537 643 1701 737 Epactas.
1752 643 1830 715 Hoc
1845 648 1894 717 ita
1911 671 1985 716 esse
2004 642 2119 718 histo-

89 759 197 826 velim
214 756 367 844 cogitare
383 757 643 844 adolescentes,
659 768 692 825 et
706 749 792 822 haec
809 753 926 823 studia
941 753 1082 840 lingua-
1134 747 1186 815 ria
1202 741 1326 816 Nohae
1341 758 1507 831 testatur,
1534 748 1572 815 in
1595 772 1663 841 qua
1684 749 1859 817 mensium
1884 752 1972 819 ordo
1998 772 2119 819 recen-

89 884 171 930 rum
194 858 404 948 diligentius
431 859 564 942 colere,
592 870 626 926 et
651 880 688 925 se
709 856 897 931 amandam
920 853 1082 946 proprie·
1133 861 1230 918 setur
1245 848 1313 930 ita,
1338 863 1380 920 ut
1395 863 1561 942 appareat
1574 850 1763 920 duodecim
1780 852 1959 922 mensibus
1978 850 2117 935 exactis,

92 977 198 1051 tatem
225 962 263 1029 in
286 961 551 1051 interpretando
576 959 811 1039 adsuefacere.
862 955 994 1027 Defero
1018 980 1083 1024 au·
1134 974 1268 1020 aunum
1286 952 1501 1044 completum
1519 975 1603 1025 esse.
1655 951 1729 1024 Nec
1753 953 1908 1023 arbitror
1925 953 2001 1022 sine
2023 968 2118 1026 certo

91 1078 161 1134 tem
179 1058 271 1132 hanc
289 1063 530 1156 quaestionem
547 1062 585 1131 in
602 1060 799 1152 praesentia
816 1060 860 1128 ad
883 1062 1000 1129 virum
1016 1060 1083 1127 do-
1134 1053 1304 1138 consilio,
1325 1055 1372 1123 ita
1390 1054 1555 1146 scriptam
1572 1079 1646 1124 esse
1661 1057 1927 1126 annotationem
1942 1055 2119 1125 mensium

93 1166 312 1250 dissimum,
348 1163 401 1239 M.
428 1160 559 1235 Vitem
585 1156 891 1246 Wnshemium,
929 1161 1082 1231 amicum
1134 1170 1170 1226 et
1185 1156 1344 1240 dierum,
1369 1157 1500 1248 quibus
1516 1151 1618 1226 Nohe
1638 1157 1708 1227 fuit
1724 1157 1762 1225 in
1777 1157 1891 1241 Arca,
1916 1171 1957 1228 ut
1982 1158 2119 1227 duode-

91 1286 292 1348 meum‚-et
308 1288 412 1356 rogo,
436 1280 478 1338 ut
493 1291 570 1337 eam
588 1289 650 1336 seu
666 1260 736 1337 hoc
749 1280 912 1357 ternpore
930 1286 991 1332 seu
1009 1261 1081 1331 alio
1135 1258 1203 1326 cim
1219 1255 1362 1327 Menses
1378 1260 1544 1328 dicantur
1559 1260 1744 1348 completi,
1771 1274 1805 1329 et
1819 1261 1965 1351 insuper
1982 1261 2119 1335 addeu-

92 1370 255 1459 explicet.
310 1366 405 1442 Diri.
1136 1373 1194 1430 tur
1209 1360 1286 1428 dies
1304 1336 1436 1429 decern.
1471 1359 1714 1449 Significatum
1731 1374 1784 1430 est
1801 1363 1914 1446 enim,
1939 1357 2043 1432 Nohe
2060 1361 2119 1430 in·

2046 269 2121 340 746

104 1613 1070 1630 *mm—*wom—

851 1769 882 1832 4.
892 1767 976 1852 Sept.
988 1765 1081 1832 1544.

860 1862 1073 1895 Μ

161 1980 192 2033 lu
209 1979 373 2049 Quaestion.
389 1997 416 2050 p.
433 1977 468 2032 53
482 1995 524 2049 sq.
560 1979 630 2032 ltern
648 1975 679 2028 in
693 1975 791 2031 Select.
805 1972 1083 2044 nectutvpsos.

193 2049 325 2106 Richard.
341 2050 360 2104 l.
375 2068 402 2121 p.
414 2047 477 2103 44³.

92 2228 267 2312 Quaestio
296 2221 344 2292 de
371 2220 594 2292 discrimine
619 2243 807 2293 annorum
830 2219 934 2313 opud
960 2218 1084 2291 diver-

1136 1476 1272 1552 tegrum
1290 1463 1375 1531 solis
1389 1464 1731 1553 annumcomplesse
1746 1463 1785 1531 in
1796 1459 1908 1547 Arca,
1931 1486 2012 1533 cum
2027 1466 2120 1532 duo·

1137 1565 1250 1633 decim
1273 1589 1412 1635 menses
1430 1561 1591 1636 Lunares
1615 1566 1665 1634 ibi
1695 1566 1884 1657 peregerit,
1918 1577 1952 1634 et
1980 1579 2118 1656 epactas

1137 1668 1267 1740 decem.
1326 1665 1382 1738 Sit
1404 1668 1513 1757 igitur
1535 1681 1628 1738 certa
1650 1662 1736 1737 haec
1758 1667 1950 1750 sententia,
1983 1690 2121 1758 semper

1136 1769 1230 1860 apud
1245 1770 1401 1841 eruditas
1425 1784 1545 1860 gentes
1563 1770 1650 1839 anni
1673 1771 1829 1862 spacium
1852 1769 1958 1841 luisse
1983 1769 2131 1855 duode-J

1136 1870 1204 1939 cirn
1219 1895 1355 1941 menses
1364 1871 1541 1958 Lunares,
1568 1886 1602 1941 et
1617 1885 1757 1964 epactas
1772 1873 1929 1965 aliquas,
1956 1895 2042 1964 quas
2059 1868 2121 1939 alii

1136 1973 1265 2062 magis,
1289 1972 1350 2043 alii
1366 1975 1486 2043 minus
1501 1975 1720 2045 considerate
1735 1975 1922 2045 duodecim
1940 1972 2120 2042 mensibus

1136 2075 1361 2145 addiderunt.
1423 2075 1494 2147 Sed
1521 2077 1612 2146 illud
1647 2090 1802 2162 constat,
1832 2077 1935 2147 initia
1963 2077 2048 2145 anni
2075 2075 2120 2143 de

1135 2176 1311 2246 industria
1327 2179 1461 2248 variata
1477 2201 1561 2251 esse.
1599 2173 1745 2247 Certum
1761 2191 1829 2261 est,
1846 2178 1957 2247 Moisi
1975 2178 2119 2247 initium

1138 2279 1224 2347 anni
1248 2300 1321 2347 esse
1343 2303 1362 2348 a
1387 2300 1498 2348 verno
1523 2279 1767 2372 aequinoctio,
1785 2275 1860 2349 ‘hoc
1880 2293 1948 2363 est,
1975 2278 2118 2356 anovi-

51 2340 55 2347 ’
91 2333 330 2421 serpentes,
359 2334 550 2396 eteorum
578 2324 860 2416 commoditate,
887 2325 1084 2415 proposito

94 2454 118 2501 α
146 2424 210 2499 M.
237 2418 524 2500 Sebastiano
554 2425 848 2512 Theoderico
875 2423 1084 2514 Winslie-
1554 2484 1562 2500 .
1683 2489 1689 2497 ,
1924 2485 1932 2499 .
2003 2482 2026 2499 ..
2071 2483 2079 2498 .

1137 2484 1264 2551 cedens
1278 2505 1339 2552 seu
1355 2506 1525 2576 sequens,
1552 2496 1600 2552 1ta
1616 2496 1754 2562 tamen,
1781 2498 1821 2554 ut
1837 2483 2121 2575 plenilunudres

294 2552 405 2617 Μ’
434 2525 748 2631 α”’-1544’ά’4’
773 2534 879 2621 Sept‘
1137 2601 1342 2677 sequeretur
1374 2585 1649 2686 aequinoctium.
1717 2581 1766 2655 Et
1799 2586 1954 2655 eundern·
1982 2608 2118 2654 morem

93 2672 189 2756 Non
200 2683 247 2751 ad
269 2682 412 2749 inanem
427 2681 699 2749 ostentationem
722 2673 809 2748 baec
831 2678 975 2752 dicendi
996 2702 1084 2747 con·
1136 2686 1244 2755 fuisse
1269 2684 1549 2779 Aegyptiorum,
1583 2688 1633 2757 ait
1657 2685 1876 2780 Simplicius.
1935 2683 2021 2756 Asia
2045 2688 2120 2755 for-

94 2785 247 2855 suetudo
272 2783 529 2861 instituisset,
562 2806 628 2856 nec
661 2782 741 2850 ludi
769 2794 906 2851 tantum
930 2781 1083 2871 pueriles
1138 2788 1237 2856 tassis
1262 2789 1381 2858 studio
1404 2790 1559 2882 quodam
1580 2782 2017 2861 dissentienti‘inclroavit
2054 2811 2120 2857 an-

94 2902 179 2957 sunt
192 2881 279 2955 haec
296 2880 503 2954 scholastica
518 2884 727 2975 spectacula,
750 2884 812 2951 sed
829 2883 992 2961 exercitia
1009 2883 1083 2953 uti·
1135 2913 1222 2959 num
1243 2890 1287 2959 ab
1312 2891 1538 2984 aequinoctio
1560 2893 1770 2964 autumnali.
1832 2890 1873 2961 ld
1894 2909 2034 2987 quoque
2059 2887 2120 2960 lu-

94 2990 143 3058 lia
168 2987 308 3059 studiis.
360 2988 446 3056 ldeo
471 3000 506 3056 et
531 2986 652 3056 venire
674 2984 899 3075 gravissimos
924 2984 1020 3053 viros
1042 2984 1081 3052 in
1136 2992 1214 3061 daei
1238 3007 1394 3063 recentes
1415 2995 1605 3063 nominant
1627 2994 1712 3063 anni
1737 2993 1893 3063 initium.
1956 2990 2119 3086 Cumque

94 3088 193 3161 hunc
212 3112 413 3161 consessum
429 3089 605 3173 arbitror,
630 3112 676 3156 nc
690 3109 809 3156 mores
826 3087 964 3157 utiliter
978 3087 1081 3157 insti·
1136 3093 1317 3182 ignorent,
1344 3120 1380 3165 se
1403 3120 1422 3164 a
1445 3096 1594 3176 vicinis,
1620 3096 1753 3189 quibus
1768 3109 1847 3186 post
1863 3095 2119 3185 dispersionem

96 3194 166 3265 tuti
181 3192 401 3261 aboleantur.
457 3188 579 3279 Quare
601 3205 636 3261 et
662 3212 728 3259 nos
752 3188 992 3259 adolescentes
1017 3189 1084 3259 ob·
1139 3196 1307 3286 permixti
1321 3198 1485 3282 suerunt,
1513 3194 1608 3268 hunc
1627 3222 1762 3266 morem
1778 3197 1965 3289 accepisse,
1992 3221 2027 3266 se
2053 3221 2122 3288 pu-

94 3311 292 3385 temperare
309 3293 560 3364 consuetudini
576 3294 692 3373 decet,
716 3316 807 3384 quae
829 3293 907 3362 ellit
930 3291 1083 3362 necessi·
1135 3310 1213 3367 tant
1233 3313 1372 3369 autores
1397 3322 1488 3383 esse,
1513 3314 1547 3370 et
1560 3312 1738 3391 quaerunt
1759 3323 1800 3368 ex
1816 3300 1892 3389 lege
1908 3299 2120 3384 testimonia,

95 3410 205 3467 tatem
224 3396 367 3466 dicendi
380 3395 555 3486 imponit,
579 3397 669 3464 elios
685 3395 785 3464 iubet
801 3395 936 3485 placide
947 3395 1081 3464 audire.
1136 3401 1194 3468 sed
1211 3418 1309 3469 secus
1323 3400 1512 3474 intellecta.
1564 3398 1705 3471 Rursus
1720 3402 1765 3472 ab
1774 3399 1955 3497 Aegyptiis
1969 3414 2002 3470 et
2015 3402 2120 3472 Asia-

94 3497 194 3568 Haec
215 3523 272 3569 me
288 3521 392 3568 causa
415 3522 496 3568 cum
519 3498 655 3591 aliquid
676 3496 715 3563 in
741 3493 808 3565 hoc
832 3491 1080 3565 honestissimo
1136 3502 1215 3570 ticis
1235 3501 1419 3573 variarunt
1441 3498 1591 3585 Graeci,
1618 3503 1747 3595 quibus
1767 3503 1855 3570 anni
1883 3502 2026 3571 initium
2049 3503 2120 3570 fuit

97 3623 264 3671 consessu
278 3602 396 3670 dicere
415 3594 535 3689 cogat,
560 3622 689 3691 quaeso
716 3620 761 3666 ne
782 3621 839 3665 me
862 3597 1081 3687 impudentia
1135 3603 1480 3690 asolstitioaestivo.
1532 3601 1638 3674 Unde
1654 3603 1761 3674 fuerit
1775 3605 1931 3673 studium
1945 3603 2120 3689 variandi,

94 3698 188 3771 mihi
214 3702 404 3791 sumpsisse
429 3696 493 3768 has
508 3713 624 3789 partes
639 3699 862 3782 existimetis,
887 3700 946 3767 sed
964 3698 1081 3769 officio
1136 3705 1275 3789 nescio,
1302 3707 1362 3774 sed
1386 3720 1505 3776 tamen
1524 3703 1647 3774 Latini
1667 3729 1687 3775 a
1709 3702 1844 3775 Graeca
1865 3706 2120 3775 consuetudine

95 3805 289 3873 adductum
313 3824 387 3870 esse
407 3803 449 3869 ad
469 3801 681 3885 dicendum,
708 3815 746 3871 ut
768 3798 949 3872 autoritati
973 3800 1081 3873 Prae-
1137 3807 1392 3892 discesserunt,
1425 3820 1461 3877 et
1491 3810 1626 3876 aurium
1659 3807 1854 3879 asolstitio
1875 3803 2035 3900 hyberno
2062 3808 2120 3877 in-

97 3918 280 3994 ceptorum
304 3917 338 3973 ει
360 3903 611 3973 consuetudini
638 3926 774 3972 morem
799 3927 930 3994 geram.
982 3903 1082 3976 Alias
1135 3903 1319 3979 cboarunt.
1381 3908 1478 3980 Haec
1509 3909 1661 3981 varietas
1694 3909 1976 3980 consideratione
2011 3910 2119 3999 digna

95 4022 215 4078 autem
240 4007 286 4075 de
308 4004 389 4075 aliis
412 4006 571 4075 materiis
594 4005 800 4086 disseritur,
833 4019 973 4076 etcum
996 4003 1082 4076 baec
1135 4025 1205 4096 est,
1231 4011 1396 4081 etlucem
1416 4007 1574 4082 historiis
1592 4008 1789 4092 Ecclesiae,
1814 4025 1848 4080 et
1865 4012 2016 4082 aliarum
2032 4034 2120 4101 gen.

95 4123 216 4180 nostra
237 4102 492 4197 philosophica
517 4109 632 4178 studia
661 4108 794 4177 servire
815 4102 994 4178 Ecclesiae
1018 4111 1080 4179 de·
1135 4115 1224 4185 tium
1250 4115 1375 4186 adfert.
1424 4110 1473 4203 Et
1501 4112 1685 4204 diligentia
1707 4113 1747 4180 in
1767 4114 1855 4182 anni
1881 4114 2120 4205 descriptione

95 4213 223 4294 beant,
250 4235 325 4280 non
341 4209 629 4301 intempestivum
647 4222 717 4294 est,
733 4203 793 4279 bic
808 4210 957 4280 recitare
971 4236 1081 4305 quae-
1135 4217 1378 4305 coguoscenda
1408 4228 1444 4284 et
1464 4215 1667 4305 retinenda,
1701 4214 1805 4284 valde
1836 4215 2030 4286 necessaria
2058 4229 2119 4285 est.

39 4303 44 4310 ⁴
95 4314 244 4394 stiones,
271 4335 361 4407 qnae
376 4311 513 4405 aliquid
529 4311 619 4384 lucis
637 4311 806 4382 adferunt
829 4311 969 4404 scriptis
992 4313 1081 4384 Pro-
1135 4313 1223 4387 Vult
1238 4317 1333 4385 enim
1348 4313 1445 4385 Deus
1460 4339 1525 4386 uos
1547 4308 1636 4387 scire
1651 4318 1828 4386 mundum
1843 4318 2017 4409 coepisse,
2043 4318 2121 4388 vult

95 4412 254 4506 pheticis.
343 4463 349 4477 .
1137 4419 1267 4487 animis
1287 4432 1383 4489 retro
1404 4418 1474 4508 legi
1492 4419 1618 4489 ,omnia
1642 4414 1822 4489 Ecclesiae
1842 4432 2019 4511 tempora,
2044 4420 2121 4491 vult

198 4514 333 4585 Passim
348 4513 478 4605 legitur
493 4515 679 4586 dissimilia
698 4516 807 4587 luisse
834 4517 950 4608 spacia
966 4538 1082 4585 anno·
1134 4521 1259 4590 seriem
1282 4515 1513 4591 historiarum
1535 4521 1703 4612 conspici.
1763 4518 1903 4592 Horum
1927 4516 2020 4590 nibil
2042 4521 2120 4591 fieri

96 4642 197 4701 rum,
222 4618 316 4706 apud
335 4617 490 4686 diversas
504 4632 635 4706 gentes.
671 4618 853 4692 Arcadum
871 4615 1080 4690 annosTri·
1135 4635 1267 4712 posset,
1296 4622 1325 4692 si
1349 4623 1437 4692 anni
1458 4624 1648 4716 descriptio
1673 4637 1767 4694 certa
1795 4622 1897 4692 nulla
1927 4636 2118 4694 teneretur.

92 4731 243 4787 ¹mestres
260 4718 368 4788 fuisse
384 4732 542 4792 narrant.
587 4718 737 4792 Romuli
752 4747 847 4792 anuo
863 4723 982 4792 decem
1000 4735 1078 4791 tan·
1134 4723 1254 4811 Quare
1268 4721 1354 4796 haec
1370 4725 1487 4810 studia
1497 4715 1654 4796 “amanda
1673 4738 1708 4794 et
1725 4724 1873 4792 colenda
1891 4718 1985 4796 sunt.
2026 4723 2118 4795 Cum

96 4836 172 4890 tum
196 4814 532 4890 menses‘tribuunt.
591 4819 779 4911 Leguntur
798 4839 834 4894 et
854 4825 923 4893 alia
954 4825 1079 4891 absur-
1132 4838 1250 4894 autem
1265 4828 1541 4898 multaesintin
1560 4823 1919 4916 hacrequaestiones,
1936 4828 2117 4916 quomodo

97 4924 210 4991 diora.
262 4919 358 4990 Haec
381 4921 447 4989 etsi
472 4920 592 4989 omnia
615 4924 775 4993 fabulosa
812 4948 886 4993 esse
914 4925 1080 5007 arbitror,
1132 4942 1331 5015 congruant
1357 4928 1546 4999 duodecim
1583 4945 1719 4995 meuses
1749 4923 1910 4995 Lunares
1942 4928 1988 4997 ad
2023 4925 2118 4998 Solis

97 5039 216 5096 tamen
232 5023 466 5092 concedamus
489 5019 595 5107 sane,
619 5024 757 5117 aliquas
777 5024 974 5093 ineruditas
993 5046 1079 5112 gen·
1132 5030 1299 5098 cursum?
1357 5027 1456 5117 Quid
1487 5028 1628 5097 differat
1664 5047 1781 5096 annus
1812 5024 1992 5111 lulianus,
2045 5056 2117 5122 quo

96 5140 149 5196 tes
174 5127 304 5195 oblitas
333 5147 406 5194 esse
426 5123 625 5194 doctrinam
648 5126 692 5194 de
714 5150 828 5206 anno,
863 5125 1079 5195 traditama
1131 5152 1227 5199 nunc
1252 5131 1407 5215 utimur,
1432 5152 1452 5199 a
1475 5143 1592 5197 vetere
1608 5127 1792 5201 Moesico?
1840 5127 1890 5201 Et
1912 5155 2002 5225 quae
2024 5132 2116 5202 ratio

96 5230 221 5321 primis
237 5227 419 5297 Patribus:
448 5225 586 5295 Tamen
600 5226 691 5296 illud
708 5241 844 5298 certum
859 5240 931 5311 est,
946 5225 1080 5311 Patres,
1129 5230 1176 5300 sit
1204 5232 1424 5322 expeditior?
1482 5225 1735 5319 Quaestionem
1762 5226 1856 5302 hanc
1882 5234 1927 5302 ad
1953 5232 2117 5302 doctissi-

95 5333 160 5426 qui
176 5328 355 5401 Ecclesiae
378 5331 630 5421 gubernatores
652 5331 820 5412 fuerunt,
850 5352 986 5402 annum
1011 5354 1078 5399 vo·
1131 5357 1228 5403 mum
1243 5333 1361 5403 virum
1378 5329 1627 5403 M.Erasmum
1642 5330 1829 5406 Reinhold
1847 5334 2112 5406 Salveldensem
2160 5342 2165 5351 '

95 5459 174 5506 care
195 5435 338 5519 solitos,
366 5456 507 5504 cursum
527 5431 623 5504 Solis
647 5433 693 5503 ab
715 5431 939 5528 aequinoctio
954 5430 1077 5503 Verno
1129 5437 1269 5523 deiero,
1293 5450 1328 5507 et
1350 5448 1430 5527 peto
1451 5436 1752 5529 explicationem,
1769 5460 1834 5509 cur
1854 5437 1980 5509 utilior
2001 5453 2035 5509 et
2055 5461 2112 5508 ex·

1137 2380 1259 2464 lunio,
1279 2382 1374 2474 quod
1395 2374 1596 2472 proximum
1611 2382 1680 2451 fuit
1697 2381 1922 2474 aequinoctio
1939 2404 2000 2450 seu
2019 2402 2121 2472 prae-
