<?xml version="1.0" encoding="UTF-8"?>
<!DOCTYPE html PUBLIC "-//W3C//DTD XHTML 1.0 Transitional//EN"
    "http://www.w3.org/TR/xhtml1/DTD/xhtml1-transitional.dtd">
<html xmlns="http://www.w3.org/1999/xhtml" xml:lang="en" lang="en">
 <head>
  <title>
</title>
<meta http-equiv="Content-Type" content="text/html;charset=utf-8" />
  <meta name='ocr-system' content='tesseract 3.04.00' />
  <meta name='ocr-capabilities' content='ocr_page ocr_carea ocr_par ocr_line ocrx_word'/>
</head>
<body>
  <div class='ocr_page' id='page_1' title='image "./philippimelanth18melagoog/philippimelanth18melagoog_0462.png"; bbox 0 0 4748 6022; ppageno 0'>
   <div class='ocr_carea' id='block_1_1' title="bbox 159 208 2213 345">
    <p class='ocr_par' dir='ltr' id='par_1_1' title="bbox 159 208 2213 345">
     <span class='ocr_line' id='line_1_1' title="bbox 159 208 2213 345; baseline -0.005 -36"><span class='ocrx_word' id='word_1_1' title='bbox 159 232 263 309; x_wconf 81' lang='lat' dir='ltr'>ors</span> <span class='ocrx_word' id='word_1_2' title='bbox 777 222 1196 322; x_wconf 77' lang='lat' dir='ltr'>ouaasrrouus</span> <span class='ocrx_word' id='word_1_3' title='bbox 1231 208 1634 345; x_wconf 76' lang='lat' dir='ltr'>scanuurcuu</span> <span class='ocrx_word' id='word_1_4' title='bbox 2139 224 2213 298; x_wconf 81' lang='lat' dir='ltr'>ors</span> 
     </span>
    </p>
   </div>
   <div class='ocr_carea' id='block_1_2' title="bbox 156 390 2209 3024">
    <p class='ocr_par' dir='ltr' id='par_1_2' title="bbox 580 390 2209 491">
     <span class='ocr_line' id='line_1_2' title="bbox 580 390 2209 491; baseline 0.001 -26"><span class='ocrx_word' id='word_1_5' title='bbox 580 390 765 477; x_wconf 69' lang='lat' dir='ltr'>Responsio·</span> <span class='ocrx_word' id='word_1_6' title='bbox 1090 481 1091 484; x_wconf 8' lang='grc' dir='ltr'><strong>Ἴ</strong></span> <span class='ocrx_word' id='word_1_7' title='bbox 1321 395 1418 466; x_wconf 88' lang='lat' dir='ltr'>Haec</span> <span class='ocrx_word' id='word_1_8' title='bbox 1431 395 1638 467; x_wconf 88' lang='lat' dir='ltr'>brevissime</span> <span class='ocrx_word' id='word_1_9' title='bbox 1655 421 1752 468; x_wconf 88' lang='lat' dir='ltr'>nunc</span> <span class='ocrx_word' id='word_1_10' title='bbox 1773 396 1941 491; x_wconf 78' lang='lat' dir='ltr'>respondi</span> <span class='ocrx_word' id='word_1_11' title='bbox 1956 398 2080 469; x_wconf 85' lang='lat' dir='ltr'>detua</span> <span class='ocrx_word' id='word_1_12' title='bbox 2098 421 2209 491; x_wconf 85' lang='lat' dir='ltr'>quae-</span> 
     </span>
    </p>

    <p class='ocr_par' dir='ltr' id='par_1_3' title="bbox 156 490 2208 1912">
     <span class='ocr_line' id='line_1_3' title="bbox 279 490 2208 595; baseline 0.003 -30"><span class='ocrx_word' id='word_1_13' title='bbox 279 493 397 566; x_wconf 85' lang='lat' dir='ltr'>Multa</span> <span class='ocrx_word' id='word_1_14' title='bbox 421 490 512 566; x_wconf 90' lang='lat' dir='ltr'>mihi</span> <span class='ocrx_word' id='word_1_15' title='bbox 530 501 696 589; x_wconf 70' lang='lat' dir='ltr'>cogitanti</span> <span class='ocrx_word' id='word_1_16' title='bbox 713 503 757 569; x_wconf 89' lang='lat' dir='ltr'>de</span> <span class='ocrx_word' id='word_1_17' title='bbox 778 496 843 569; x_wconf 90' lang='lat' dir='ltr'>hac</span> <span class='ocrx_word' id='word_1_18' title='bbox 857 499 1080 593; x_wconf 78' lang='lat' dir='ltr'>quaestione,</span> <span class='ocrx_word' id='word_1_19' title='bbox 1106 499 1168 569; x_wconf 82' lang='lat' dir='ltr'>fir-</span> <span class='ocrx_word' id='word_1_20' title='bbox 1218 499 1351 586; x_wconf 84' lang='lat' dir='ltr'>stione,</span> <span class='ocrx_word' id='word_1_21' title='bbox 1383 514 1418 569; x_wconf 91' lang='lat' dir='ltr'>ct</span> <span class='ocrx_word' id='word_1_22' title='bbox 1442 496 1533 568; x_wconf 88' lang='lat' dir='ltr'>hanc</span> <span class='ocrx_word' id='word_1_23' title='bbox 1557 499 1826 591; x_wconf 71' lang='lat' dir='ltr'>explicationem</span> <span class='ocrx_word' id='word_1_24' title='bbox 1855 501 1974 572; x_wconf 92' lang='lat' dir='ltr'>iudico</span> <span class='ocrx_word' id='word_1_25' title='bbox 1999 525 2136 587; x_wconf 85' lang='lat' dir='ltr'>veram,</span> <span class='ocrx_word' id='word_1_26' title='bbox 2163 514 2208 595; x_wconf 55' lang='lat' dir='ltr'>‚et</span> 
     </span>
     <span class='ocr_line' id='line_1_4' title="bbox 173 591 1779 696; baseline 0.003 -26"><span class='ocrx_word' id='word_1_27' title='bbox 173 596 330 670; x_wconf 88' lang='lat' dir='ltr'>missima</span> <span class='ocrx_word' id='word_1_28' title='bbox 355 591 440 668; x_wconf 85' lang='lat' dir='ltr'>baec</span> <span class='ocrx_word' id='word_1_29' title='bbox 467 602 650 691; x_wconf 84' lang='lat' dir='ltr'>responsio</span> <span class='ocrx_word' id='word_1_30' title='bbox 673 603 831 682; x_wconf 85' lang='lat' dir='ltr'>videtur,</span> <span class='ocrx_word' id='word_1_31' title='bbox 862 616 896 673; x_wconf 90' lang='lat' dir='ltr'>et</span> <span class='ocrx_word' id='word_1_32' title='bbox 919 626 1008 696; x_wconf 87' lang='lat' dir='ltr'>quac</span> <span class='ocrx_word' id='word_1_33' title='bbox 1037 602 1166 672; x_wconf 86' lang='lat' dir='ltr'>multas</span> <span class='ocrx_word' id='word_1_34' title='bbox 1217 601 1285 692; x_wconf 90' lang='lat' dir='ltr'>plis</span> <span class='ocrx_word' id='word_1_35' title='bbox 1301 603 1479 671; x_wconf 88' lang='lat' dir='ltr'>mentibus</span> <span class='ocrx_word' id='word_1_36' title='bbox 1492 602 1681 672; x_wconf 88' lang='lat' dir='ltr'>salutarem</span> <span class='ocrx_word' id='word_1_37' title='bbox 1694 624 1779 676; x_wconf 82' lang='lat' dir='ltr'>csse.</span> 
     </span>
     <span class='ocr_line' id='line_1_5' title="bbox 173 698 2205 783; baseline 0.003 -13"><span class='ocrx_word' id='word_1_38' title='bbox 173 698 415 770; x_wconf 78' lang='lat' dir='ltr'>dubitationes</span> <span class='ocrx_word' id='word_1_39' title='bbox 437 700 543 776; x_wconf 84' lang='lat' dir='ltr'>tollit.</span> <span class='ocrx_word' id='word_1_40' title='bbox 594 700 864 783; x_wconf 85' lang='lat' dir='ltr'>Etiamsi-valde</span> <span class='ocrx_word' id='word_1_41' title='bbox 889 703 1000 773; x_wconf 91' lang='lat' dir='ltr'>multa</span> <span class='ocrx_word' id='word_1_42' title='bbox 1014 700 1112 773; x_wconf 89' lang='lat' dir='ltr'>Deus</span> <span class='ocrx_word' id='word_1_43' title='bbox 1127 704 1164 772; x_wconf 91' lang='lat' dir='ltr'>in</span> <span class='ocrx_word' id='word_1_44' title='bbox 1321 702 1431 773; x_wconf 87' lang='lat' dir='ltr'>Porro</span> <span class='ocrx_word' id='word_1_45' title='bbox 1444 704 1485 771; x_wconf 91' lang='lat' dir='ltr'>in</span> <span class='ocrx_word' id='word_1_46' title='bbox 1499 703 1594 773; x_wconf 89' lang='lat' dir='ltr'>dicto</span> <span class='ocrx_word' id='word_1_47' title='bbox 1608 701 1819 772; x_wconf 79' lang='lat' dir='ltr'>Nazianzeni</span> <span class='ocrx_word' id='word_1_48' title='bbox 1837 705 1981 773; x_wconf 87' lang='lat' dir='ltr'>verbum</span> <span class='ocrx_word' id='word_1_49' title='bbox 1996 716 2048 774; x_wconf 93' lang='lat' dir='ltr'>est</span> <span class='ocrx_word' id='word_1_50' title='bbox 2069 707 2205 778; x_wconf 85' lang='grc' dir='ltr'><strong><em>καλου-</em></strong></span> 
     </span>
     <span class='ocr_line' id='line_1_6' title="bbox 173 799 2204 897; baseline 0.002 -26"><span class='ocrx_word' id='word_1_51' title='bbox 173 803 341 873; x_wconf 89' lang='lat' dir='ltr'>omnibus</span> <span class='ocrx_word' id='word_1_52' title='bbox 357 802 486 870; x_wconf 86' lang='lat' dir='ltr'>sanctis</span> <span class='ocrx_word' id='word_1_53' title='bbox 501 804 618 888; x_wconf 87' lang='lat' dir='ltr'>elficit,</span> <span class='ocrx_word' id='word_1_54' title='bbox 644 805 683 873; x_wconf 91' lang='lat' dir='ltr'>in</span> <span class='ocrx_word' id='word_1_55' title='bbox 701 805 830 897; x_wconf 87' lang='lat' dir='ltr'>quibus</span> <span class='ocrx_word' id='word_1_56' title='bbox 846 806 1009 875; x_wconf 89' lang='lat' dir='ltr'>voluntas</span> <span class='ocrx_word' id='word_1_57' title='bbox 1027 819 1164 876; x_wconf 88' lang='lat' dir='ltr'>tantum</span> <span class='ocrx_word' id='word_1_58' title='bbox 1215 799 1356 894; x_wconf 79' lang='grc' dir='ltr'>μένοις,</span> <span class='ocrx_word' id='word_1_59' title='bbox 1384 808 1514 897; x_wconf 89' lang='lat' dir='ltr'>dequo</span> <span class='ocrx_word' id='word_1_60' title='bbox 1533 805 1687 874; x_wconf 84' lang='lat' dir='ltr'>dubitari</span> <span class='ocrx_word' id='word_1_61' title='bbox 1705 819 1837 895; x_wconf 87' lang='lat' dir='ltr'>potest,</span> <span class='ocrx_word' id='word_1_62' title='bbox 1864 830 1908 874; x_wconf 96' lang='lat' dir='ltr'>an</span> <span class='ocrx_word' id='word_1_63' title='bbox 1927 806 2078 875; x_wconf 89' lang='lat' dir='ltr'>voluerit</span> <span class='ocrx_word' id='word_1_64' title='bbox 2096 806 2204 876; x_wconf 91' lang='lat' dir='ltr'>intel-</span> 
     </span>
     <span class='ocr_line' id='line_1_7' title="bbox 156 902 2203 994; baseline 0.001 -20"><span class='ocrx_word' id='word_1_65' title='bbox 156 902 436 976; x_wconf 81' lang='lat' dir='ltr'>&#39;estsubiectum</span> <span class='ocrx_word' id='word_1_66' title='bbox 453 905 606 994; x_wconf 86' lang='lat' dir='ltr'>patiens,</span> <span class='ocrx_word' id='word_1_67' title='bbox 632 920 670 974; x_wconf 91' lang='lat' dir='ltr'>ut</span> <span class='ocrx_word' id='word_1_68' title='bbox 686 931 767 976; x_wconf 91' lang='lat' dir='ltr'>cum</span> <span class='ocrx_word' id='word_1_69' title='bbox 785 924 946 978; x_wconf 88' lang='lat' dir='ltr'>servatur</span> <span class='ocrx_word' id='word_1_70' title='bbox 961 905 1089 976; x_wconf 89' lang='lat' dir='ltr'>Daniel</span> <span class='ocrx_word' id='word_1_71' title='bbox 1109 906 1165 975; x_wconf 91' lang='lat' dir='ltr'>in·</span> <span class='ocrx_word' id='word_1_72' title='bbox 1217 907 1298 993; x_wconf 82' lang='lat' dir='ltr'>ligi,</span> <span class='ocrx_word' id='word_1_73' title='bbox 1322 907 1453 976; x_wconf 81' lang='lat' dir='ltr'>vocatis</span> <span class='ocrx_word' id='word_1_74' title='bbox 1468 920 1529 975; x_wconf 89' lang='lat' dir='ltr'>aut</span> <span class='ocrx_word' id='word_1_75' title='bbox 1544 906 1803 981; x_wconf 80' lang='lat' dir='ltr'>invocantibus.</span> <span class='ocrx_word' id='word_1_76' title='bbox 1855 905 1944 976; x_wconf 90' lang='lat' dir='ltr'>Nam</span> <span class='ocrx_word' id='word_1_77' title='bbox 1961 902 2016 975; x_wconf 91' lang='lat' dir='ltr'>his</span> <span class='ocrx_word' id='word_1_78' title='bbox 2031 909 2092 977; x_wconf 89' lang='lat' dir='ltr'>dat</span> <span class='ocrx_word' id='word_1_79' title='bbox 2106 905 2203 977; x_wconf 90' lang='lat' dir='ltr'>Deus</span> 
     </span>
     <span class='ocr_line' id='line_1_8' title="bbox 176 1005 2203 1099; baseline 0.002 -25"><span class='ocrx_word' id='word_1_80' title='bbox 176 1019 228 1076; x_wconf 93' lang='lat' dir='ltr'>ter</span> <span class='ocrx_word' id='word_1_81' title='bbox 266 1005 405 1090; x_wconf 85' lang='lat' dir='ltr'>leones,</span> <span class='ocrx_word' id='word_1_82' title='bbox 459 1021 575 1075; x_wconf 90' lang='lat' dir='ltr'>tamen</span> <span class='ocrx_word' id='word_1_83' title='bbox 614 1008 732 1097; x_wconf 84' lang='lat' dir='ltr'>regula</span> <span class='ocrx_word' id='word_1_84' title='bbox 772 1008 1020 1077; x_wconf 81' lang='lat' dir='ltr'>universaliter</span> <span class='ocrx_word' id='word_1_85' title='bbox 1059 1010 1164 1078; x_wconf 91' lang='lat' dir='ltr'>nobis</span> <span class='ocrx_word' id='word_1_86' title='bbox 1215 1006 1388 1098; x_wconf 86' lang='lat' dir='ltr'>Spiritum</span> <span class='ocrx_word' id='word_1_87' title='bbox 1413 1020 1591 1091; x_wconf 89' lang='lat' dir='ltr'>sanctum,</span> <span class='ocrx_word' id='word_1_88' title='bbox 1617 1032 1706 1099; x_wconf 89' lang='lat' dir='ltr'>quos</span> <span class='ocrx_word' id='word_1_89' title='bbox 1728 1025 1828 1080; x_wconf 89' lang='lat' dir='ltr'>vocat</span> <span class='ocrx_word' id='word_1_90' title='bbox 1851 1011 1934 1078; x_wconf 89' lang='lat' dir='ltr'>dato</span> <span class='ocrx_word' id='word_1_91' title='bbox 1957 1009 2078 1078; x_wconf 85' lang='lat' dir='ltr'>verbo.</span> <span class='ocrx_word' id='word_1_92' title='bbox 2130 1007 2203 1079; x_wconf 91' lang='lat' dir='ltr'>Sed</span> 
     </span>
     <span class='ocr_line' id='line_1_9' title="bbox 173 1105 2153 1202; baseline 0 -25"><span class='ocrx_word' id='word_1_93' title='bbox 173 1110 325 1178; x_wconf 89' lang='lat' dir='ltr'>tenenda</span> <span class='ocrx_word' id='word_1_94' title='bbox 340 1122 402 1180; x_wconf 88' lang='lat' dir='ltr'>est.</span> <span class='ocrx_word' id='word_1_95' title='bbox 435 1105 595 1177; x_wconf 81' lang='lat' dir='ltr'>Audiens</span> <span class='ocrx_word' id='word_1_96' title='bbox 610 1106 740 1198; x_wconf 81' lang='lat' dir='ltr'>Legem</span> <span class='ocrx_word' id='word_1_97' title='bbox 756 1135 817 1179; x_wconf 88' lang='lat' dir='ltr'>seu</span> <span class='ocrx_word' id='word_1_98' title='bbox 832 1107 1077 1198; x_wconf 85' lang='lat' dir='ltr'>Evangelium,</span> <span class='ocrx_word' id='word_1_99' title='bbox 1104 1134 1163 1178; x_wconf 85' lang='lat' dir='ltr'>ve·</span> <span class='ocrx_word' id='word_1_100' title='bbox 1213 1123 1393 1202; x_wconf 87' lang='lat' dir='ltr'>utrunque</span> <span class='ocrx_word' id='word_1_101' title='bbox 1404 1109 1697 1200; x_wconf 79' lang='lat' dir='ltr'>complectamur,</span> <span class='ocrx_word' id='word_1_102' title='bbox 1726 1125 1866 1180; x_wconf 83' lang='lat' dir='ltr'>vocatos</span> <span class='ocrx_word' id='word_1_103' title='bbox 1882 1124 1917 1179; x_wconf 88' lang='lat' dir='ltr'>et</span> <span class='ocrx_word' id='word_1_104' title='bbox 1937 1110 2153 1178; x_wconf 87' lang='lat' dir='ltr'>invocantes.</span> 
     </span>
     <span class='ocr_line' id='line_1_10' title="bbox 161 1206 2205 1301; baseline 0.001 -24"><span class='ocrx_word' id='word_1_105' title='bbox 161 1206 214 1299; x_wconf 75' lang='lat' dir='ltr'>¹lit</span> <span class='ocrx_word' id='word_1_106' title='bbox 239 1207 499 1292; x_wconf 84' lang='lat' dir='ltr'>obedientiam,</span> <span class='ocrx_word' id='word_1_107' title='bbox 525 1224 559 1278; x_wconf 92' lang='lat' dir='ltr'>et</span> <span class='ocrx_word' id='word_1_108' title='bbox 582 1223 677 1301; x_wconf 89' lang='lat' dir='ltr'>petat</span> <span class='ocrx_word' id='word_1_109' title='bbox 698 1212 881 1284; x_wconf 79' lang='lat' dir='ltr'>auxilium.</span> <span class='ocrx_word' id='word_1_110' title='bbox 934 1210 975 1280; x_wconf 93' lang='lat' dir='ltr'>ld</span> <span class='ocrx_word' id='word_1_111' title='bbox 998 1211 1162 1299; x_wconf 87' lang='lat' dir='ltr'>congruit</span> <span class='ocrx_word' id='word_1_112' title='bbox 1315 1208 1406 1281; x_wconf 90' lang='lat' dir='ltr'>Cum</span> <span class='ocrx_word' id='word_1_113' title='bbox 1433 1223 1550 1280; x_wconf 91' lang='lat' dir='ltr'>autem</span> <span class='ocrx_word' id='word_1_114' title='bbox 1584 1223 1618 1278; x_wconf 96' lang='lat' dir='ltr'>et</span> <span class='ocrx_word' id='word_1_115' title='bbox 1648 1234 1713 1279; x_wconf 91' lang='lat' dir='ltr'>nos</span> <span class='ocrx_word' id='word_1_116' title='bbox 1740 1236 1801 1301; x_wconf 93' lang='lat' dir='ltr'>per</span> <span class='ocrx_word' id='word_1_117' title='bbox 1825 1208 2061 1301; x_wconf 86' lang='lat' dir='ltr'>Evangelium</span> <span class='ocrx_word' id='word_1_118' title='bbox 2088 1210 2205 1281; x_wconf 88' lang='lat' dir='ltr'>vocati</span> 
     </span>
     <span class='ocr_line' id='line_1_11' title="bbox 172 1305 2204 1401; baseline -0 -20"><span class='ocrx_word' id='word_1_119' title='bbox 172 1312 216 1381; x_wconf 89' lang='lat' dir='ltr'>ad</span> <span class='ocrx_word' id='word_1_120' title='bbox 246 1305 331 1380; x_wconf 90' lang='lat' dir='ltr'>haee</span> <span class='ocrx_word' id='word_1_121' title='bbox 352 1311 460 1379; x_wconf 89' lang='lat' dir='ltr'>dicta:</span> <span class='ocrx_word' id='word_1_122' title='bbox 494 1308 689 1381; x_wconf 86' lang='lat' dir='ltr'>Praeeunte</span> <span class='ocrx_word' id='word_1_123' title='bbox 722 1312 852 1401; x_wconf 88' lang='lat' dir='ltr'>gratia,</span> <span class='ocrx_word' id='word_1_124' title='bbox 885 1312 1075 1385; x_wconf 86' lang='lat' dir='ltr'>comitante</span> <span class='ocrx_word' id='word_1_125' title='bbox 1098 1337 1163 1382; x_wconf 86' lang='lat' dir='ltr'>vo·</span> <span class='ocrx_word' id='word_1_126' title='bbox 1213 1313 1342 1396; x_wconf 85' lang='lat' dir='ltr'>simus,</span> <span class='ocrx_word' id='word_1_127' title='bbox 1371 1311 1425 1381; x_wconf 87' lang='lat' dir='ltr'>Te</span> <span class='ocrx_word' id='word_1_128' title='bbox 1446 1335 1588 1381; x_wconf 92' lang='lat' dir='ltr'>oramus</span> <span class='ocrx_word' id='word_1_129' title='bbox 1610 1311 1659 1380; x_wconf 87' lang='lat' dir='ltr'>fili</span> <span class='ocrx_word' id='word_1_130' title='bbox 1684 1310 1749 1381; x_wconf 88' lang='lat' dir='ltr'>Dei</span> <span class='ocrx_word' id='word_1_131' title='bbox 1775 1313 1925 1382; x_wconf 87' lang='lat' dir='ltr'>Domine</span> <span class='ocrx_word' id='word_1_132' title='bbox 1947 1312 2025 1381; x_wconf 88' lang='lat' dir='ltr'>lesu</span> <span class='ocrx_word' id='word_1_133' title='bbox 2049 1307 2204 1395; x_wconf 83' lang='lat' dir='ltr'>Christe,</span> 
     </span>
     <span class='ocr_line' id='line_1_12' title="bbox 160 1411 2202 1506; baseline 0.001 -26"><span class='ocrx_word' id='word_1_134' title='bbox 160 1412 317 1502; x_wconf 37' lang='lat' dir='ltr'>‚tuosne</span> <span class='ocrx_word' id='word_1_135' title='bbox 960 1475 963 1480; x_wconf 90' lang='lat'>.</span> <span class='ocrx_word' id='word_1_136' title='bbox 1213 1415 1376 1482; x_wconf 82' lang='lat' dir='ltr'>crucifixe</span> <span class='ocrx_word' id='word_1_137' title='bbox 1411 1436 1474 1503; x_wconf 91' lang='lat' dir='ltr'>pro</span> <span class='ocrx_word' id='word_1_138' title='bbox 1505 1414 1628 1496; x_wconf 91' lang='lat' dir='ltr'>nobis,</span> <span class='ocrx_word' id='word_1_139' title='bbox 1660 1414 1721 1506; x_wconf 88' lang='lat' dir='ltr'>qui</span> <span class='ocrx_word' id='word_1_140' title='bbox 1749 1415 1884 1482; x_wconf 82' lang='lat' dir='ltr'>dixisti:</span> <span class='ocrx_word' id='word_1_141' title='bbox 1919 1411 2048 1482; x_wconf 89' lang='lat' dir='ltr'>Venite</span> <span class='ocrx_word' id='word_1_142' title='bbox 2073 1414 2116 1482; x_wconf 95' lang='lat' dir='ltr'>ad</span> <span class='ocrx_word' id='word_1_143' title='bbox 2146 1436 2202 1482; x_wconf 89' lang='lat' dir='ltr'>me</span> 
     </span>
     <span class='ocr_line' id='line_1_13' title="bbox 159 1511 2201 1609; baseline -0.001 -26"><span class='ocrx_word' id='word_1_144' title='bbox 159 1602 163 1609; x_wconf 21' lang='lat'>⁸</span> <span class='ocrx_word' id='word_1_145' title='bbox 273 1511 435 1606; x_wconf 88' lang='lat' dir='ltr'>Cumque</span> <span class='ocrx_word' id='word_1_146' title='bbox 454 1513 616 1584; x_wconf 87' lang='lat' dir='ltr'>voluntas</span> <span class='ocrx_word' id='word_1_147' title='bbox 632 1513 807 1601; x_wconf 87' lang='lat' dir='ltr'>luctatur,</span> <span class='ocrx_word' id='word_1_148' title='bbox 833 1514 974 1606; x_wconf 87' lang='lat' dir='ltr'>signum</span> <span class='ocrx_word' id='word_1_149' title='bbox 989 1529 1059 1596; x_wconf 89' lang='lat' dir='ltr'>est,</span> <span class='ocrx_word' id='word_1_150' title='bbox 1085 1539 1161 1584; x_wconf 89' lang='lat' dir='ltr'>eam</span> <span class='ocrx_word' id='word_1_151' title='bbox 1213 1538 1354 1599; x_wconf 87' lang='lat' dir='ltr'>omnes,</span> <span class='ocrx_word' id='word_1_152' title='bbox 1384 1515 1448 1607; x_wconf 91' lang='lat' dir='ltr'>qui</span> <span class='ocrx_word' id='word_1_153' title='bbox 1470 1515 1657 1598; x_wconf 89' lang='lat' dir='ltr'>laboratis,</span> <span class='ocrx_word' id='word_1_154' title='bbox 1688 1528 1728 1586; x_wconf 92' lang='lat' dir='ltr'>ut</span> <span class='ocrx_word' id='word_1_155' title='bbox 1750 1514 1947 1585; x_wconf 75' lang='lat' dir='ltr'>miserearis</span> <span class='ocrx_word' id='word_1_156' title='bbox 1970 1515 2102 1592; x_wconf 88' lang='lat' dir='ltr'>nostri,</span> <span class='ocrx_word' id='word_1_157' title='bbox 2135 1538 2201 1583; x_wconf 91' lang='lat' dir='ltr'>uos</span> 
     </span>
     <span class='ocr_line' id='line_1_14' title="bbox 171 1610 1771 1709; baseline 0 -20"><span class='ocrx_word' id='word_1_158' title='bbox 171 1641 191 1689; x_wconf 80' lang='lat' dir='ltr'>a</span> <span class='ocrx_word' id='word_1_159' title='bbox 212 1613 288 1687; x_wconf 90' lang='lat' dir='ltr'>Deo</span> <span class='ocrx_word' id='word_1_160' title='bbox 308 1610 412 1684; x_wconf 89' lang='lat' dir='ltr'>trahi.</span> <span class='ocrx_word' id='word_1_161' title='bbox 456 1613 528 1703; x_wconf 85' lang='lat' dir='ltr'>Qui</span> <span class='ocrx_word' id='word_1_162' title='bbox 544 1640 627 1684; x_wconf 88' lang='lat' dir='ltr'>vero</span> <span class='ocrx_word' id='word_1_163' title='bbox 642 1631 824 1708; x_wconf 82' lang='lat' dir='ltr'>expectant</span> <span class='ocrx_word' id='word_1_164' title='bbox 840 1618 1015 1689; x_wconf 87' lang='lat' dir='ltr'>violentos</span> <span class='ocrx_word' id='word_1_165' title='bbox 1029 1631 1162 1709; x_wconf 87' lang='lat' dir='ltr'>captus,</span> <span class='ocrx_word' id='word_1_166' title='bbox 1212 1618 1356 1701; x_wconf 84' lang='lat' dir='ltr'>doceas,</span> <span class='ocrx_word' id='word_1_167' title='bbox 1380 1617 1573 1705; x_wconf 77' lang='lat' dir='ltr'>gubernes,</span> <span class='ocrx_word' id='word_1_168' title='bbox 1597 1630 1632 1686; x_wconf 92' lang='lat' dir='ltr'>et</span> <span class='ocrx_word' id='word_1_169' title='bbox 1648 1619 1771 1689; x_wconf 88' lang='lat' dir='ltr'>salves.</span> 
     </span>
     <span class='ocr_line' id='line_1_15' title="bbox 161 1712 1178 1813; baseline -0.001 -26"><span class='ocrx_word' id='word_1_170' title='bbox 161 1732 213 1805; x_wconf 85' lang='lat' dir='ltr'>¹ut</span> <span class='ocrx_word' id='word_1_171' title='bbox 230 1712 498 1798; x_wconf 81' lang='lat' dir='ltr'>Enthusiastae,</span> <span class='ocrx_word' id='word_1_172' title='bbox 524 1729 559 1785; x_wconf 91' lang='lat' dir='ltr'>et</span> <span class='ocrx_word' id='word_1_173' title='bbox 577 1716 858 1789; x_wconf 84' lang='lat' dir='ltr'>Stenckleldiani</span> <span class='ocrx_word' id='word_1_174' title='bbox 882 1719 1097 1813; x_wconf 90' lang='lat' dir='ltr'>loquuntur,</span> <span class='ocrx_word' id='word_1_175' title='bbox 1122 1712 1178 1811; x_wconf 81' lang='lat' dir='ltr'>lsi</span> 
     </span>
     <span class='ocr_line' id='line_1_16' title="bbox 160 1810 1161 1912; baseline 0.001 -23"><span class='ocrx_word' id='word_1_176' title='bbox 160 1810 318 1910; x_wconf 48' lang='lat' dir='ltr'>smancrst</span> <span class='ocrx_word' id='word_1_177' title='bbox 333 1813 449 1887; x_wconf 86' lang='lat' dir='ltr'>hostes</span> <span class='ocrx_word' id='word_1_178' title='bbox 465 1815 551 1903; x_wconf 87' lang='lat' dir='ltr'>Dei,</span> <span class='ocrx_word' id='word_1_179' title='bbox 575 1833 611 1888; x_wconf 92' lang='lat' dir='ltr'>et</span> <span class='ocrx_word' id='word_1_180' title='bbox 625 1817 742 1889; x_wconf 89' lang='lat' dir='ltr'>Deum</span> <span class='ocrx_word' id='word_1_181' title='bbox 759 1816 957 1892; x_wconf 86' lang='lat' dir='ltr'>trahentem</span> <span class='ocrx_word' id='word_1_182' title='bbox 971 1820 1161 1912; x_wconf 78' lang='lat' dir='ltr'>repellunt</span> 
     </span>
    </p>

    <p class='ocr_par' dir='ltr' id='par_1_4' title="bbox 160 1917 2203 3024">
     <span class='ocr_line' id='line_1_17' title="bbox 274 1917 2202 2015; baseline 0.002 -26"><span class='ocrx_word' id='word_1_183' title='bbox 274 1917 357 1990; x_wconf 89' lang='lat' dir='ltr'>ldeo</span> <span class='ocrx_word' id='word_1_184' title='bbox 380 1920 493 2010; x_wconf 89' lang='lat' dir='ltr'>probo</span> <span class='ocrx_word' id='word_1_185' title='bbox 518 1920 652 1990; x_wconf 90' lang='lat' dir='ltr'>dictum</span> <span class='ocrx_word' id='word_1_186' title='bbox 674 1919 908 2005; x_wconf 86' lang='lat' dir='ltr'>Naziauzcni,</span> <span class='ocrx_word' id='word_1_187' title='bbox 935 1923 996 2015; x_wconf 91' lang='lat' dir='ltr'>qni</span> <span class='ocrx_word' id='word_1_188' title='bbox 1019 1925 1161 2006; x_wconf 84' lang='lat' dir='ltr'>fatetur,</span> <span class='ocrx_word' id='word_1_189' title='bbox 1224 1932 1291 2004; x_wconf 79' lang='lat' dir='ltr'>No,</span> <span class='ocrx_word' id='word_1_190' title='bbox 1305 1931 1367 2001; x_wconf 82' lang='lat'>71.</span> <span class='ocrx_word' id='word_1_191' title='bbox 2031 1960 2080 2001; x_wconf 71' lang='lat' dir='ltr'>on,</span> <span class='ocrx_word' id='word_1_192' title='bbox 2106 1939 2202 2005; x_wconf 76' lang='lat'><strong>1558,</strong></span> 
     </span>
     <span class='ocr_line' id='line_1_18' title="bbox 160 2012 2197 2113; baseline 0.001 -20"><span class='ocrx_word' id='word_1_193' title='bbox 160 2012 238 2093; x_wconf 77' lang='lat' dir='ltr'>&#39;Dei</span> <span class='ocrx_word' id='word_1_194' title='bbox 257 2047 364 2113; x_wconf 88' lang='lat' dir='ltr'>opera</span> <span class='ocrx_word' id='word_1_195' title='bbox 390 2044 463 2088; x_wconf 91' lang='lat' dir='ltr'>esse</span> <span class='ocrx_word' id='word_1_196' title='bbox 486 2023 632 2091; x_wconf 90' lang='lat' dir='ltr'>virtutes</span> <span class='ocrx_word' id='word_1_197' title='bbox 657 2022 696 2088; x_wconf 94' lang='lat' dir='ltr'>in</span> <span class='ocrx_word' id='word_1_198' title='bbox 716 2023 839 2107; x_wconf 90' lang='lat' dir='ltr'>nobis,</span> <span class='ocrx_word' id='word_1_199' title='bbox 863 2025 924 2092; x_wconf 88' lang='lat' dir='ltr'>scd</span> <span class='ocrx_word' id='word_1_200' title='bbox 939 2037 1057 2094; x_wconf 86' lang='lat' dir='ltr'>tamen</span> <span class='ocrx_word' id='word_1_201' title='bbox 1076 2019 1161 2092; x_wconf 87' lang='lat' dir='ltr'>hacc</span> <span class='ocrx_word' id='word_1_202' title='bbox 1216 2027 1390 2058; x_wconf 51' lang='grc' dir='ltr'>*Ν</span> <span class='ocrx_word' id='word_1_203' title='bbox 2025 2026 2197 2057; x_wconf 56' lang='lat'>”⁸²</span> 
     </span>
     <span class='ocr_line' id='line_1_19' title="bbox 171 2120 2201 2221; baseline 0.007 -30"><span class='ocrx_word' id='word_1_204' title='bbox 171 2120 261 2193; x_wconf 84' lang='lat' dir='ltr'>fiunt</span> <span class='ocrx_word' id='word_1_205' title='bbox 284 2126 351 2204; x_wconf 87' lang='lat' dir='ltr'>ita,</span> <span class='ocrx_word' id='word_1_206' title='bbox 384 2134 424 2189; x_wconf 90' lang='lat' dir='ltr'>ut</span> <span class='ocrx_word' id='word_1_207' title='bbox 447 2121 610 2191; x_wconf 87' lang='lat' dir='ltr'>voluntas</span> <span class='ocrx_word' id='word_1_208' title='bbox 632 2123 785 2195; x_wconf 90' lang='lat' dir='ltr'>luctetur</span> <span class='ocrx_word' id='word_1_209' title='bbox 806 2126 969 2195; x_wconf 87' lang='lat' dir='ltr'>assentiri</span> <span class='ocrx_word' id='word_1_210' title='bbox 990 2124 1067 2196; x_wconf 90' lang='lat' dir='ltr'>Deo</span> <span class='ocrx_word' id='word_1_211' title='bbox 1087 2140 1158 2196; x_wconf 91' lang='lat' dir='ltr'>tra·</span> <span class='ocrx_word' id='word_1_212' title='bbox 1281 2149 1311 2203; x_wconf 84' lang='lat' dir='ltr'>tn</span> <span class='ocrx_word' id='word_1_213' title='bbox 1333 2147 1461 2203; x_wconf 57' lang='lat' dir='ltr'>osorton.</span> <span class='ocrx_word' id='word_1_214' title='bbox 1481 2145 1514 2203; x_wconf 81' lang='grc' dir='ltr'>Τ.</span> <span class='ocrx_word' id='word_1_215' title='bbox 1528 2148 1561 2199; x_wconf 82' lang='grc' dir='ltr'>ν.</span> <span class='ocrx_word' id='word_1_216' title='bbox 1584 2163 1610 2203; x_wconf 77' lang='lat' dir='ltr'>o.</span> <span class='ocrx_word' id='word_1_217' title='bbox 1623 2145 1658 2196; x_wconf 76' lang='lat' dir='ltr'>tt</span> <span class='ocrx_word' id='word_1_218' title='bbox 1675 2164 1737 2216; x_wconf 73' lang='lat' dir='ltr'>sqq.</span> <span class='ocrx_word' id='word_1_219' title='bbox 1758 2157 1784 2201; x_wconf 72' lang='lat' dir='ltr'>a</span> <span class='ocrx_word' id='word_1_220' title='bbox 1805 2147 1832 2202; x_wconf 78' lang='lat' dir='ltr'>ta</span> <span class='ocrx_word' id='word_1_221' title='bbox 1854 2147 2034 2205; x_wconf 76' lang='lat' dir='ltr'>orationibus</span> <span class='ocrx_word' id='word_1_222' title='bbox 2057 2128 2201 2221; x_wconf 67' lang='lat' dir='ltr'>posnani·</span> 
     </span>
     <span class='ocr_line' id='line_1_20' title="bbox 171 2213 1774 2313; baseline 0.001 -21"><span class='ocrx_word' id='word_1_223' title='bbox 171 2217 291 2307; x_wconf 86' lang='lat' dir='ltr'>beuti,</span> <span class='ocrx_word' id='word_1_224' title='bbox 329 2236 364 2290; x_wconf 86' lang='lat' dir='ltr'>et</span> <span class='ocrx_word' id='word_1_225' title='bbox 386 2244 491 2313; x_wconf 88' lang='lat' dir='ltr'>quam</span> <span class='ocrx_word' id='word_1_226' title='bbox 517 2225 715 2295; x_wconf 88' lang='lat' dir='ltr'>verecunde</span> <span class='ocrx_word' id='word_1_227' title='bbox 747 2227 884 2296; x_wconf 87' lang='lat' dir='ltr'>locutus</span> <span class='ocrx_word' id='word_1_228' title='bbox 906 2227 971 2312; x_wconf 88' lang='lat' dir='ltr'>sit,</span> <span class='ocrx_word' id='word_1_229' title='bbox 997 2226 1161 2296; x_wconf 87' lang='lat' dir='ltr'>conside·</span> <span class='ocrx_word' id='word_1_230' title='bbox 1314 2217 1399 2287; x_wconf 56' lang='grc' dir='ltr'>ιω·</span> <span class='ocrx_word' id='word_1_231' title='bbox 1433 2213 1774 2305; x_wconf 33' lang='lat' dir='ltr'>&amp;sim-dd„-</span> 
     </span>
     <span class='ocr_line' id='line_1_21' title="bbox 171 2321 1270 2449; baseline 0.003 -56"><span class='ocrx_word' id='word_1_232' title='bbox 171 2327 323 2393; x_wconf 88' lang='lat' dir='ltr'>randum</span> <span class='ocrx_word' id='word_1_233' title='bbox 348 2337 408 2393; x_wconf 86' lang='lat' dir='ltr'>est.</span> <span class='ocrx_word' id='word_1_234' title='bbox 461 2321 544 2425; x_wconf 80' lang='lat' dir='ltr'>Non</span> <span class='ocrx_word' id='word_1_235' title='bbox 568 2327 653 2395; x_wconf 88' lang='lat' dir='ltr'>dicit</span> <span class='ocrx_word' id='word_1_236' title='bbox 673 2351 771 2416; x_wconf 87' lang='lat' dir='ltr'>pares</span> <span class='ocrx_word' id='word_1_237' title='bbox 796 2351 916 2400; x_wconf 86' lang='lat' dir='ltr'>causas</span> <span class='ocrx_word' id='word_1_238' title='bbox 937 2351 1010 2399; x_wconf 82' lang='lat' dir='ltr'>esse</span> <span class='ocrx_word' id='word_1_239' title='bbox 1032 2325 1161 2412; x_wconf 83' lang='lat' dir='ltr'>Deum,</span> <span class='ocrx_word' id='word_1_240' title='bbox 1209 2375 1270 2449; x_wconf 56' lang='lat' dir='ltr'>A„</span> 
     </span>
     <span class='ocr_line' id='line_1_22' title="bbox 171 2424 1161 2521; baseline 0.005 -27"><span class='ocrx_word' id='word_1_241' title='bbox 171 2438 208 2495; x_wconf 92' lang='lat' dir='ltr'>et</span> <span class='ocrx_word' id='word_1_242' title='bbox 229 2424 464 2504; x_wconf 84' lang='lat' dir='ltr'>voluntatem,</span> <span class='ocrx_word' id='word_1_243' title='bbox 496 2439 536 2495; x_wconf 92' lang='lat' dir='ltr'>ut</span> <span class='ocrx_word' id='word_1_244' title='bbox 567 2452 677 2518; x_wconf 91' lang='lat' dir='ltr'>quum</span> <span class='ocrx_word' id='word_1_245' title='bbox 701 2432 772 2497; x_wconf 88' lang='lat' dir='ltr'>duo</span> <span class='ocrx_word' id='word_1_246' title='bbox 797 2429 881 2521; x_wconf 85' lang='lat' dir='ltr'>equi</span> <span class='ocrx_word' id='word_1_247' title='bbox 911 2453 1056 2506; x_wconf 87' lang='lat' dir='ltr'>currum</span> <span class='ocrx_word' id='word_1_248' title='bbox 1088 2443 1161 2499; x_wconf 91' lang='lat' dir='ltr'>tra-</span> 
     </span>
     <span class='ocr_line' id='line_1_23' title="bbox 163 2520 1159 2622; baseline 0.005 -27"><span class='ocrx_word' id='word_1_249' title='bbox 163 2520 284 2622; x_wconf 82' lang='lat' dir='ltr'>hunt,</span> <span class='ocrx_word' id='word_1_250' title='bbox 318 2528 376 2597; x_wconf 87' lang='lat' dir='ltr'>sed</span> <span class='ocrx_word' id='word_1_251' title='bbox 402 2526 616 2596; x_wconf 87' lang='lat' dir='ltr'>imbecillem</span> <span class='ocrx_word' id='word_1_252' title='bbox 646 2530 810 2597; x_wconf 91' lang='lat' dir='ltr'>comitem</span> <span class='ocrx_word' id='word_1_253' title='bbox 841 2553 914 2598; x_wconf 88' lang='lat' dir='ltr'>csse</span> <span class='ocrx_word' id='word_1_254' title='bbox 942 2531 1159 2600; x_wconf 88' lang='lat' dir='ltr'>voluntatem</span> 
     </span>
     <span class='ocr_line' id='line_1_24' title="bbox 173 2627 1161 2721; baseline 0.002 -23"><span class='ocrx_word' id='word_1_255' title='bbox 173 2627 363 2716; x_wconf 87' lang='lat' dir='ltr'>significat,</span> <span class='ocrx_word' id='word_1_256' title='bbox 397 2641 437 2697; x_wconf 92' lang='lat' dir='ltr'>ut</span> <span class='ocrx_word' id='word_1_257' title='bbox 461 2652 541 2699; x_wconf 91' lang='lat' dir='ltr'>cum</span> <span class='ocrx_word' id='word_1_258' title='bbox 566 2629 742 2698; x_wconf 81' lang='lat' dir='ltr'>volentem</span> <span class='ocrx_word' id='word_1_259' title='bbox 770 2654 917 2721; x_wconf 84' lang='lat' dir='ltr'>puerum</span> <span class='ocrx_word' id='word_1_260' title='bbox 940 2630 1039 2701; x_wconf 91' lang='lat' dir='ltr'>ducit</span> <span class='ocrx_word' id='word_1_261' title='bbox 1058 2629 1161 2700; x_wconf 87' lang='lat' dir='ltr'>Pater</span> 
     </span>
     <span class='ocr_line' id='line_1_25' title="bbox 163 2717 2202 2823; baseline 0.001 -24"><span class='ocrx_word' id='word_1_262' title='bbox 163 2730 354 2814; x_wconf 84' lang='lat' dir='ltr'>&#39;robustus3</span> <span class='ocrx_word' id='word_1_263' title='bbox 373 2729 490 2820; x_wconf 87' lang='lat' dir='ltr'>inquit</span> <span class='ocrx_word' id='word_1_264' title='bbox 507 2729 614 2814; x_wconf 91' lang='lat' dir='ltr'>enim,</span> <span class='ocrx_word' id='word_1_265' title='bbox 631 2732 708 2800; x_wconf 88' lang='lat' dir='ltr'>dari</span> <span class='ocrx_word' id='word_1_266' title='bbox 725 2734 871 2802; x_wconf 87' lang='lat' dir='ltr'>virtutes</span> <span class='ocrx_word' id='word_1_267' title='bbox 884 2727 984 2804; x_wconf 78' lang='grc' dir='ltr'><em>οὕτω</em></span> <span class='ocrx_word' id='word_1_268' title='bbox 998 2724 1160 2805; x_wconf 74' lang='grc' dir='ltr'>νεύουσι.</span> <span class='ocrx_word' id='word_1_269' title='bbox 1210 2717 1255 2802; x_wconf 84' lang='lat' dir='ltr'>N</span> <span class='ocrx_word' id='word_1_270' title='bbox 1256 2753 1304 2797; x_wconf 91' lang='lat' dir='ltr'>on</span> <span class='ocrx_word' id='word_1_271' title='bbox 1322 2741 1373 2798; x_wconf 84' lang='lat' dir='ltr'>est</span> <span class='ocrx_word' id='word_1_272' title='bbox 1388 2727 1502 2798; x_wconf 85' lang='lat' dir='ltr'>nostri</span> <span class='ocrx_word' id='word_1_273' title='bbox 1522 2727 1629 2797; x_wconf 81' lang='lat' dir='ltr'>officii</span> <span class='ocrx_word' id='word_1_274' title='bbox 1644 2730 1688 2798; x_wconf 89' lang='lat' dir='ltr'>dc</span> <span class='ocrx_word' id='word_1_275' title='bbox 1705 2729 1819 2799; x_wconf 89' lang='lat' dir='ltr'>causis</span> <span class='ocrx_word' id='word_1_276' title='bbox 1832 2730 2030 2822; x_wconf 84' lang='lat' dir='ltr'>disputare,</span> <span class='ocrx_word' id='word_1_277' title='bbox 2056 2744 2202 2823; x_wconf 84' lang='lat' dir='ltr'>propter</span> 
     </span>
     <span class='ocr_line' id='line_1_26' title="bbox 167 2827 2200 2924; baseline 0.001 -27"><span class='ocrx_word' id='word_1_278' title='bbox 167 2828 416 2900; x_wconf 77' lang='lat' dir='ltr'>Verecundius</span> <span class='ocrx_word' id='word_1_279' title='bbox 433 2827 499 2898; x_wconf 88' lang='lat' dir='ltr'>boc</span> <span class='ocrx_word' id='word_1_280' title='bbox 516 2844 586 2915; x_wconf 88' lang='lat' dir='ltr'>cst,</span> <span class='ocrx_word' id='word_1_281' title='bbox 610 2857 715 2923; x_wconf 90' lang='lat' dir='ltr'>quam</span> <span class='ocrx_word' id='word_1_282' title='bbox 732 2834 762 2902; x_wconf 88' lang='lat' dir='ltr'>si</span> <span class='ocrx_word' id='word_1_283' title='bbox 785 2833 976 2904; x_wconf 76' lang='lat' dir='ltr'>latinorum</span> <span class='ocrx_word' id='word_1_284' title='bbox 991 2835 1160 2903; x_wconf 88' lang='lat' dir='ltr'>moredi-</span> <span class='ocrx_word' id='word_1_285' title='bbox 1207 2853 1298 2924; x_wconf 61' lang='lat' dir='ltr'>‚quas</span> <span class='ocrx_word' id='word_1_286' title='bbox 1320 2830 1522 2899; x_wconf 89' lang='lat' dir='ltr'>institutum</span> <span class='ocrx_word' id='word_1_287' title='bbox 1545 2844 1616 2913; x_wconf 87' lang='lat' dir='ltr'>est,</span> <span class='ocrx_word' id='word_1_288' title='bbox 1647 2844 1688 2900; x_wconf 92' lang='lat' dir='ltr'>ut</span> <span class='ocrx_word' id='word_1_289' title='bbox 1714 2830 1751 2899; x_wconf 90' lang='lat' dir='ltr'>in</span> <span class='ocrx_word' id='word_1_290' title='bbox 1774 2829 1841 2900; x_wconf 89' lang='lat' dir='ltr'>boc</span> <span class='ocrx_word' id='word_1_291' title='bbox 1867 2833 1944 2902; x_wconf 94' lang='lat' dir='ltr'>loco</span> <span class='ocrx_word' id='word_1_292' title='bbox 1977 2832 2133 2901; x_wconf 89' lang='lat' dir='ltr'>iuniores</span> <span class='ocrx_word' id='word_1_293' title='bbox 2161 2834 2200 2902; x_wconf 86' lang='lat' dir='ltr'>in</span> 
     </span>
     <span class='ocr_line' id='line_1_27' title="bbox 170 2932 2203 3024; baseline -0 -19"><span class='ocrx_word' id='word_1_294' title='bbox 170 2946 282 3010; x_wconf 89' lang='lat' dir='ltr'>cecet,</span> <span class='ocrx_word' id='word_1_295' title='bbox 309 2932 601 3001; x_wconf 83' lang='lat' dir='ltr'>adsentientibus.</span> <span class='ocrx_word' id='word_1_296' title='bbox 1210 2953 1375 3001; x_wconf 81' lang='lat' dir='ltr'>consessu</span> <span class='ocrx_word' id='word_1_297' title='bbox 1393 2932 1577 3001; x_wconf 88' lang='lat' dir='ltr'>doctorum</span> <span class='ocrx_word' id='word_1_298' title='bbox 1592 2955 1736 3016; x_wconf 87' lang='lat' dir='ltr'>senum,</span> <span class='ocrx_word' id='word_1_299' title='bbox 1758 2933 1845 3003; x_wconf 89' lang='lat' dir='ltr'>etin</span> <span class='ocrx_word' id='word_1_300' title='bbox 1860 2956 1986 3021; x_wconf 88' lang='lat' dir='ltr'>magna</span> <span class='ocrx_word' id='word_1_301' title='bbox 2004 2935 2203 3024; x_wconf 84' lang='lat' dir='ltr'>frequentia</span> 
     </span>
    </p>
   </div>
   <div class='ocr_carea' id='block_1_3' title="bbox 1211 2327 2202 2672">
    <p class='ocr_par' dir='ltr' id='par_1_5' title="bbox 1211 2327 2202 2672">
     <span class='ocr_line' id='line_1_28' title="bbox 1289 2327 2202 2469; baseline 0.003 -23"><span class='ocrx_word' id='word_1_302' title='bbox 1289 2380 1482 2448; x_wconf 78' lang='lat' dir='ltr'>Romanus</span> <span class='ocrx_word' id='word_1_303' title='bbox 1504 2369 1688 2466; x_wconf 69' lang='lat' dir='ltr'>Pontifex</span> <span class='ocrx_word' id='word_1_304' title='bbox 1712 2327 1773 2448; x_wconf 78' lang='lat' dir='ltr'>tm</span> <span class='ocrx_word' id='word_1_305' title='bbox 1794 2373 1935 2447; x_wconf 77' lang='lat' dir='ltr'>babent</span> <span class='ocrx_word' id='word_1_306' title='bbox 1962 2373 2202 2469; x_wconf 71' lang='lat' dir='ltr'>transferen-</span> 
     </span>
     <span class='ocr_line' id='line_1_29' title="bbox 1211 2477 2201 2575; baseline 0.004 -27"><span class='ocrx_word' id='word_1_307' title='bbox 1211 2477 1287 2550; x_wconf 76' lang='lat' dir='ltr'>dae</span> <span class='ocrx_word' id='word_1_308' title='bbox 1310 2478 1514 2575; x_wconf 78' lang='lat' dir='ltr'>dipnitats&#39;s</span> <span class='ocrx_word' id='word_1_309' title='bbox 1534 2480 1695 2549; x_wconf 74' lang='lat' dir='ltr'>Romam</span> <span class='ocrx_word' id='word_1_310' title='bbox 1719 2482 1961 2569; x_wconf 83' lang='lat' dir='ltr'>Imperatoris</span> <span class='ocrx_word' id='word_1_311' title='bbox 1983 2489 2026 2551; x_wconf 84' lang='lat' dir='ltr'>cst</span> <span class='ocrx_word' id='word_1_312' title='bbox 2052 2484 2201 2553; x_wconf 79' lang='lat' dir='ltr'>Princi-</span> 
     </span>
     <span class='ocr_line' id='line_1_30' title="bbox 1526 2577 1880 2672; baseline 0.006 -23"><span class='ocrx_word' id='word_1_313' title='bbox 1526 2600 1618 2672; x_wconf 78' lang='lat' dir='ltr'>pum</span> <span class='ocrx_word' id='word_1_314' title='bbox 1637 2577 1880 2652; x_wconf 70' lang='lat' dir='ltr'>dilectorum?</span> 
     </span>
    </p>
   </div>
   <div class='ocr_carea' id='block_1_4' title="bbox 160 3029 2203 5455">
    <p class='ocr_par' dir='ltr' id='par_1_6' title="bbox 161 3029 2203 4443">
     <span class='ocr_line' id='line_1_31' title="bbox 271 3029 2203 3125; baseline 0.002 -21"><span class='ocrx_word' id='word_1_315' title='bbox 271 3032 355 3104; x_wconf 90' lang='lat' dir='ltr'>Non</span> <span class='ocrx_word' id='word_1_316' title='bbox 378 3033 486 3122; x_wconf 90' lang='lat' dir='ltr'>igitur</span> <span class='ocrx_word' id='word_1_317' title='bbox 511 3033 662 3103; x_wconf 89' lang='lat' dir='ltr'>docendi</span> <span class='ocrx_word' id='word_1_318' title='bbox 691 3047 775 3103; x_wconf 89' lang='lat' dir='ltr'>suut</span> <span class='ocrx_word' id='word_1_319' title='bbox 801 3029 982 3114; x_wconf 85' lang='lat' dir='ltr'>homines,</span> <span class='ocrx_word' id='word_1_320' title='bbox 1013 3047 1053 3104; x_wconf 92' lang='lat' dir='ltr'>ut</span> <span class='ocrx_word' id='word_1_321' title='bbox 1079 3034 1160 3103; x_wconf 91' lang='lat' dir='ltr'>illos</span> <span class='ocrx_word' id='word_1_322' title='bbox 1211 3033 1355 3117; x_wconf 85' lang='lat' dir='ltr'>dicant,</span> <span class='ocrx_word' id='word_1_323' title='bbox 1381 3032 1447 3101; x_wconf 88' lang='lat' dir='ltr'>etsi</span> <span class='ocrx_word' id='word_1_324' title='bbox 1472 3033 1601 3102; x_wconf 85' lang='lat' dir='ltr'>multas</span> <span class='ocrx_word' id='word_1_325' title='bbox 1634 3056 1708 3103; x_wconf 87' lang='lat' dir='ltr'>esse</span> <span class='ocrx_word' id='word_1_326' title='bbox 1739 3058 1860 3104; x_wconf 86' lang='lat' dir='ltr'>causas</span> <span class='ocrx_word' id='word_1_327' title='bbox 1884 3029 2049 3105; x_wconf 90' lang='lat' dir='ltr'>honestas</span> <span class='ocrx_word' id='word_1_328' title='bbox 2074 3034 2203 3125; x_wconf 80' lang='lat' dir='ltr'>cogito.</span> 
     </span>
     <span class='ocr_line' id='line_1_32' title="bbox 172 3130 2202 3226; baseline 0.002 -24"><span class='ocrx_word' id='word_1_329' title='bbox 172 3133 347 3205; x_wconf 83' lang='lat' dir='ltr'>violentos</span> <span class='ocrx_word' id='word_1_330' title='bbox 372 3149 493 3226; x_wconf 85' lang='lat' dir='ltr'>raptus</span> <span class='ocrx_word' id='word_1_331' title='bbox 526 3130 700 3226; x_wconf 81' lang='lat' dir='ltr'>prophani</span> <span class='ocrx_word' id='word_1_332' title='bbox 729 3151 927 3226; x_wconf 86' lang='lat' dir='ltr'>expectent:</span> <span class='ocrx_word' id='word_1_333' title='bbox 962 3138 1023 3204; x_wconf 91' lang='lat' dir='ltr'>sed</span> <span class='ocrx_word' id='word_1_334' title='bbox 1049 3139 1159 3206; x_wconf 83' lang='lat' dir='ltr'>verbo</span> <span class='ocrx_word' id='word_1_335' title='bbox 1211 3132 1282 3203; x_wconf 86' lang='lat' dir='ltr'>Sed</span> <span class='ocrx_word' id='word_1_336' title='bbox 1296 3155 1363 3221; x_wconf 82' lang='lat' dir='ltr'>nos</span> <span class='ocrx_word' id='word_1_337' title='bbox 1376 3135 1475 3205; x_wconf 86' lang='lat' dir='ltr'>decet</span> <span class='ocrx_word' id='word_1_338' title='bbox 1492 3138 1649 3204; x_wconf 87' lang='lat' dir='ltr'>modeste</span> <span class='ocrx_word' id='word_1_339' title='bbox 1667 3135 1804 3224; x_wconf 83' lang='lat' dir='ltr'>legibus</span> <span class='ocrx_word' id='word_1_340' title='bbox 1824 3150 1857 3205; x_wconf 91' lang='lat' dir='ltr'>et</span> <span class='ocrx_word' id='word_1_341' title='bbox 1870 3136 2117 3207; x_wconf 88' lang='lat' dir='ltr'>consuetudini</span> <span class='ocrx_word' id='word_1_342' title='bbox 2133 3139 2202 3207; x_wconf 90' lang='lat' dir='ltr'>ob·</span> 
     </span>
     <span class='ocr_line' id='line_1_33' title="bbox 161 3233 2201 3328; baseline 0 -21"><span class='ocrx_word' id='word_1_343' title='bbox 161 3233 237 3307; x_wconf 85' lang='lat' dir='ltr'>&#39;Dei</span> <span class='ocrx_word' id='word_1_344' title='bbox 261 3235 371 3306; x_wconf 83' lang='lat' dir='ltr'>velint</span> <span class='ocrx_word' id='word_1_345' title='bbox 391 3235 555 3316; x_wconf 88' lang='lat' dir='ltr'>obedire,</span> <span class='ocrx_word' id='word_1_346' title='bbox 591 3251 624 3309; x_wconf 89' lang='lat' dir='ltr'>et</span> <span class='ocrx_word' id='word_1_347' title='bbox 646 3250 766 3327; x_wconf 91' lang='lat' dir='ltr'>petant</span> <span class='ocrx_word' id='word_1_348' title='bbox 788 3237 972 3310; x_wconf 81' lang='lat' dir='ltr'>auxilinm,</span> <span class='ocrx_word' id='word_1_349' title='bbox 1023 3237 1160 3308; x_wconf 74' lang='lat' dir='ltr'>Stoicos</span> <span class='ocrx_word' id='word_1_350' title='bbox 1211 3247 1425 3326; x_wconf 89' lang='lat' dir='ltr'>temperare,</span> <span class='ocrx_word' id='word_1_351' title='bbox 1456 3239 1551 3328; x_wconf 89' lang='lat' dir='ltr'>quod</span> <span class='ocrx_word' id='word_1_352' title='bbox 1576 3248 1618 3306; x_wconf 88' lang='lat' dir='ltr'>ut</span> <span class='ocrx_word' id='word_1_353' title='bbox 1643 3239 1842 3305; x_wconf 83' lang='lat' dir='ltr'>verecunde</span> <span class='ocrx_word' id='word_1_354' title='bbox 1859 3261 1915 3306; x_wconf 89' lang='lat' dir='ltr'>mc</span> <span class='ocrx_word' id='word_1_355' title='bbox 1936 3238 2049 3307; x_wconf 82' lang='lat' dir='ltr'>lacere</span> <span class='ocrx_word' id='word_1_356' title='bbox 2066 3239 2201 3310; x_wconf 85' lang='lat' dir='ltr'>intelli-</span> 
     </span>
     <span class='ocr_line' id='line_1_34' title="bbox 171 3336 2201 3431; baseline 0.002 -25"><span class='ocrx_word' id='word_1_357' title='bbox 171 3338 278 3408; x_wconf 84' lang='lat' dir='ltr'>etiam</span> <span class='ocrx_word' id='word_1_358' title='bbox 291 3336 561 3427; x_wconf 85' lang='lat' dir='ltr'>imaginationes</span> <span class='ocrx_word' id='word_1_359' title='bbox 569 3339 759 3430; x_wconf 89' lang='lat' dir='ltr'>deponant,</span> <span class='ocrx_word' id='word_1_360' title='bbox 778 3362 867 3431; x_wconf 86' lang='lat' dir='ltr'>quae</span> <span class='ocrx_word' id='word_1_361' title='bbox 880 3339 1028 3427; x_wconf 85' lang='lat' dir='ltr'>fingunt,</span> <span class='ocrx_word' id='word_1_362' title='bbox 1043 3337 1159 3409; x_wconf 86' lang='lat' dir='ltr'>Deum</span> <span class='ocrx_word' id='word_1_363' title='bbox 1210 3336 1318 3425; x_wconf 86' lang='lat' dir='ltr'>gatis,</span> <span class='ocrx_word' id='word_1_364' title='bbox 1341 3337 1496 3427; x_wconf 89' lang='lat' dir='ltr'>primum</span> <span class='ocrx_word' id='word_1_365' title='bbox 1513 3363 1532 3405; x_wconf 85' lang='lat' dir='ltr'>a</span> <span class='ocrx_word' id='word_1_366' title='bbox 1550 3337 1652 3405; x_wconf 86' lang='lat' dir='ltr'>vobis</span> <span class='ocrx_word' id='word_1_367' title='bbox 1676 3351 1776 3427; x_wconf 90' lang='lat' dir='ltr'>peto,</span> <span class='ocrx_word' id='word_1_368' title='bbox 1801 3351 1841 3408; x_wconf 91' lang='lat' dir='ltr'>ut</span> <span class='ocrx_word' id='word_1_369' title='bbox 1862 3362 1918 3407; x_wconf 88' lang='lat' dir='ltr'>mc</span> <span class='ocrx_word' id='word_1_370' title='bbox 1940 3338 2117 3431; x_wconf 89' lang='lat' dir='ltr'>patienter</span> <span class='ocrx_word' id='word_1_371' title='bbox 2136 3365 2201 3411; x_wconf 90' lang='lat' dir='ltr'>au·</span> 
     </span>
     <span class='ocr_line' id='line_1_35' title="bbox 169 3436 2202 3534; baseline -0 -23"><span class='ocrx_word' id='word_1_372' title='bbox 169 3439 294 3511; x_wconf 82' lang='lat' dir='ltr'>letales</span> <span class='ocrx_word' id='word_1_373' title='bbox 308 3439 445 3511; x_wconf 85' lang='lat' dir='ltr'>tabulas</span> <span class='ocrx_word' id='word_1_374' title='bbox 459 3439 648 3532; x_wconf 85' lang='lat' dir='ltr'>scripsisse,</span> <span class='ocrx_word' id='word_1_375' title='bbox 661 3441 701 3511; x_wconf 92' lang='lat' dir='ltr'>in</span> <span class='ocrx_word' id='word_1_376' title='bbox 714 3439 844 3533; x_wconf 87' lang='lat' dir='ltr'>quibus</span> <span class='ocrx_word' id='word_1_377' title='bbox 855 3441 1057 3534; x_wconf 90' lang='lat' dir='ltr'>aliquorum</span> <span class='ocrx_word' id='word_1_378' title='bbox 1072 3453 1160 3510; x_wconf 88' lang='lat' dir='ltr'>arni-</span> <span class='ocrx_word' id='word_1_379' title='bbox 1210 3436 1336 3520; x_wconf 90' lang='lat' dir='ltr'>diatis,</span> <span class='ocrx_word' id='word_1_380' title='bbox 1361 3437 1491 3506; x_wconf 90' lang='lat' dir='ltr'>deinde</span> <span class='ocrx_word' id='word_1_381' title='bbox 1513 3450 1553 3506; x_wconf 91' lang='lat' dir='ltr'>nt</span> <span class='ocrx_word' id='word_1_382' title='bbox 1569 3437 1765 3506; x_wconf 89' lang='lat' dir='ltr'>orationem</span> <span class='ocrx_word' id='word_1_383' title='bbox 1788 3439 1980 3507; x_wconf 86' lang='lat' dir='ltr'>iuvenilem</span> <span class='ocrx_word' id='word_1_384' title='bbox 2005 3441 2091 3508; x_wconf 91' lang='lat' dir='ltr'>boni</span> <span class='ocrx_word' id='word_1_385' title='bbox 2114 3465 2202 3510; x_wconf 89' lang='lat' dir='ltr'>con-</span> 
     </span>
     <span class='ocr_line' id='line_1_36' title="bbox 169 3533 2201 3631; baseline 0 -21"><span class='ocrx_word' id='word_1_386' title='bbox 169 3565 291 3611; x_wconf 84' lang='lat' dir='ltr'>torum</span> <span class='ocrx_word' id='word_1_387' title='bbox 313 3542 459 3612; x_wconf 85' lang='lat' dir='ltr'>nomina</span> <span class='ocrx_word' id='word_1_388' title='bbox 481 3543 740 3629; x_wconf 82' lang='lat' dir='ltr'>annotaverit.¹</span> <span class='ocrx_word' id='word_1_389' title='bbox 767 3537 863 3611; x_wconf 84' lang='lat' dir='ltr'>Hinc</span> <span class='ocrx_word' id='word_1_390' title='bbox 886 3542 1002 3613; x_wconf 90' lang='lat' dir='ltr'>oritur</span> <span class='ocrx_word' id='word_1_391' title='bbox 1016 3542 1158 3612; x_wconf 90' lang='lat' dir='ltr'>dubita·</span> <span class='ocrx_word' id='word_1_392' title='bbox 1208 3538 1344 3608; x_wconf 77' lang='lat' dir='ltr'>solatis</span> <span class='ocrx_word' id='word_1_393' title='bbox 1396 3533 1460 3607; x_wconf 78' lang='lat' dir='ltr'>Est</span> <span class='ocrx_word' id='word_1_394' title='bbox 1491 3533 1560 3606; x_wconf 92' lang='lat' dir='ltr'>hoc</span> <span class='ocrx_word' id='word_1_395' title='bbox 1585 3562 1727 3631; x_wconf 89' lang='lat' dir='ltr'>quoque</span> <span class='ocrx_word' id='word_1_396' title='bbox 1757 3539 1967 3623; x_wconf 86' lang='lat' dir='ltr'>modestiae,</span> <span class='ocrx_word' id='word_1_397' title='bbox 2000 3564 2122 3610; x_wconf 86' lang='lat' dir='ltr'>cavere</span> <span class='ocrx_word' id='word_1_398' title='bbox 2155 3566 2201 3613; x_wconf 88' lang='lat' dir='ltr'>ne</span> 
     </span>
     <span class='ocr_line' id='line_1_37' title="bbox 165 3633 2201 3732; baseline -0 -21"><span class='ocrx_word' id='word_1_399' title='bbox 165 3634 241 3727; x_wconf 82' lang='lat' dir='ltr'>uo,</span> <span class='ocrx_word' id='word_1_400' title='bbox 266 3666 314 3712; x_wconf 90' lang='lat' dir='ltr'>an</span> <span class='ocrx_word' id='word_1_401' title='bbox 335 3657 369 3714; x_wconf 86' lang='lat' dir='ltr'>et</span> <span class='ocrx_word' id='word_1_402' title='bbox 392 3657 492 3713; x_wconf 91' lang='lat' dir='ltr'>tuum</span> <span class='ocrx_word' id='word_1_403' title='bbox 515 3665 647 3711; x_wconf 87' lang='lat' dir='ltr'>nomen</span> <span class='ocrx_word' id='word_1_404' title='bbox 668 3641 884 3732; x_wconf 86' lang='lat' dir='ltr'>adscriptum</span> <span class='ocrx_word' id='word_1_405' title='bbox 910 3643 974 3729; x_wconf 89' lang='lat' dir='ltr'>sit,</span> <span class='ocrx_word' id='word_1_406' title='bbox 1004 3637 1069 3712; x_wconf 88' lang='lat' dir='ltr'>hac</span> <span class='ocrx_word' id='word_1_407' title='bbox 1089 3645 1158 3714; x_wconf 88' lang='lat' dir='ltr'>du·</span> <span class='ocrx_word' id='word_1_408' title='bbox 1209 3639 1345 3730; x_wconf 83' lang='lat' dir='ltr'>prolixe</span> <span class='ocrx_word' id='word_1_409' title='bbox 1370 3639 1523 3708; x_wconf 88' lang='lat' dir='ltr'>dicendo</span> <span class='ocrx_word' id='word_1_410' title='bbox 1549 3639 1671 3707; x_wconf 85' lang='lat' dir='ltr'>videar</span> <span class='ocrx_word' id='word_1_411' title='bbox 1692 3633 1780 3708; x_wconf 89' lang='lat' dir='ltr'>mihi</span> <span class='ocrx_word' id='word_1_412' title='bbox 1804 3639 2098 3731; x_wconf 67' lang='lat' dir='ltr'>inepte&#39;placere.</span> <span class='ocrx_word' id='word_1_413' title='bbox 2152 3641 2201 3716; x_wconf 86' lang='lat' dir='ltr'>Ut</span> 
     </span>
     <span class='ocr_line' id='line_1_38' title="bbox 168 3737 2203 3836; baseline 0 -25"><span class='ocrx_word' id='word_1_414' title='bbox 168 3740 342 3813; x_wconf 90' lang='lat' dir='ltr'>bitatione</span> <span class='ocrx_word' id='word_1_415' title='bbox 363 3743 522 3832; x_wconf 83' lang='lat' dir='ltr'>extingui</span> <span class='ocrx_word' id='word_1_416' title='bbox 543 3743 649 3812; x_wconf 86' lang='lat' dir='ltr'>fidem</span> <span class='ocrx_word' id='word_1_417' title='bbox 670 3743 979 3818; x_wconf 63' lang='lat' dir='ltr'>manifestum&#39;est.</span> <span class='ocrx_word' id='word_1_418' title='bbox 1030 3743 1157 3836; x_wconf 87' lang='lat' dir='ltr'>Oppo-</span> <span class='ocrx_word' id='word_1_419' title='bbox 1210 3741 1499 3831; x_wconf 84' lang='lat' dir='ltr'>igiturusitatum</span> <span class='ocrx_word' id='word_1_420' title='bbox 1515 3753 1577 3823; x_wconf 92' lang='lat' dir='ltr'>est,</span> <span class='ocrx_word' id='word_1_421' title='bbox 1594 3743 1833 3834; x_wconf 79' lang='lat' dir='ltr'>quaestionem</span> <span class='ocrx_word' id='word_1_422' title='bbox 1849 3765 2026 3832; x_wconf 86' lang='lat' dir='ltr'>propouo:</span> <span class='ocrx_word' id='word_1_423' title='bbox 2053 3737 2203 3814; x_wconf 81' lang='lat' dir='ltr'>AnRo-</span> 
     </span>
     <span class='ocr_line' id='line_1_39' title="bbox 163 3835 2202 3941; baseline 0 -29"><span class='ocrx_word' id='word_1_424' title='bbox 163 3835 297 3914; x_wconf 60' lang='lat' dir='ltr'>&#39;namus</span> <span class='ocrx_word' id='word_1_425' title='bbox 310 3844 418 3935; x_wconf 91' lang='lat' dir='ltr'>igitur</span> <span class='ocrx_word' id='word_1_426' title='bbox 433 3842 700 3935; x_wconf 84' lang='lat' dir='ltr'>promissiones,</span> <span class='ocrx_word' id='word_1_427' title='bbox 724 3870 815 3939; x_wconf 86' lang='lat' dir='ltr'>quse</span> <span class='ocrx_word' id='word_1_428' title='bbox 829 3868 910 3916; x_wconf 91' lang='lat' dir='ltr'>eum</span> <span class='ocrx_word' id='word_1_429' title='bbox 927 3846 999 3917; x_wconf 90' lang='lat' dir='ltr'>sint</span> <span class='ocrx_word' id='word_1_430' title='bbox 1012 3846 1160 3917; x_wconf 85' lang='lat' dir='ltr'>univer·</span> <span class='ocrx_word' id='word_1_431' title='bbox 1209 3865 1345 3910; x_wconf 85' lang='lat' dir='ltr'>manus</span> <span class='ocrx_word' id='word_1_432' title='bbox 1363 3835 1542 3939; x_wconf 72' lang='lat' dir='ltr'>Pontifex</span> <span class='ocrx_word' id='word_1_433' title='bbox 1554 3842 1613 3911; x_wconf 86' lang='lat' dir='ltr'>ius</span> <span class='ocrx_word' id='word_1_434' title='bbox 1628 3835 1764 3911; x_wconf 79' lang='lat' dir='ltr'>haheat</span> <span class='ocrx_word' id='word_1_435' title='bbox 1777 3839 2059 3941; x_wconf 81' lang='lat' dir='ltr'>transferendae</span> <span class='ocrx_word' id='word_1_436' title='bbox 2074 3839 2202 3939; x_wconf 76' lang='lat' dir='ltr'>digni-</span> 
     </span>
     <span class='ocr_line' id='line_1_40' title="bbox 169 3937 2202 4039; baseline 0.001 -25"><span class='ocrx_word' id='word_1_437' title='bbox 169 3943 276 4026; x_wconf 86' lang='lat' dir='ltr'>sales,</span> <span class='ocrx_word' id='word_1_438' title='bbox 303 3959 337 4016; x_wconf 84' lang='lat' dir='ltr'>te</span> <span class='ocrx_word' id='word_1_439' title='bbox 356 3940 497 4039; x_wconf 86' lang='lat' dir='ltr'>quoque</span> <span class='ocrx_word' id='word_1_440' title='bbox 519 3943 556 4013; x_wconf 89' lang='lat' dir='ltr'>in</span> <span class='ocrx_word' id='word_1_441' title='bbox 582 3945 821 4017; x_wconf 83' lang='lat' dir='ltr'>universalem</span> <span class='ocrx_word' id='word_1_442' title='bbox 842 3971 962 4017; x_wconf 89' lang='lat' dir='ltr'>vocem</span> <span class='ocrx_word' id='word_1_443' title='bbox 986 3946 1159 4033; x_wconf 85' lang='lat' dir='ltr'>includas,</span> <span class='ocrx_word' id='word_1_444' title='bbox 1210 3943 1302 4014; x_wconf 83' lang='lat' dir='ltr'>talis</span> <span class='ocrx_word' id='word_1_445' title='bbox 1314 3937 1489 4014; x_wconf 85' lang='lat' dir='ltr'>Romani</span> <span class='ocrx_word' id='word_1_446' title='bbox 1505 3939 1749 4038; x_wconf 83' lang='lat' dir='ltr'>Imperatoris</span> <span class='ocrx_word' id='word_1_447' title='bbox 1771 3952 1803 4013; x_wconf 89' lang='lat' dir='ltr'>et</span> <span class='ocrx_word' id='word_1_448' title='bbox 1820 3938 2034 4038; x_wconf 80' lang='lat' dir='ltr'>Principum</span> <span class='ocrx_word' id='word_1_449' title='bbox 2052 3942 2202 4017; x_wconf 85' lang='lat' dir='ltr'>Electo-</span> 
     </span>
     <span class='ocr_line' id='line_1_41' title="bbox 169 4045 2202 4140; baseline 0.001 -26"><span class='ocrx_word' id='word_1_450' title='bbox 169 4070 234 4115; x_wconf 86' lang='lat' dir='ltr'>ncc</span> <span class='ocrx_word' id='word_1_451' title='bbox 249 4046 377 4138; x_wconf 77' lang='lat' dir='ltr'>fingas,</span> <span class='ocrx_word' id='word_1_452' title='bbox 402 4046 441 4115; x_wconf 92' lang='lat' dir='ltr'>in</span> <span class='ocrx_word' id='word_1_453' title='bbox 460 4045 532 4116; x_wconf 87' lang='lat' dir='ltr'>Deo</span> <span class='ocrx_word' id='word_1_454' title='bbox 550 4048 842 4120; x_wconf 87' lang='lat' dir='ltr'>contradictorias</span> <span class='ocrx_word' id='word_1_455' title='bbox 856 4050 1056 4120; x_wconf 88' lang='lat' dir='ltr'>voluntates</span> <span class='ocrx_word' id='word_1_456' title='bbox 1073 4073 1157 4121; x_wconf 82' lang='lat' dir='ltr'>esse.</span> <span class='ocrx_word' id='word_1_457' title='bbox 1210 4070 1303 4118; x_wconf 84' lang='lat' dir='ltr'>rum.</span> <span class='ocrx_word' id='word_1_458' title='bbox 1343 4047 1426 4118; x_wconf 90' lang='lat' dir='ltr'>Scio</span> <span class='ocrx_word' id='word_1_459' title='bbox 1444 4046 1720 4136; x_wconf 86' lang='lat' dir='ltr'>disputationem</span> <span class='ocrx_word' id='word_1_460' title='bbox 1738 4049 1835 4117; x_wconf 88' lang='lat' dir='ltr'>dere</span> <span class='ocrx_word' id='word_1_461' title='bbox 1852 4061 1949 4117; x_wconf 84' lang='lat' dir='ltr'>tanta</span> <span class='ocrx_word' id='word_1_462' title='bbox 1966 4048 2076 4140; x_wconf 85' lang='lat' dir='ltr'>magis</span> <span class='ocrx_word' id='word_1_463' title='bbox 2092 4050 2202 4140; x_wconf 85' lang='lat' dir='ltr'>perti-</span> 
     </span>
     <span class='ocr_line' id='line_1_42' title="bbox 162 4141 2201 4244; baseline 0.003 -31"><span class='ocrx_word' id='word_1_464' title='bbox 162 4141 284 4219; x_wconf 71' lang='lat' dir='ltr'>&#39;Verax</span> <span class='ocrx_word' id='word_1_465' title='bbox 299 4151 432 4241; x_wconf 85' lang='lat' dir='ltr'>legatus</span> <span class='ocrx_word' id='word_1_466' title='bbox 448 4161 500 4219; x_wconf 89' lang='lat' dir='ltr'>est</span> <span class='ocrx_word' id='word_1_467' title='bbox 520 4147 614 4218; x_wconf 84' lang='lat' dir='ltr'>filius</span> <span class='ocrx_word' id='word_1_468' title='bbox 629 4147 714 4235; x_wconf 90' lang='lat' dir='ltr'>Dei,</span> <span class='ocrx_word' id='word_1_469' title='bbox 738 4151 800 4244; x_wconf 88' lang='lat' dir='ltr'>qui</span> <span class='ocrx_word' id='word_1_470' title='bbox 823 4152 1095 4241; x_wconf 85' lang='lat' dir='ltr'>promissionem</span> <span class='ocrx_word' id='word_1_471' title='bbox 1117 4176 1157 4221; x_wconf 84' lang='lat' dir='ltr'>es</span> <span class='ocrx_word' id='word_1_472' title='bbox 1210 4173 1292 4218; x_wconf 79' lang='lat' dir='ltr'>nere</span> <span class='ocrx_word' id='word_1_473' title='bbox 1308 4150 1353 4217; x_wconf 91' lang='lat' dir='ltr'>ad</span> <span class='ocrx_word' id='word_1_474' title='bbox 1369 4172 1590 4217; x_wconf 88' lang='lat' dir='ltr'>summorum</span> <span class='ocrx_word' id='word_1_475' title='bbox 1606 4145 1814 4238; x_wconf 84' lang='lat' dir='ltr'>Principum</span> <span class='ocrx_word' id='word_1_476' title='bbox 1834 4148 2001 4236; x_wconf 87' lang='lat' dir='ltr'>consilia,</span> <span class='ocrx_word' id='word_1_477' title='bbox 2024 4174 2130 4241; x_wconf 92' lang='lat' dir='ltr'>quam</span> <span class='ocrx_word' id='word_1_478' title='bbox 2154 4154 2201 4220; x_wconf 89' lang='lat' dir='ltr'>ad</span> 
     </span>
     <span class='ocr_line' id='line_1_43' title="bbox 166 4247 2202 4346; baseline 0.001 -27"><span class='ocrx_word' id='word_1_479' title='bbox 166 4250 247 4320; x_wconf 89' lang='lat' dir='ltr'>sinu</span> <span class='ocrx_word' id='word_1_480' title='bbox 270 4250 404 4325; x_wconf 81' lang='lat' dir='ltr'>aeterni</span> <span class='ocrx_word' id='word_1_481' title='bbox 429 4249 544 4320; x_wconf 89' lang='lat' dir='ltr'>Patris</span> <span class='ocrx_word' id='word_1_482' title='bbox 567 4251 736 4341; x_wconf 85' lang='lat' dir='ltr'>protulit,</span> <span class='ocrx_word' id='word_1_483' title='bbox 758 4265 793 4325; x_wconf 91' lang='lat' dir='ltr'>et</span> <span class='ocrx_word' id='word_1_484' title='bbox 809 4252 945 4346; x_wconf 83' lang='lat' dir='ltr'>iuquit:</span> <span class='ocrx_word' id='word_1_485' title='bbox 969 4251 1096 4323; x_wconf 82' lang='lat' dir='ltr'>Venite</span> <span class='ocrx_word' id='word_1_486' title='bbox 1112 4256 1157 4322; x_wconf 85' lang='lat' dir='ltr'>ad</span> <span class='ocrx_word' id='word_1_487' title='bbox 1209 4248 1675 4329; x_wconf 80' lang='lat' dir='ltr'>iuvenilesdeclamationes,</span> <span class='ocrx_word' id='word_1_488' title='bbox 1689 4261 1806 4319; x_wconf 88' lang='lat' dir='ltr'>tamen</span> <span class='ocrx_word' id='word_1_489' title='bbox 1816 4274 1895 4321; x_wconf 89' lang='lat' dir='ltr'>cnm</span> <span class='ocrx_word' id='word_1_490' title='bbox 1909 4247 2098 4321; x_wconf 88' lang='lat' dir='ltr'>hisdiebus</span> <span class='ocrx_word' id='word_1_491' title='bbox 2108 4248 2202 4322; x_wconf 85' lang='lat' dir='ltr'>Ger·</span> 
     </span>
     <span class='ocr_line' id='line_1_44' title="bbox 165 4349 2201 4443; baseline 0.002 -23"><span class='ocrx_word' id='word_1_492' title='bbox 165 4373 222 4420; x_wconf 89' lang='lat' dir='ltr'>sne</span> <span class='ocrx_word' id='word_1_493' title='bbox 239 4378 381 4438; x_wconf 87' lang='lat' dir='ltr'>omnes,</span> <span class='ocrx_word' id='word_1_494' title='bbox 406 4352 467 4443; x_wconf 88' lang='lat' dir='ltr'>qui</span> <span class='ocrx_word' id='word_1_495' title='bbox 482 4351 663 4427; x_wconf 89' lang='lat' dir='ltr'>laboratis.</span> <span class='ocrx_word' id='word_1_496' title='bbox 693 4420 696 4425; x_wconf 85' lang='grc'><strong>,</strong></span> <span class='ocrx_word' id='word_1_497' title='bbox 1210 4351 1346 4420; x_wconf 79' lang='lat' dir='ltr'>maniae</span> <span class='ocrx_word' id='word_1_498' title='bbox 1364 4349 1546 4440; x_wconf 81' lang='lat' dir='ltr'>Principes</span> <span class='ocrx_word' id='word_1_499' title='bbox 1567 4352 1612 4418; x_wconf 87' lang='lat' dir='ltr'>ad</span> <span class='ocrx_word' id='word_1_500' title='bbox 1626 4350 1918 4421; x_wconf 87' lang='lat' dir='ltr'>deliberationem</span> <span class='ocrx_word' id='word_1_501' title='bbox 1933 4355 1977 4420; x_wconf 94' lang='lat' dir='ltr'>de</span> <span class='ocrx_word' id='word_1_502' title='bbox 1995 4376 2031 4421; x_wconf 90' lang='lat' dir='ltr'>re</span> <span class='ocrx_word' id='word_1_503' title='bbox 2049 4355 2201 4424; x_wconf 83' lang='lat' dir='ltr'>maxims</span> 
     </span>
    </p>

    <p class='ocr_par' dir='ltr' id='par_1_7' title="bbox 160 4450 2202 5455">
     <span class='ocr_line' id='line_1_45' title="bbox 269 4450 2201 4549; baseline 0.001 -26"><span class='ocrx_word' id='word_1_504' title='bbox 269 4450 392 4538; x_wconf 78' lang='lat' dir='ltr'>Fides,</span> <span class='ocrx_word' id='word_1_505' title='bbox 418 4453 533 4549; x_wconf 89' lang='lat' dir='ltr'>inquit</span> <span class='ocrx_word' id='word_1_506' title='bbox 559 4452 710 4539; x_wconf 86' lang='lat' dir='ltr'>Paulus,</span> <span class='ocrx_word' id='word_1_507' title='bbox 743 4479 784 4524; x_wconf 85' lang='lat' dir='ltr'>cx</span> <span class='ocrx_word' id='word_1_508' title='bbox 806 4455 932 4525; x_wconf 90' lang='lat' dir='ltr'>auditu</span> <span class='ocrx_word' id='word_1_509' title='bbox 953 4468 1023 4539; x_wconf 86' lang='lat' dir='ltr'>est,</span> <span class='ocrx_word' id='word_1_510' title='bbox 1055 4456 1159 4526; x_wconf 87' lang='lat' dir='ltr'>audi·</span> <span class='ocrx_word' id='word_1_511' title='bbox 1208 4455 1441 4533; x_wconf 86' lang='lat' dir='ltr'>conveniant,</span> <span class='ocrx_word' id='word_1_512' title='bbox 1464 4452 1597 4521; x_wconf 90' lang='lat' dir='ltr'>iustum</span> <span class='ocrx_word' id='word_1_513' title='bbox 1613 4466 1663 4523; x_wconf 87' lang='lat' dir='ltr'>est</span> <span class='ocrx_word' id='word_1_514' title='bbox 1679 4476 1744 4522; x_wconf 90' lang='lat' dir='ltr'>nos</span> <span class='ocrx_word' id='word_1_515' title='bbox 1761 4477 1903 4538; x_wconf 86' lang='lat' dir='ltr'>omnes,</span> <span class='ocrx_word' id='word_1_516' title='bbox 1928 4477 2028 4524; x_wconf 88' lang='lat' dir='ltr'>senes</span> <span class='ocrx_word' id='word_1_517' title='bbox 2042 4469 2078 4525; x_wconf 87' lang='lat' dir='ltr'>et</span> <span class='ocrx_word' id='word_1_518' title='bbox 2100 4455 2201 4524; x_wconf 85' lang='lat' dir='ltr'>iuve-</span> 
     </span>
     <span class='ocr_line' id='line_1_46' title="bbox 168 4552 2200 4646; baseline 0.001 -24"><span class='ocrx_word' id='word_1_519' title='bbox 168 4567 225 4633; x_wconf 84' lang='lat' dir='ltr'>tus</span> <span class='ocrx_word' id='word_1_520' title='bbox 241 4557 463 4645; x_wconf 87' lang='lat' dir='ltr'>perverbum</span> <span class='ocrx_word' id='word_1_521' title='bbox 481 4553 559 4624; x_wconf 88' lang='lat' dir='ltr'>Dei.</span> <span class='ocrx_word' id='word_1_522' title='bbox 593 4553 667 4644; x_wconf 83' lang='lat' dir='ltr'>Qui</span> <span class='ocrx_word' id='word_1_523' title='bbox 683 4557 900 4627; x_wconf 86' lang='lat' dir='ltr'>voluntatem</span> <span class='ocrx_word' id='word_1_524' title='bbox 915 4553 981 4626; x_wconf 90' lang='lat' dir='ltr'>Dei</span> <span class='ocrx_word' id='word_1_525' title='bbox 996 4580 1070 4625; x_wconf 90' lang='lat' dir='ltr'>non</span> <span class='ocrx_word' id='word_1_526' title='bbox 1084 4569 1156 4626; x_wconf 89' lang='lat' dir='ltr'>tra-</span> <span class='ocrx_word' id='word_1_527' title='bbox 1209 4577 1271 4622; x_wconf 88' lang='lat' dir='ltr'>nes</span> <span class='ocrx_word' id='word_1_528' title='bbox 1295 4553 1503 4623; x_wconf 89' lang='lat' dir='ltr'>ardentibus</span> <span class='ocrx_word' id='word_1_529' title='bbox 1528 4553 1619 4623; x_wconf 80' lang='lat' dir='ltr'>rotis</span> <span class='ocrx_word' id='word_1_530' title='bbox 1643 4552 1756 4625; x_wconf 84' lang='lat' dir='ltr'>Deum</span> <span class='ocrx_word' id='word_1_531' title='bbox 1792 4555 1949 4646; x_wconf 86' lang='lat' dir='ltr'>precari,</span> <span class='ocrx_word' id='word_1_532' title='bbox 1983 4569 2023 4626; x_wconf 92' lang='lat' dir='ltr'>ut</span> <span class='ocrx_word' id='word_1_533' title='bbox 2051 4557 2200 4626; x_wconf 82' lang='lat' dir='ltr'>consilia</span> 
     </span>
     <span class='ocr_line' id='line_1_47' title="bbox 168 4648 2200 4752; baseline 0 -29"><span class='ocrx_word' id='word_1_534' title='bbox 168 4655 278 4723; x_wconf 76' lang='lat' dir='ltr'>diram</span> <span class='ocrx_word' id='word_1_535' title='bbox 301 4654 338 4725; x_wconf 91' lang='lat' dir='ltr'>in</span> <span class='ocrx_word' id='word_1_536' title='bbox 365 4657 492 4739; x_wconf 79' lang='lat' dir='ltr'>verbo,</span> <span class='ocrx_word' id='word_1_537' title='bbox 518 4671 713 4749; x_wconf 88' lang='lat' dir='ltr'>quaerunt,</span> <span class='ocrx_word' id='word_1_538' title='bbox 739 4648 834 4752; x_wconf 81' lang='lat' dir='ltr'>quod</span> <span class='ocrx_word' id='word_1_539' title='bbox 856 4659 990 4730; x_wconf 80' lang='lat' dir='ltr'>faciunt</span> <span class='ocrx_word' id='word_1_540' title='bbox 1014 4653 1157 4728; x_wconf 82' lang='lat' dir='ltr'>Enthu-</span> <span class='ocrx_word' id='word_1_541' title='bbox 1210 4655 1415 4746; x_wconf 86' lang='lat' dir='ltr'>Principum</span> <span class='ocrx_word' id='word_1_542' title='bbox 1434 4656 1626 4743; x_wconf 83' lang='lat' dir='ltr'>gubernet,</span> <span class='ocrx_word' id='word_1_543' title='bbox 1656 4670 1692 4726; x_wconf 92' lang='lat' dir='ltr'>et</span> <span class='ocrx_word' id='word_1_544' title='bbox 1715 4661 1846 4746; x_wconf 87' lang='lat' dir='ltr'>patriae</span> <span class='ocrx_word' id='word_1_545' title='bbox 1867 4670 2007 4724; x_wconf 89' lang='lat' dir='ltr'>nostrae</span> <span class='ocrx_word' id='word_1_546' title='bbox 2029 4680 2147 4746; x_wconf 80' lang='lat' dir='ltr'>pacem</span> <span class='ocrx_word' id='word_1_547' title='bbox 2165 4673 2200 4728; x_wconf 93' lang='lat' dir='ltr'>et</span> 
     </span>
     <span class='ocr_line' id='line_1_48' title="bbox 167 4753 2202 4850; baseline -0 -25"><span class='ocrx_word' id='word_1_548' title='bbox 167 4756 312 4848; x_wconf 88' lang='lat' dir='ltr'>siastae,</span> <span class='ocrx_word' id='word_1_549' title='bbox 340 4780 496 4850; x_wconf 88' lang='lat' dir='ltr'>quonam</span> <span class='ocrx_word' id='word_1_550' title='bbox 516 4759 650 4827; x_wconf 82' lang='lat' dir='ltr'>ruunt?</span> <span class='ocrx_word' id='word_1_551' title='bbox 680 4755 729 4830; x_wconf 83' lang='grc' dir='ltr'>Ει</span> <span class='ocrx_word' id='word_1_552' title='bbox 751 4786 830 4830; x_wconf 86' lang='lat' dir='ltr'>curn</span> <span class='ocrx_word' id='word_1_553' title='bbox 851 4762 962 4831; x_wconf 89' lang='lat' dir='ltr'>dicat:</span> <span class='ocrx_word' id='word_1_554' title='bbox 989 4758 1096 4829; x_wconf 77' lang='lat' dir='ltr'>Fides</span> <span class='ocrx_word' id='word_1_555' title='bbox 1116 4784 1156 4826; x_wconf 83' lang='lat' dir='ltr'>ex</span> <span class='ocrx_word' id='word_1_556' title='bbox 1207 4758 1395 4827; x_wconf 87' lang='lat' dir='ltr'>salutarem</span> <span class='ocrx_word' id='word_1_557' title='bbox 1430 4757 1724 4845; x_wconf 82' lang='lat' dir='ltr'>gubernationem</span> <span class='ocrx_word' id='word_1_558' title='bbox 1755 4757 1899 4825; x_wconf 89' lang='lat' dir='ltr'>tribuat.</span> <span class='ocrx_word' id='word_1_559' title='bbox 1952 4753 1991 4822; x_wconf 90' lang='lat' dir='ltr'>ld</span> <span class='ocrx_word' id='word_1_560' title='bbox 2018 4769 2057 4824; x_wconf 88' lang='lat' dir='ltr'>ut</span> <span class='ocrx_word' id='word_1_561' title='bbox 2085 4758 2202 4842; x_wconf 85' lang='lat' dir='ltr'>faciat,</span> 
     </span>
     <span class='ocr_line' id='line_1_49' title="bbox 167 4852 2200 4953; baseline -0.002 -23"><span class='ocrx_word' id='word_1_562' title='bbox 167 4859 294 4930; x_wconf 76' lang='lat' dir='ltr'>ruditu</span> <span class='ocrx_word' id='word_1_563' title='bbox 318 4872 388 4942; x_wconf 87' lang='lat' dir='ltr'>est,</span> <span class='ocrx_word' id='word_1_564' title='bbox 419 4855 637 4944; x_wconf 82' lang='lat' dir='ltr'>intelligatur</span> <span class='ocrx_word' id='word_1_565' title='bbox 658 4860 734 4930; x_wconf 90' lang='lat' dir='ltr'>eius</span> <span class='ocrx_word' id='word_1_566' title='bbox 755 4885 828 4930; x_wconf 86' lang='lat' dir='ltr'>esse</span> <span class='ocrx_word' id='word_1_567' title='bbox 853 4863 959 4944; x_wconf 88' lang='lat' dir='ltr'>fides,</span> <span class='ocrx_word' id='word_1_568' title='bbox 993 4861 1056 4953; x_wconf 88' lang='lat' dir='ltr'>qui</span> <span class='ocrx_word' id='word_1_569' title='bbox 1079 4861 1158 4928; x_wconf 86' lang='lat' dir='ltr'>vult</span> <span class='ocrx_word' id='word_1_570' title='bbox 1208 4871 1282 4925; x_wconf 92' lang='lat' dir='ltr'>toto</span> <span class='ocrx_word' id='word_1_571' title='bbox 1299 4872 1437 4948; x_wconf 89' lang='lat' dir='ltr'>pectore</span> <span class='ocrx_word' id='word_1_572' title='bbox 1459 4882 1539 4927; x_wconf 74' lang='lat' dir='ltr'>estin</span> <span class='ocrx_word' id='word_1_573' title='bbox 1558 4882 1634 4927; x_wconf 82' lang='lat' dir='ltr'>oro.</span> <span class='ocrx_word' id='word_1_574' title='bbox 1688 4852 2038 4943; x_wconf 79' lang='lat' dir='ltr'>luhaccogitatione</span> <span class='ocrx_word' id='word_1_575' title='bbox 2059 4877 2200 4930; x_wconf 79' lang='lat' dir='ltr'>nonest</span> 
     </span>
     <span class='ocr_line' id='line_1_50' title="bbox 165 4957 2200 5051; baseline 0 -22"><span class='ocrx_word' id='word_1_576' title='bbox 165 4959 308 5044; x_wconf 85' lang='lat' dir='ltr'>audire,</span> <span class='ocrx_word' id='word_1_577' title='bbox 330 4985 403 5029; x_wconf 90' lang='lat' dir='ltr'>non</span> <span class='ocrx_word' id='word_1_578' title='bbox 419 4959 479 5051; x_wconf 87' lang='lat' dir='ltr'>qui</span> <span class='ocrx_word' id='word_1_579' title='bbox 497 4971 680 5048; x_wconf 85' lang='lat' dir='ltr'>repugnat.</span> <span class='ocrx_word' id='word_1_580' title='bbox 763 4978 767 4986; x_wconf 86' lang='lat'><em>·</em></span> <span class='ocrx_word' id='word_1_581' title='bbox 1038 5002 1044 5012; x_wconf 94' lang='lat'>-</span> <span class='ocrx_word' id='word_1_582' title='bbox 1208 4958 1492 5048; x_wconf 83' lang='lat' dir='ltr'>intempestivum</span> <span class='ocrx_word' id='word_1_583' title='bbox 1508 4959 1613 5026; x_wconf 87' lang='lat' dir='ltr'>simul</span> <span class='ocrx_word' id='word_1_584' title='bbox 1629 4959 1673 5025; x_wconf 88' lang='lat' dir='ltr'>de</span> <span class='ocrx_word' id='word_1_585' title='bbox 1689 4957 2025 5029; x_wconf 67' lang='lat' dir='ltr'>mutationeseteris</span> <span class='ocrx_word' id='word_1_586' title='bbox 2045 4957 2200 5050; x_wconf 82' lang='lat' dir='ltr'>lmprrii,</span> 
     </span>
     <span class='ocr_line' id='line_1_51' title="bbox 165 5057 2197 5154; baseline 0 -25"><span class='ocrx_word' id='word_1_587' title='bbox 165 5124 173 5130; x_wconf 86' lang='lat'>..</span> <span class='ocrx_word' id='word_1_588' title='bbox 267 5061 548 5133; x_wconf 70' lang='lat' dir='ltr'>similitudinem</span> <span class='ocrx_word' id='word_1_589' title='bbox 565 5061 609 5127; x_wconf 93' lang='lat' dir='ltr'>de</span> <span class='ocrx_word' id='word_1_590' title='bbox 626 5059 719 5142; x_wconf 92' lang='lat' dir='ltr'>luto,</span> <span class='ocrx_word' id='word_1_591' title='bbox 746 5087 790 5131; x_wconf 86' lang='lat' dir='ltr'>ne</span> <span class='ocrx_word' id='word_1_592' title='bbox 813 5063 887 5151; x_wconf 91' lang='lat' dir='ltr'>ipse</span> <span class='ocrx_word' id='word_1_593' title='bbox 901 5060 1045 5154; x_wconf 85' lang='lat' dir='ltr'>quidem</span> <span class='ocrx_word' id='word_1_594' title='bbox 1062 5059 1156 5129; x_wconf 88' lang='lat' dir='ltr'>Pau-</span> <span class='ocrx_word' id='word_1_595' title='bbox 1207 5061 1299 5129; x_wconf 84' lang='lat' dir='ltr'>etde</span> <span class='ocrx_word' id='word_1_596' title='bbox 1317 5076 1477 5132; x_wconf 84' lang='lat' dir='ltr'>veterum</span> <span class='ocrx_word' id='word_1_597' title='bbox 1497 5058 1760 5127; x_wconf 87' lang='lat' dir='ltr'>Germanorum</span> <span class='ocrx_word' id='word_1_598' title='bbox 1779 5058 1927 5144; x_wconf 77' lang='lat' dir='ltr'>virtute,</span> <span class='ocrx_word' id='word_1_599' title='bbox 1953 5064 2048 5131; x_wconf 89' lang='lat' dir='ltr'>etde</span> <span class='ocrx_word' id='word_1_600' title='bbox 2068 5057 2197 5130; x_wconf 86' lang='lat' dir='ltr'>horum</span> 
     </span>
     <span class='ocr_line' id='line_1_52' title="bbox 165 5159 2199 5254; baseline -0.001 -20"><span class='ocrx_word' id='word_1_601' title='bbox 165 5166 221 5235; x_wconf 89' lang='lat' dir='ltr'>lus</span> <span class='ocrx_word' id='word_1_602' title='bbox 245 5167 332 5235; x_wconf 84' lang='lat' dir='ltr'>adeo</span> <span class='ocrx_word' id='word_1_603' title='bbox 356 5164 495 5235; x_wconf 89' lang='lat' dir='ltr'>duriter</span> <span class='ocrx_word' id='word_1_604' title='bbox 519 5161 790 5251; x_wconf 88' lang='lat' dir='ltr'>interpretatur,</span> <span class='ocrx_word' id='word_1_605' title='bbox 815 5177 856 5232; x_wconf 91' lang='grc' dir='ltr'>ιιι</span> <span class='ocrx_word' id='word_1_606' title='bbox 878 5163 1097 5231; x_wconf 86' lang='lat' dir='ltr'>voluntatem</span> <span class='ocrx_word' id='word_1_607' title='bbox 1118 5162 1155 5229; x_wconf 91' lang='lat' dir='ltr'>in</span> <span class='ocrx_word' id='word_1_608' title='bbox 1206 5162 1400 5230; x_wconf 86' lang='lat' dir='ltr'>recentium</span> <span class='ocrx_word' id='word_1_609' title='bbox 1428 5159 1640 5228; x_wconf 87' lang='lat' dir='ltr'>Pontificum</span> <span class='ocrx_word' id='word_1_610' title='bbox 1663 5160 1807 5228; x_wconf 68' lang='lat' dir='ltr'>audacia</span> <span class='ocrx_word' id='word_1_611' title='bbox 1834 5162 2004 5248; x_wconf 83' lang='lat' dir='ltr'>cogitare,</span> <span class='ocrx_word' id='word_1_612' title='bbox 2038 5164 2098 5254; x_wconf 89' lang='lat' dir='ltr'>qui</span> <span class='ocrx_word' id='word_1_613' title='bbox 2125 5188 2199 5232; x_wconf 90' lang='lat' dir='ltr'>nou</span> 
     </span>
     <span class='ocr_line' id='line_1_53' title="bbox 166 5262 2199 5357; baseline -0.002 -20"><span class='ocrx_word' id='word_1_614' title='bbox 166 5268 267 5337; x_wconf 88' lang='lat' dir='ltr'>malis</span> <span class='ocrx_word' id='word_1_615' title='bbox 290 5263 382 5336; x_wconf 88' lang='lat' dir='ltr'>nihil</span> <span class='ocrx_word' id='word_1_616' title='bbox 405 5288 508 5357; x_wconf 89' lang='lat' dir='ltr'>agere</span> <span class='ocrx_word' id='word_1_617' title='bbox 529 5262 721 5348; x_wconf 83' lang='lat' dir='ltr'>existimet,</span> <span class='ocrx_word' id='word_1_618' title='bbox 742 5269 801 5332; x_wconf 90' lang='lat' dir='ltr'>sed</span> <span class='ocrx_word' id='word_1_619' title='bbox 826 5278 966 5334; x_wconf 90' lang='lat' dir='ltr'>tantum</span> <span class='ocrx_word' id='word_1_620' title='bbox 983 5264 1088 5353; x_wconf 84' lang='lat' dir='ltr'>fingi,</span> <span class='ocrx_word' id='word_1_621' title='bbox 1115 5279 1155 5333; x_wconf 89' lang='lat' dir='ltr'>ut</span> <span class='ocrx_word' id='word_1_622' title='bbox 1206 5287 1301 5330; x_wconf 82' lang='lat' dir='ltr'>urum</span> <span class='ocrx_word' id='word_1_623' title='bbox 1318 5264 1491 5351; x_wconf 86' lang='lat' dir='ltr'>primurn,</span> <span class='ocrx_word' id='word_1_624' title='bbox 1518 5262 1576 5327; x_wconf 85' lang='lat' dir='ltr'>sed</span> <span class='ocrx_word' id='word_1_625' title='bbox 1596 5277 1697 5331; x_wconf 76' lang='lat' dir='ltr'>antra</span> <span class='ocrx_word' id='word_1_626' title='bbox 1716 5286 1857 5354; x_wconf 89' lang='lat' dir='ltr'>qunque</span> <span class='ocrx_word' id='word_1_627' title='bbox 1874 5264 1987 5333; x_wconf 73' lang='lat' dir='ltr'>consui</span> <span class='ocrx_word' id='word_1_628' title='bbox 2005 5279 2088 5331; x_wconf 79' lang='lat' dir='ltr'>sum</span> <span class='ocrx_word' id='word_1_629' title='bbox 2106 5263 2199 5334; x_wconf 80' lang='lat' dir='ltr'>Ger-</span> 
     </span>
     <span class='ocr_line' id='line_1_54' title="bbox 160 5364 2197 5455; baseline 0 -17"><span class='ocrx_word' id='word_1_630' title='bbox 160 5376 290 5447; x_wconf 78' lang='lat' dir='ltr'>lutum.</span> <span class='ocrx_word' id='word_1_631' title='bbox 329 5408 334 5419; x_wconf 53' lang='lat'><em>1</em></span> <span class='ocrx_word' id='word_1_632' title='bbox 421 5379 427 5437; x_wconf 74' lang='grc' dir='ltr'>ζ</span> <span class='ocrx_word' id='word_1_633' title='bbox 590 5412 593 5423; x_wconf 72' lang='lat'><em>=</em></span> <span class='ocrx_word' id='word_1_634' title='bbox 1205 5365 1362 5434; x_wconf 81' lang='lat' dir='ltr'>maniam</span> <span class='ocrx_word' id='word_1_635' title='bbox 1401 5364 1562 5445; x_wconf 87' lang='lat' dir='ltr'>turbare,</span> <span class='ocrx_word' id='word_1_636' title='bbox 1600 5379 1734 5434; x_wconf 86' lang='lat' dir='ltr'>mutata</span> <span class='ocrx_word' id='word_1_637' title='bbox 1770 5365 1883 5434; x_wconf 81' lang='lat' dir='ltr'>lorum</span> <span class='ocrx_word' id='word_1_638' title='bbox 1916 5366 2197 5455; x_wconf 83' lang='lat' dir='ltr'>gubernationis.</span> 
     </span>
    </p>
   </div>
   <div class='ocr_carea' id='block_1_5' title="bbox 0 0 2378 6022">
    <p class='ocr_par' dir='ltr' id='par_1_8' title="bbox 0 0 2378 6022">
     <span class='ocr_line' id='line_1_55' title="bbox 0 0 2378 6022; baseline 0 0"><span class='ocrx_word' id='word_1_639' title='bbox 0 0 2378 6022; x_wconf 95' lang='lat' dir='ltr'> </span> 
     </span>
    </p>
   </div>
  </div>
 </body>
</html>
