4748 6022
164 297 239 370 stt
650 283 953 379 ALLOQUlA
986 283 1323 360 ET‘BREVES
1356 283 1704 364 CONClONES.
2120 289 2200 368 948

246 466 304 537 Tu
322 466 397 560 ipsc
412 480 465 538 tot
478 466 625 536 vulnera
642 463 716 532 filio
726 459 792 532 Dei
808 460 979 553 pendenti
993 460 1032 529 in
1048 483 1152 532 cruce
1203 483 1310 555 quam
1340 460 1440 554 quod
1467 458 1600 533 Paulos
1629 462 1764 558 inquit,
1805 463 2041 537 conscientias
2071 487 2092 535 a
2120 463 2199 538 Deo

164 570 269 656 facis,
283 569 422 664 quoties
438 567 694 639 contumaciter
709 566 820 634 violas
834 565 946 653 legem
956 559 1040 648 Dei,
1055 576 1152 655 post·
1203 562 1326 643 avelli,
1356 577 1390 632 et
1411 563 1487 632 fieri
1503 559 1622 635 hostes
1635 563 1721 646 Dei,
1746 566 1777 635 si
1792 566 1864 637 sint
1877 581 2105 639 contumaces
2124 593 2205 641 ma-

167 695 275 766 quam
291 673 467 762 agnovisti
484 670 693 741 beneficium
718 667 783 735 filii
800 665 889 751 Dei,
916 665 1071 758 quivult
1086 689 1151 735 nos
1202 665 1418 756 gistratibus.
1471 665 1570 755 Quid
1584 681 1636 737 est
1649 681 1767 738 autem
1783 667 1934 754 tristius,
1961 695 2069 763 quam
2085 695 2107 761 a
2123 668 2202 745 Deo

90 798 130 826 -·
165 799 232 868 pro
255 774 500 867 redemptione
523 786 640 863 gratos
659 793 753 854 esse,
792 781 827 838 ει
849 764 942 837 hanc
963 767 1152 856 gratitudi-
1203 767 1367 838 avulsum
1390 780 1425 835 ct
1446 767 1652 841 damnatum
1669 771 1766 840 esse?
1817 767 1902 841 ldeo
1917 785 2065 864 propter
2079 770 2204 845 Deum

166 902 248 948 nem
265 872 333 948 boc
353 876 471 947 officio
491 874 688 951 declarare,
714 871 879 940 videlicet
894 869 1078 960 diligentia
1095 870 1152 960 pic
1202 869 1333 941 flectite
1363 868 1501 940 animos
1531 873 1575 941 ad
1598 872 1694 963 piam
1716 872 1957 943 obedientiam
1980 897 2065 965 erga
2087 877 2208 969 magi-

167 982 405 1071 regendorum
425 1001 586 1061 morum,
612 999 717 1068 quam
739 987 779 1043 ut
804 973 1005 1064 praestetis,
1031 987 1066 1043 et
1091 996 1152 1041 ve-
1205 984 1352 1057 stratus,
1377 996 1443 1064 pro
1466 998 1537 1067 quo
1561 972 1791 1054 officio‘Dcns
1806 975 1964 1067 praemia
1980 979 2152 1073 daturum
2168 984 2207 1052 se

166 1096 238 1153 stra
254 1081 420 1151 voluntas
434 1078 550 1149 anniti
565 1079 685 1161 debet,
712 1090 742 1145 et
761 1073 857 1145 Deus
874 1090 1038 1144 aeternus
1054 1088 1154 1166 pater
1205 1073 1383 1165 promittit
1411 1073 1449 1142 in
1479 1070 1548 1145 hoc
1579 1090 1784 1169 praecepto:
1820 1074 1971 1148 Honora
1997 1093 2139 1170 patrem
2169 1095 2207 1153 ει

167 1183 307 1254 domini
331 1182 445 1251 nostri
469 1179 549 1251 lesu
573 1175 694 1250 Christ
713 1178 871 1247 orandus
894 1190 965 1263 est,
988 1177 1051 1270 qui
1075 1177 1154 1247 vult
1204 1189 1374 1262 matrem,
1399 1187 1439 1246 ut
1459 1177 1507 1246 sis
1531 1177 1724 1269 longaevus
1744 1193 2010 1273 superterram.
2059 1179 2207 1253 Deinde

120 1330 123 1336 ,
167 1288 253 1354 dare
274 1283 448 1375 Spiritum
466 1294 646 1366 sanctum,
671 1304 745 1349 uon
771 1279 1062 1363 contumacibus,
1083 1279 1153 1371 'qui
1205 1290 1441 1364 mementote,
1474 1274 1621 1350 Scholas
1654 1295 1789 1373 partem
1822 1305 1894 1352 esse
1924 1279 2105 1356 Ecclesiae
2135 1284 2206 1358 Dei

168 1388 287 1457 laxant
318 1386 438 1453 frenos
471 1382 640 1454 omnibus
672 1382 944 1474 cupiditatibus,
991 1383 1073 1465 sed,
1113 1397 1154 1451 ut
1206 1381 1444 1472 praecipuam.
1496 1378 1581 1452 Ideo
1598 1382 1676 1454 sitis
1688 1384 1937 1466 modestiores,
1964 1387 2109 1457 ne'mali
2124 1413 2207 1458 mo-

168 1484 330 1562 Christus
354 1486 490 1579 inquit,
515 1486 578 1568 iis,
605 1485 667 1578 qui
691 1497 838 1576 petunt,
873 1484 1058 1566 modestis,
1095 1507 1155 1552 co·
1206 1506 1263 1552 res
1285 1484 1499 1553 dedecorent
1517 1480 1713 1555 Ecclesiam
1736 1486 1822 1572 Dei,
1855 1501 1890 1559 et
1913 1507 2111 1559 moerorem
2138 1493 2205 1562 ad-

168 1589 364 1679 gitantibus
386 1589 431 1658 de
446 1587 513 1658 Dei
532 1588 734 1672 voluntate,
761 1600 793 1656 ει
809 1585 1011 1678 petentibus
1031 1583 1154 1654 divina
1207 1586 1322 1655 ferant
1336 1584 1486 1676 Spiritui
1502 1601 1623 1658 sancto
1642 1588 1814 1662 inbonis.

167 1690 346 1763 beneficia.
1308 1683 1412 1757 Nunc
1439 1712 1525 1757 vero
1553 1689 1622 1760 tibi
1653 1685 1740 1761 baec
1764 1686 1930 1762 Rectoris
1959 1691 2060 1783 sigua
2089 1697 2207 1767 trado.

268 1789 366 1861 Haec
397 1805 432 1863 et
460 1790 523 1861 alii
551 1814 654 1882 saepe
679 1805 844 1875 monent,
872 1804 906 1860 et
928 1791 974 1858 ad
998 1788 1155 1859 officium
1208 1783 1258 1858 Et
1279 1812 1361 1858 cum
1378 1789 1573 1873 filiusDei,
1596 1793 1764 1862 dominns
1778 1805 1899 1862 noster
1915 1789 2009 1864 lesus
2024 1791 2208 1884 Christus,

167 1893 342 1968 Rectoris
357 1893 530 1984 pertinet,
564 1895 650 1965 tales
673 1892 1031 1962 commonefactiones
1053 1892 1156 1961 vobis
1209 1891 1395 1961 crucifixus
1421 1916 1487 1984 pro
1515 1894 1620 1964 nobis
1643 1908 1678 1965 ει
1699 1893 1944 1980 resuscitatus,
1981 1900 2209 1988 promiserit,

168 2019 386 2090 proponere,
412 2020 499 2090 quas
513 2018 616 2086 spero
632 1995 727 2064 sanis
742 2008 776 2063 et
797 1994 1026 2065 mediocriter
1038 2017 1157 2064 mora·
1208 2013 1245 2061 se
1272 2015 1410 2084 semper
1437 1995 1644 2067 adfuturum
1667 1992 1848 2067 Ecclesiae
1869 1997 2048 2069 invocanti
2069 2000 2207 2092 ipsum,

167 2100 213 2169 tis
240 2111 356 2190 gratas
378 2120 462 2168 esse.
513 2095 630 2166 Deum
655 2110 769 2167 autem
795 2110 979 2166 aeternum
1004 2120 1085 2182 oro,
1116 2110 1157 2165 ut
1209 2118 1293 2175 oro,
1325 2111 1366 2166 ut
1385 2095 1460 2187 ipse
1485 2091 1568 2167 buic
1592 2099 1686 2190 parti
1708 2097 1905 2186 Ecclesiae,
1930 2101 2062 2172 scilicet
2082 2105 2204 2174 coetui

168 2201 244 2294 ipse
267 2212 413 2293 propter
437 2194 633 2269 Ecclesiam
655 2223 722 2268 nos
751 2222 875 2269 omnes
894 2200 1088 2290 gubernet,
1122 2211 1157 2268 et
1209 2190 1598 2285 scholastico-intersit,
1624 2213 1658 2270 et
1682 2213 1716 2271 ιε
1738 2214 1773 2272 ει
1795 2225 1862 2271 nos
1878 2226 2003 2272 omnes
2018 2206 2208 2293 gubernet,

168 2326 233 2374 uos
249 2325 332 2373 vasa
348 2301 610 2372 misericordiae
625 2301 741 2376 faciat.
792 2298 888 2376 Dixi.
1209 2299 1282 2368 imo
1297 2312 1338 2369 ut
1355 2299 1429 2391 ipse
1446 2324 1510 2392 per
1528 2325 1601 2372 sese
1614 2303 1662 2374 sit
1674 2301 1808 2374 Rector
1821 2318 1964 2374 nostrae
1976 2299 2210 2393 Academiae,

1210 2399 1298 2471 sicut
1321 2425 1404 2471 vere
1425 2417 1476 2475 est
1491 2401 1656 2474 Pontifex
1674 2419 1709 2477 et
1722 2420 1828 2498 caput
1840 2402 2021 2476 Ecclesiae
2036 2432 2142 2493 suae,
2170 2423 2208 2480 et

1119 2572 1125 2579 ,
1208 2516 1324 2573 servet
1337 2505 1454 2575 studia
1469 2507 1663 2592 doctrinae,
1688 2530 1872 2600 perquam
1888 2508 2210 2596 celebraturDeus,
2236 2526 2238 2531 “

1209 2617 1245 2674 ει
1273 2629 1356 2676 vera
1386 2605 1563 2679 invocatio
1591 2623 1625 2680 ct
1653 2599 1767 2679 officia
1789 2606 1866 2680 Deo
1895 2624 1995 2700 grata
2017 2615 2208 2688 docentur.

887 2802 893 2813 .
936 2749 1156 2818 inuitato.

938 2843 1151 2880 Μ

259 2959 293 3013 n
313 2957 520 3029 Quocum
535 2937 716 3012 nemauso·
734 2973 763 3027 p.
782 2954 855 3011 17⁸⁶
873 2977 916 3030 sq.

304 3139 435 3210 Oratio
462 3141 505 3209 in
531 3136 816 3209 renunciatione
840 3139 1017 3208 Rectoris.

169 3273 282 3379 Quod
314 3288 468 3357 faustum
504 3298 540 3356 et
561 3284 668 3353 foelix
694 3284 761 3369 sit,
794 3285 926 3356 electus
949 3299 1000 3355 est
1022 3283 1155 3359 Rector

168 3388 399 3471 Academiae,
428 3387 486 3457 vir
498 3390 623 3457 doctus
647 3399 681 3457 et
695 3382 889 3472 honestus,
913 3390 1006 3458 etde
1020 3391 1154 3474 multis,

170 3515 259 3585 quos
280 3491 431 3560 fideliter
454 3482 630 3573 erudivit,
664 3488 755 3558 bene
781 3490 947 3574 meritus,
982 3490 1156 3580 Magister

167 3587 361 3666 Iohannes
376 3568 591 3661 Marcellus
604 3583 984 3684 Regiomontonus*).
1036 3591 1155 3665 Huius

167 3697 375 3767 electionem
394 3694 497 3764 vobis
516 3693 659 3787 publice
678 3693 863 3767 renuncio.
916 3693 1054 3767 Multae
1071 3710 1155 3767 sunt

169 3800 264 3869 enim
285 3819 428 3877 causae,
455 3795 639 3865 curtalem
661 3796 968 3866 renunciationem
989 3797 1065 3866 ficri
1088 3823 1155 3890 pu-

166 3901 258 3972 blice
282 3900 412 3969 deceat.
463 3895 536 3968 Vos
555 3919 695 3966 necesse
719 3910 772 3968 est
790 3898 898 3983 scire,
924 3899 981 3968 cui
1008 3903 1155 3970 mande-

167 4018 228 4076 tur
238 4000 489 4091 Magistratus,
514 4011 550 4069 et
561 3999 652 4073 utile
666 4012 736 4084 est,
762 4024 818 4068 me
834 4012 867 4069 et
881 3998 1053 4072 Senatum
1061 3998 1154 4073 Aca-

167 4106 306 4176 demiae
327 4105 443 4195 palam
472 4101 648 4194 profiteri,
685 4124 752 4171 nos
772 4103 955 4173 communi
981 4128 1155 4176 consensu

168 4204 254 4277 hnic
269 4203 519 4295 Magistratum
534 4205 741 4288 mandasse,
766 4216 801 4274 et
815 4204 973 4274 studium
997 4220 1031 4278 et
1049 4221 1155 4279 auto-

168 4311 311 4381 ritatem
323 4309 364 4375 ad
377 4331 457 4377 curn
469 4307 680 4391 iuvandum,
697 4321 732 4376 ει
740 4308 1155 4402 tuendamdisciplinam,

168 4411 361 4482 collaturos
394 4428 478 4477 esse.
536 4404 778 4500 Praecipimus
801 4423 927 4479 ‘autem
955 4412 1075 4494 vobis,
1115 4425 1156 4484 ιιι

168 4523 373 4584 reverenter
397 4503 483 4577 huic
503 4504 650 4577 Rectori
665 4507 878 4580 Academiae
896 4526 1038 4581 nostrae
1052 4514 1155 4582 dein-

169 4637 248 4707 ceps
271 4609 542 4702 obtemperetis,
571 4622 718 4699 propter
739 4611 948 4679 mandatum
981 4614 1155 4698 divinum,

170 4719 265 4815 quod
282 4714 415 4786 Paulus
426 4709 621 4804 Apostolus
638 4706 694 4779 bis
709 4711 827 4781 verbis
841 4712 983 4785 recitat:
1007 4713 1155 4786 Necesse

168 4836 221 4893 est
236 4814 400 4903 obedire,
417 4835 491 4886 non
507 4815 623 4884 solum
639 4825 785 4905 propter
801 4813 908 4895 iram,
932 4815 969 4884 id
988 4831 1054 4904 est,
1069 4842 1156 4911 pro-

168 4940 247 5016 pter
279 4944 431 5012 poenas,
473 4920 532 4989 sed
567 4917 672 4987 etiam
710 4930 857 5010 propter
890 4920 1155 4997 conscientiam.

168 5025 266 5096 Haec
297 5022 404 5090 verba
433 5019 568 5108 infigite
599 5019 736 5090 intimis
766 5020 928 5090 sensibus
960 5035 1153 5111 pectorum.

171 5124 270 5199 Nihil
294 5125 390 5194 enim
415 5121 485 5190 dici
500 5121 642 5211 gravius
656 5135 771 5209 potest
793 5125 837 5191 ad
854 5123 1080 5194 sanciendam
1098 5127 1154 5197 di-

150 5231 375 5323 sciplinam,
402 5238 437 5295 et
458 5224 504 5292 ad
525 5222 763 5295 muniendum>
781 5226 943 5296 ordinem
959 5228 1156 5318 politicum,

167 5394 355 5411 m

202 5473 233 5545 ἲ)
251 5476 277 5529 ls
290 5472 392 5527 llector
406 5469 490 5529 Aesd.
504 5468 607 5525 electos
621 5477 661 5523 est
675 5467 703 5524 d.
719 5472 742 5524 t.
752 5460 819 5523 Maii
835 5467 912 5523 1⁵46.

1276 3346 1342 3416 †Es
1353 3366 1449 3421 apogr.
1464 3348 1631 3408 cranous.
1645 3339 1791 3410 Nostana
1806 3356 1832 3414 l.
1851 3372 1879 3428 p.
1896 3357 1965 3415 tob.

1208 3525 1432 3595 Gratiarum
1466 3529 1576 3596 actio.
1636 3524 1736 3601 Plsil.
1774 3526 1869 3604 Mel.
1898 3537 2087 3632 Mops‘stro
2134 3543 2159 3608 1
2162 3562 2208 3609 o·

1216 3624 1363 3700 bonni
1387 3624 1600 3699 Moidnno
1624 3637 1871 3728 praescripsit
1894 3634 2004 3713 lata.
2025 3636 2068 3712 Ἰ.
2086 3637 2195 3712 Febr.

1206 3803 1291 3885 Etsi
1315 3815 1472 3903 gaudeo,
1505 3809 1568 3884 bas
1592 3830 1710 3908 partes
1734 3818 1875 3892 dicendi
1900 3821 1992 3895 mihi
2014 3829 2204 3902 attributas

1206 3938 1297 4002 esse,
1323 3915 1362 3984 in
1386 3915 1516 4009 quibus
1538 3939 1675 3989 summa
1698 3934 1750 3991 est
1771 3922 1849 3995 laus
1869 3928 1997 4014 officii,
2025 3933 2205 4018 videlicet,

1206 4031 1247 4089 ut
1267 4040 1367 4108 agam
1390 4019 1519 4108 gratias
1533 4015 1611 4089 Deo
1631 4036 1665 4092 et
1686 4020 1749 4108 iis,
1774 4026 1838 4120 qui
1858 4030 1975 4099 studia
1997 4045 2119 4104 nostra
2138 4037 2203 4104 ad·

1207 4120 1388 4190 iuverunt:
1422 4132 1541 4190 tamen
1571 4123 1696 4209 doleo,
1729 4149 1786 4195 mc
1815 4131 1978 4209 oratione
2001 4157 2079 4203 non
2099 4159 2198 4227 posse

1206 4223 1291 4292 satis
1311 4222 1490 4292 declarare
1513 4236 1675 4294 nostrum
1699 4226 1872 4300 iudicium
1889 4229 2006 4305 debis
2023 4237 2201 4308 beneficiis

1207 4339 1241 4394 ct
1269 4324 1434 4416 pietatem
1465 4348 1546 4414 erga
1577 4342 1830 4418 praeceptores.
1899 4333 2030 4426 lugens
2052 4340 2203 4411 omnino

1206 4424 1274 4495 Dei
1296 4427 1506 4497 beneficium
1529 4439 1598 4512 est,
1625 4430 1720 4521 quod
1741 4455 1815 4501 non
1831 4436 1947 4506 solum
1964 4443 2129 4514 condidit
2142 4466 2204 4532 ge-

1207 4551 1275 4596 nus
1295 4522 1512 4609 humanum,
1538 4531 1600 4598 sed
1621 4553 1658 4598 se
1679 4532 1785 4602 etiam
1808 4539 1989 4626 patefecit,
2014 4566 2056 4611 ac
2069 4546 2202 4616 tradita

1206 4628 1368 4699 doctrina
1385 4629 1624 4699 ministerium
1643 4632 1815 4720 instituit,
1840 4664 1912 4732 quo
1928 4643 2006 4714 vult
2023 4669 2101 4715 eam
2117 4671 2205 4740 pro·

1208 4730 1342 4822 pagari.
1397 4728 1480 4798 Non
1511 4731 1619 4821 igitur
1649 4735 1764 4806 maius
1792 4740 2001 4813 beneficium
2037 4741 2204 4822 homines

1206 4828 1416 4902 hominibus
1449 4832 1632 4923 impertire
1660 4854 1828 4926 possunt,
1876 4868 1983 4939 quam
2016 4851 2206 4923 doctrinae

1206 4935 1585 5021 communicationem,
1624 4937 1663 5005 in
1690 4965 1759 5032 qua
1790 4943 1910 5016 fideles
1933 4949 2099 5021 doctores
2121 4979 2205 5025 vere

1207 5051 1291 5108 sunt
1315 5029 1489 5135 odrapyot
1511 5038 1624 5124 θεοῦ,
1652 5054 1688 5111 ει
1711 5047 1753 5112 ad
1777 5041 1891 5117 Deum
1917 5053 2101 5124 auditores
2125 5082 2204 5129 non

1207 5154 1431 5210 contumaces
1452 5141 1646 5213 adducunt.
1701 5142 1778 5214 lano
1796 5156 2053 5241 propemodum
2068 5171 2112 5228 ut
2127 5162 2208 5232 foe·

1208 5255 1265 5311 tus
1286 5241 1324 5308 in
1347 5243 1427 5311 alvo
1451 5255 1612 5314 materno
1635 5262 1796 5320 servatur
1817 5265 1852 5322 et
1874 5279 1938 5345 per
1961 5259 2207 5351 cotyledoncs,

1208 5357 1375 5436 tanquam
1393 5368 1456 5434 per
1471 5347 1631 5427 canales,
1657 5349 1766 5421 alitur
1782 5352 1872 5424 lactc
1886 5371 2066 5431 materno:
2095 5365 2147 5435 s'ic
2165 5368 2217 5437 in.

1208 5445 1288 5516 alvo
1303 5441 1498 5527 Ecclesiae,
1525 5448 1561 5518 id
1585 5464 1656 5535 est,
1683 5451 1721 5521 iu
1738 5455 1875 5546 gremio
1892 5460 2101 5549 doctorum,
2126 5490 2205 5540 ser-
