4748 6022
69 334 148 413 209
440 333 698 423 scatens
732 335 810 415 AD
842 335 1036 415 vtTaM
1068 332 1144 412 ΕΤ
1177 326 1742 410 OBITUMMELANTH.
2029 348 2106 423 tto

68 507 177 579 ettam
198 518 326 578 autore
349 522 387 579 et·
404 509 573 600 magistro
589 534 667 582 non
692 525 917 582 contessum
929 512 1059 582 didici.
1112 504 1145 573 ei
1167 504 1236 574 iam
1253 504 1446 574 incubuere
1463 528 1527 596 per
1544 510 1894 603 annosqnadraginta
1908 517 1997 588 dnos
2010 520 2103 590 inte.

67 633 170 695 mus,
208 608 334 702 ltaque
350 610 466 702 ipsum
484 636 629 707 quoque
644 609 915 684 Melantbonem
936 618 979 685 de
992 615 1059 682 cli·
1110 630 1210 697 gros,
1234 608 1468 699 scriptionum
1486 621 1606 678 umen
1624 634 1767 700 operae,
1794 620 1937 708 quaein
1955 617 2020 691 bac
2037 648 2096 707 ae,-

67 725 223 781 mactere
238 705 309 781 hoc
321 734 387 781 eno
401 713 459 804 pie
478 727 513 783 ct
536 715 676 785 erudite
691 717 933 807 disputantem
955 738 1059 807 saepe
1109 722 1180 781 tate
1204 709 1316 800 ipsius
1338 708 1575 778 maturitatem
1600 706 1778 784 habebant
1800 719 1994 806 sapientiae
2010 749 2096 794 con·

66 813 294 896 andivimus,
317 837 396 883 cnm
410 815 577 886 -recitaret
592 817 716 897 nobis,
742 840 834 911 quae
857 842 877 887 a
904 817 1058 886 clarissi-
1108 823 1266 881 semaiae
1293 822 1327 879 et
1348 810 1488 913 senilis,
1523 823 1628 904 atque
1657 827 1697 883 nt
1725 813 1888 910 Cycneae
1924 829 2095 915 quaedam

65 937 130 983 mo
160 914 354 983 medicant
378 911 631 987 mathematico
661 912 833 987 Iohanne
857 912 1058 1011 Vr'rdnngn
1109 912 1289 981 cantiones
1321 911 1367 979 ab
1399 912 1477 1001 ipso
1505 917 1824 1002 praestantissimae
1856 921 2095 1010 elaberentur,

65 1013 103 1082 ei
120 1037 174 1099 ex¹
189 1015 290 1085 astris
313 1017 495 1108 quondam
520 1019 699 1111 praedicta
715 1036 830 1092 essent
852 1034 887 1091 et
904 1020 1057 1093 ἐναλλα-
1108 1007 1181 1082 bae
1198 1014 1308 1102 igitur
1328 1012 1366 1079 in
1390 1014 1516 1102 primis
1539 1014 1571 1081 ei
1597 1015 1690 1085 inter
1712 1042 1838 1089 manns
1854 1025 1953 1114 quasi
1974 1039 2014 1095 ut
2032 1032 2095 1096 ad-

66 1109 141 1213 νὰς
156 1130 331 1187 astrorum
346 1129 381 1186 et
398 1118 594 1190 affectionis
615 1120 704 1191 nodi
727 1123 772 1192 ab
791 1117 861 1191 hoc
883 1125 915 1191 ei
944 1144 1057 1215 usque
1109 1107 1361 1198 haerescerent‚
1389 1114 1578 1207 minusque
1595 1119 1717 1207 expedi
1737 1133 1773 1188 te
1790 1126 2033 1211 procederent,
2061 1144 2094 1200 et

68 1218 112 1287 cd
129 1215 554 1307 sexagesimumter'tium
570 1223 697 1295 aetatis
715 1234 850 1315 anitum
873 1236 1057 1314 computa.
1107 1216 1254 1305 longule
1277 1216 1435 1306 tempore
1459 1217 1492 1284 ei
1512 1239 1603 1308 opus
1621 1232 1730 1304 esset,
1754 1223 1798 1290 ad
1824 1248 1863 1291 ea
1883 1250 1975 1317 quae
1991 1244 2093 1299 antea

67 1328 122 1388 tas
135 1316 262 1398 luisse,
288 1322 350 1389 sed
367 1335 447 1410 post
461 1316 559 1393 hunc
575 1346 731 1406 annum,
757 1326 899 1394 dicebat
918 1320 1054 1394 nullam
1107 1318 1268 1386 celeriter
1287 1316 1470 1386 absolvere
1495 1334 1738 1391 consueverat.
1788 1321 1887 1395 Haec
1902 1326 1949 1397 ita
1967 1331 2094 1419 depre-

67 1417 133 1489 illc
161 1414 254 1489 milti
287 1422 436 1492 addidit'
462 1418 681 1522 ἐναλλαγήν.
744 1422 794 1496 Et
827 1427 1057 1495 meminimus
1106 1413 1216 1487 hendi
1239 1433 1385 1510 potuere
1405 1418 1509 1487 etiam
1527 1442 1547 1488 a
1562 1442 1638 1488 non
1655 1444 1865 1514 magnopere
1880 1431 2093 1500 attendenti-

66 1518 326 1591 multas-voees
347 1522 474 1614 ipsius,
507 1526 638 1620 quibus
665 1527 895 1617 significabat.
917 1550 954 1597 se
979 1550 1054 1596 non
1105 1521 1182 1592 bus.
1236 1518 1293 1590 Aa
1323 1517 1386 1590 Vl.
1421 1532 1537 1588 antem
1564 1516 1738 1592 Calendas
1769 1522 2019 1618 Aprilis⁰cnm
2047 1534 2092 1601 de

66 1619 175 1710 longe
196 1620 317 1711 abesse
339 1646 363 1693 s·
384 1640 512 1703 mortes
568 1625 867 1724 Quotiescunque·
881 1626 994 1701 etiam·
1010 1630 1055 1697 da
1105 1623 1274 1692 mandato
1294 1619 1530 1691 illustrissimi
1557 1619 1733 1716 Principis
1757 1623 1932 1700 Electoris
1954 1644 2021 1705 etc.
2046 1636 2091 1702 ab

67 1724 294 1814 quorundam
317 1718 512 1797 hostilibus
525 1726 718 1801 mtifihs
750 1730 1054 1801 “molitionibus
1105 1720 1296 1793 Academia
1312 1721 1475 1813 Lipscnsi
1489 1736 1695 1795 evocaretur
1717 1729 1761 1795 ad
1787 1731 2094 1817 examinationem,

66 1824 290 1895 ads-emm
301 1828 624 1902 nannai-dudicha
640 1854 780 1923 „mppr
794 1827 864 1902 hoe
885 1833 947 1901 itte
967 1830 1055 1902 sub.
1104 1846 1196 1915 quae
1232 1848 1274 1895 eo
1307 1839 1466 1914 tempore
1504 1824 1653 1912 singulis
1687 1828 1795 1898 annis
1828 1825 1953 1902 haberi
1985 1835 2093 1919 solet,

65 1922 175 1995 iicm
190 1926 343 2010 solebat,
356 1943 409 1999 -ῃι
422 1929 573 2001 diaspen
598 1931 679 2005 Non
694 1933 759 2003 diu
782 1927 842 2003 hie
858 1933 1052 2003 obversam
1104 1947 1248 2004 onnam,
1273 1927 1337 2019 qni
1357 1923 1599 1996 munificentia
1617 1925 1856 2023 lllnstrissima
1881 1933 1931 2004 ibi
1948 1935 2094 2006 aluntur

65 2024 111 2095 do
127 2048 189 2096 ene
205 2025 409 2119 impediam.
440 2040 446 2049 '
886 2086 890 2095 .
979 2054 982 2059 ·
1104 2026 1196 2094 datis
1219 2026 1407 2119 stipendiis
1429 2040 1469 2096 ut
1489 2027 1596 2095 sacris
1619 2027 1729 2098 literis
1748 2034 1931 2120 studeant,
1958 2038 2002 2105 ad
2024 2031 2091 2105 ltu-

607 2138 611 2145 ’
1103 2148 1183 2193 rum
1210 2126 1320 2215 igitur
1340 2126 1635 2195 examinationem
1660 2141 1734 2197 tum
1756 2148 1938 2214 evocatus,
1965 2138 2022 2206 eui
2046 2139 2091 2207 ab

167 2174 226 2249 Ad
245 2194 394 2251 “mrtem
419 2182 538 2253 animi
563 2206 600 2255 *θ
621 2184 769 2275 Pml‘il
784 2198 859 2256 ¹⁰¹⁰
876 2185 983 2255 ’Μ
995 2209 1051 2257 '⁰'
1103 2226 1241 2315 aliquot
1262 2227 1333 2295 iam
1358 2229 1462 2294 annis
1477 2248 1635 2317 praeesse
1657 2227 1717 2295 ille
1731 2233 1775 2298 de
1788 2236 1961 2305 sententia
1979 2251 2012 2305 et
2026 2262 2090 2305 vo-

63 2276 241 2361 fflffllfffls
276 2279 390 2374 (leque
414 2275 481 2353 lm
504 2307 602 2367 cuffi-
617 2272 915 2383 ⁸⁰² ql¹lbl¹⁵dl¹¹¹
947 2287 1052 2405 ‘llffm
1104 2327 1240 2396 luntatc
1258 2326 1435 2417 Principis
1450 2327 1603 2407 solebat,
1629 2322 1713 2397 binc
1729 2333 1904 2419 profectus
1926 2349 1979 2404 est
2000 2335 2088 2426 Lip—

63 2378 251 2449 versiculis
279 2380 594 2500 adq-testabatur,
633 2384 924 2469 commemoravit
956 2412 1053 2457 entm
1102 2429 1192 2495 siam
1216 2426 1441 2500 Ηωιωὼ
1457 2425 1594 2519 Aprilis
1637 2452 1727 2521 qm
1750 2432 1933 2508 &xxxo
1951 2435 2071 2506 Matii

62 2481 172 2622 ΜΨ
190 2476 256 2551 ¹¹⁰⁶
273 2476 451 2624 dwl'chm'
468 2507 572 2555 ’Μ’
593 2502 676 2557 mle
693 2488 824 2559 ¹⁰⁰¹¹⁰³
847 2490 1001 2561 ‘neum‘
1103 2543 1214 2621 atquc·
1230 2532 1390 2601 coniecto
1413 2527 1463 2597 ibi
1486 2482 1632 2619 negocio
1654 2532 1699 2599 ad
1723 2554 1806 2601 stros
1824 2551 2021 2618 revertens,
2048 2491 2088 2608 erl

113 2598 173 2681 3¹9
187 2624 240 2685 ⁶8⁰
256 2606 393 2689 l¹¹⁰¹¹ffi⁰
408 2606 446 2669 (ιθ
462 2610 541 2670 ¹0⁰¹⁰
554 2630 645 2691 ’Ψ
662 2612 824 2692 imma
1102 2630 1235 2720 oppido
1251 2630 1416 2723 Lipsensi
1430 2652 1585 2720 egressus
1601 2646 1652 2701 est
1668 2632 1783 2722 pridie
1791 2633 1973 2708 Nonarum
1982 2640 2087 2730 Apri-

157 2701 212 2815 .th
224 2728 308 2769 Μ’
322 2708 360 2769 “¹
377 2723 508 2773 mmm
521 2714 560 2773 ¹³²
573 2711 652 2775 ‘¹⁰⁰⁵
667 2715 743 2775 Μ·
759 2709 839 2775 ⁰⁰⁰·
1103 2731 1158 2801 lis.
1183 2727 1230 2802 Et
1245 2732 1416 2825 postridie
1431 2755 1521 2824 quae
1536 2745 1611 2802 erat
1623 2730 1807 2805 Nonarum
1821 2737 1896 2806 dies
1912 2751 1945 2808 et
1962 2742 2087 2833 quinta

141 2830 250 2903 Hunc
277 2848 397 2906 tamen
431 2851 504 2907 tam
533 2838 772 2930 periculosum
803 2841 1053 2928 elimatam,
1102 2834 1252 2914 mensis,
1279 2830 1348 2937 boc
1364 2834 1482 2906 rediit.
1533 2832 1611 2904 Etsi
1628 2849 1744 2904 antem
1766 2853 1799 2909 et
1824 2835 1971 2911 antehac
1995 2866 2087 2912 sem-

63 2935 146 3018 itte,
171 2932 239 3007 Dei
261 2937 449 3023 beneficio,
475 2938 524 3009 its
545 2942 746 3032 superavit,
773 2952 812 3014 'ut
835 2966 925 3032 pene
950 2945 1051 3013 nullo
1101 2958 1165 3025 per
1179 2947 1215 3005 et
1229 2949 1305 3005 tum
1320 2935 1424 3008 etiam
1444 2936 1488 3003 ad
1514 2936 1594 3006 illas
1616 2959 1742 3027 operas
1762 2938 1911 3009 minime
1933 2961 2086 3029 gravate,

62 3058 195 3125 genere
207 3036 487 3125 invaletudinis,
509 3056 569 3112 aut
585 3066 679 3112 novo
692 3044 816 3114 saltem
838 3045 976 3137 ipsique
994 3045 1050 3113 in·
1101 3050 1246 3126 propter
1268 3040 1399 3108 amicos
1425 3050 1543 3106 aulem
1567 3052 1601 3107 ‘l
1624 3042 1838 3110 ὓθθῑὸδδῐίῡδ
1859 3065 1959 3127 ⁸⁰⁰⁸,
1997 3070 2086 3137 q¹¹⁰⁵

62 3138 196 3208 arsitato
219 3150 295 3208 toto
317 3140 381 3209 illo
406 3155 611 3219 tentaretur,
671 3138 912 3217 Observatum
933 3160 1049 3217 autem
1102 3135 1243 3229 Lipsiae
1262 3133 1433 3222 habebat,
1458 3139 1564 3208 etiam
1587 3140 1714 3229 cupide
1738 3166 1778 3211 eo
1798 3146 2024 3228 excurrebat,
2052 3163 2087 3217 et

64 3252 99 3309 et
114 3232 185 3308 hoc
198 3255 271 3325 est,
292 3265 396 3332 saepe
410 3243 635 3316 climacterici
656 3246 754 3318 illius
768 3249 992 3323 difficultates
1011 3248 1049 3317 in
1100 3262 1180 3307 tum
1206 3262 1309 3331 saepe
1331 3242 1417 3311 alias
1440 3254 1516 3310 tum
1538 3241 1577 3310 in
1597 3240 1660 3310 illo
1683 3242 1787 3312 etiam
1802 3242 1928 3315 itinere
1942 3236 2105 3318 taudare'

63 3355 268 3434 sequentem
292 3367 403 3437 usqne
429 3369 562 3416 annum
585 3348 723 3418 differri
743 3350 800 3419 vel
820 3351 962 3420 extendi
985 3374 1050 3442 po.
1099 3340 1237 3411 solebat
1269 3340 1447 3431 Principis
1476 3340 1653 3412 Electoris
1682 3346 1891 3427 consilinm,
1927 3349 1989 3442 qni
2023 3353 2087 3421 sti-

62 3441 157 3527 tius,
185 3455 221 3513 et
242 3466 425 3534 possemus
448 3449 560 3517 multa
582 3451 741 3541 exempla
775 3474 1050 3520 commemorare
1101 3443 1367 3532 pendiariorum
1393 3443 1537 3511 illorum
1563 3443 1839 3514 examinationes
1864 3472 1945 3516 cnm
1966 3450 2085 3519 solen-

61 3565 210 3628 eornm,
240 3546 302 3637 qui
328 3570 411 3615 mox
432 3563 509 3638 post
529 3549 744 3639 completum
769 3551 893 3621 aetatis
914 3572 1048 3619 annum
1099 3542 1210 3611 nitate
1233 3547 1387 3635 quadam
1413 3544 1654 3612 administrari
1680 3546 1800 3613 vellet:
1856 3546 2009 3617 Ventosa
2031 3566 2083 3620 ta·

62 3642 328 3733 sexagesimum
351 3648 495 3718 tertium
518 3650 770 3733 manuisum,
796 3650 1050 3744 inquinaret
1101 3667 1181 3711 men
1203 3656 1237 3712 et
1257 3644 1410 3732 gelidior
1429 3653 1615 3733 tempestas
1639 3643 1728 3711 illud
1753 3645 1821 3715 iter
1850 3648 1880 3714 ei
1914 3664 1991 3719 tum
2025 3652 2085 3718 in·

63 3740 108 3816 D.
126 3741 313 3817 Lutlterus
333 3761 404 3826 est,
439 3749 502 3840 qni
525 3763 606 3841 post
626 3751 862 3823 stimantes-em
895 3754 1047 3821 eundem
1100 3760 1207 3825 suave
1226 3745 1401 3829 reddidit,
1425 3768 1516 3837 quae
1536 3744 1814 3835 proficiscentem
1839 3744 2007 3817 nonnihil
2033 3754 2085 3821 as-

63 3869 185 3917 mense
202 3846 307 3916 tertio
324 3850 497 3920 extinctus
512 3864 582 3941 eat,
606 3855 906 3945 quemadmodum
927 3854 1049 3925 arno.
1100 3847 1207 3931 dixit,
1243 3858 1276 3916 et
1297 3845 1464 3917 Calendis
1489 3843 1625 3935 Aprilis
1645 3846 1763 3915 subito
1786 3863 1904 3919 exorta
1929 3853 2083 3921 tormina

62 3949 183 4018 minus
194 3943 383 4041 Philippus
399 3951 531 4034 terme,
546 3968 585 4025 ut
601 3955 646 4024 de
663 3970 831 4049 sequente
845 3956 1050 4026 narratione
1099 3963 1133 4019 et
1156 3943 1346 4043 dtuddot‘np
1368 3948 1560 4018 commotio
1590 3972 1611 4018 a
1636 3949 1787 4038 prandio
1820 3974 1901 4019 eum
1932 3954 2084 4042 exagita-

62 4062 307 4141 cognosectur.
365 4049 490 4144 ltaque
510 4049 608 4126 hune
630 4078 765 4127 annum
787 4081 869 4129 cum
888 4080 1049 4150 superas-
1099 4062 1202 4134 runt,
1226 4066 1262 4122 et
1277 4050 1448 4141 pallorem
1464 4050 1659 4120 attulerunt
1676 4051 1780 4121 solito
1798 4053 1978 4137 maiorem,
1996 4078 2085 4147 quac
2145 4128 2150 4133 ,

63 4165 118 4223 set
128 4146 169 4245 ¹)
183 4151 253 4220 iam
269 4153 425 4223 vivendo
438 4152 651 4248 Praeceptor
665 4155 812 4229 etPater
828 4174 959 4239 noster,
973 4182 1048 4228 non
1100 4166 1218 4221 tamen
1235 4175 1316 4221 mox
1332 4166 1553 4223 evanuerunt
1574 4150 1697 4220 omnia
1719 4175 1833 4247 neque
1858 4150 2003 4245 posthac
2030 4180 2086 4225 re-

62 4266 184 4325 tamen
196 4252 472 4325 sollicitudinem
488 4259 532 4328 de
549 4259 621 4331 vita
645 4254 751 4330 buius
768 4275 924 4332 nostram
939 4264 1051 4353 depo-
1099 4265 1299 4325 currerunt.
1352 4250 1395 4322 ln
1427 4252 1552 4343 primis
1584 4276 1667 4323 vero
1696 4251 1879 4325 Nonarum
1903 4253 2084 4347 Aprilium

59 4377 150 4423 nere
165 4354 363 4443 potuimus,
389 4360 486 4451 quod
502 4374 706 4455 sequentem
729 4378 983 4443 metueremus,
1014 4374 1050 4431 et
1101 4356 1160 4425 die
1175 4369 1363 4445 tempestas
1379 4355 1412 4424 ei
1434 4355 1580 4425 molesta
1596 4370 1689 4439 erat,
1716 4379 1795 4424 cum
1813 4358 1911 4427 venti
1927 4359 2086 4428 boreales

60 4453 140 4545 'ipsc
154 4454 260 4526 ctiam
277 4458 321 4527 ad
338 4470 504 4528 aestatem
522 4458 629 4534 buius
650 4464 735 4532 anni
751 4467 795 4534 de
812 4465 979 4556 periculis
995 4463 1050 4532 vi·
1099 4457 1193 4528 aiiris
1206 4454 1436 4547 frigiditatem
1452 4469 1620 4545 augerent
1635 4452 1954 4542 humidiusculam,
1981 4458 2085 4529 Ideo-

63 4569 220 4627 tacsuse
235 4558 468 4630 ominaretur.
629 4552 632 4557 ’
1100 4583 1170 4655 que
1191 4583 1270 4629 cum
1294 4560 1339 4627 de
1371 4559 1579 4629 vectationis
1606 4558 1839 4643 insuavitate,
1871 4572 1947 4629 tum
1980 4561 2085 4631 etiarn

1101 4672 1304 4751 tempestate
1327 4661 1392 4730 illa
1413 4660 1665 4753 quaerebatur,
1692 4662 1790 4752 qnod
1818 4654 1939 4754 tota¹)
1961 4656 2086 4756 hyeme

1102 4786 1176 4833 non
1202 4786 1238 4831 se
1254 4762 1454 4852 graviorem
1465 4841 1467 4845 Α
1479 4786 1520 4831 ex
1542 4762 1673 4850 frigore
1687 4762 1849 4829 dolorem
1865 4763 2014 4832 sensisse
2030 4765 2087 4833 di-

1101 4877 1214 4954 ceret,
1247 4862 1352 4957 atque
1375 4862 1486 4934 multa
1511 4862 1565 4931 vel
1588 4860 1708 4929 omnia
1733 4860 1851 4950 potius
1877 4863 1916 4932 in
1931 4865 2087 4953 gestibus

1103 4980 1137 5035 et
1151 4966 1302 5035 vocibus
1315 4965 1427 5054 ipsius
1441 4962 1594 5033 sedentis
1608 4962 1648 5029 in
1664 4963 1785 5033 essedo
1802 4968 1997 5054 arguebant
2014 4990 2088 5036 non

1029 5119 1053 5185 ἲς
1103 5089 1177 5138 esse
1199 5067 1230 5136 ei
1253 5066 1397 5156 optime.
1455 5060 1575 5132 Etiam
1597 5062 1724 5134 calculi
1750 5069 2025 5137 commotionem
2048 5091 2091 5136 ex

63 5093 219 5177 bilitari,
246 5110 287 5167 nt
309 5116 513 5191 quanquam
535 5094 628 5171 nibil
653 5103 842 5199 quiequam
865 5103 1027 5175 omittere
1220 5168 1229 5185 ‚
1460 5164 1470 5181 ‚
1960 5169 1969 5185 .
2016 5168 2026 5186 .
2068 5168 2078 5184 ·

62 5220 181 5291 neque
202 5196 395 5273 remitteret
409 5202 453 5270 de
474 5201 658 5275 laboribus
679 5204 752 5275 illis
770 5205 965 5291 universis,
990 5206 1052 5301 qui
1103 5181 1301 5240 '‘mum“
1321 5190 1359 5236 ⁸⁰
1379 5178 1511 5235 “¹¹⁸¹“
1536 5166 1792 5259 ‘¹¹¹³‘t‘b'lffl’
1823 5193 1904 5239 ‘¹¹¹¹‘
1926 5162 2092 5249 L¹¹l¹¹⁸⁸¹2

166 4685 245 4759 Hoc
275 4705 393 4762 autem
425 4692 739 4770 animadvertimus
772 4700 952 4785 universi,
989 4701 1052 4793 qui

62 4790 322 4862 consuetudine
336 4793 481 4865 eius'nsi
501 4819 643 4884 sumus,
669 4800 771 4871 abeo
791 4815 954 4893 tempore
979 4826 1052 4896 quo

63 4888 328 4981 Sexagesimum
346 4908 511 4989 quartum
526 4897 617 4969 vitae
635 4925 768 4972 annum
782 4902 960 4994 ingressus
972 4901 1053 4984 fuit,

63 4994 249 5065 manifeste
266 4994 305 5064 in
320 4996 395 5066 dies
408 4997 567 5087 singulos
589 5022 716 5094 corpus
733 5004 908 5075 attenuari
933 5016 968 5074 et
988 5004 1048 5072 de-

547 5414 551 5421 ·
1143 5430 1177 5495 ί)
1196 5430 1273 5497 qued
1285 5431 1363 5493 tots]
1381 5420 1432 5478 nt.
1445 5420 1471 5479 2.
1495 5430 1618 5491 totaque.
1655 5422 1688 5476 ln
1708 5422 1795 5494 prims
1816 5422 1892 5476 enirn
1911 5421 2032 5481 editione
2050 5434 2092 5480 cst

100 5476 128 5541 ¹l
148 5472 201 5536 Ed.
213 5474 242 5531 2·
260 5486 420 5541 ΨΜ.
436 5480 576 5553 metticae.
1175 5508 1272 5567 qttotu,

64 5571 246 5665 ilcestre.
264 5570 367 5638 Orsa.
396 5574 478 5640 Vos.
493 5575 540 5643 X.
1085 5654 1088 5659 .
1407 5564 1454 5636 14
