4748 6022
164 173 245 252 229
541 165 795 251 SCRIPTA
826 168 903 249 AD
935 165 1127 246 VITAM
1157 165 1234 244 ΕΤ
1267 165 1504 244 OBITUM
1535 169 1839 253 MELANTH.
2124 183 2201 259 230

168 340 371 439 praesentia
385 337 516 410 virium
538 338 781 412 imbecillitate
803 337 1054 433 impediretur,
1080 338 1164 409 lite-
1212 336 1333 430 itaque
1358 337 1544 407 tenebatur
1559 360 1765 409 sermonum
1781 340 2025 417 vicissitudine
2046 363 2081 421 et
2098 355 2198 445 quasi

172 470 232 518 ras
251 446 298 516 ad
308 440 451 532 Regem
467 441 583 534 prirna
603 442 788 513 occasione
804 442 994 513 missurum
1008 443 1164 526 dicebat,
1210 453 1291 533 post
1316 439 1524 532 coenatioue
1550 441 1703 533 quadam
1729 444 1990 538 colloquiorum
2026 454 2200 539 suavium,

171 548 305 644 quibus
319 543 397 616 cius
408 544 591 617 serenitati
604 543 736 635 gratias
753 557 845 616 essct
856 558 998 616 acturus
1016 567 1082 636 pro
1097 545 1164 615 be·
1211 538 1396 638 (quali-bus
1410 542 1456 612 ab
1471 542 1658 627 omnibus,
1685 544 1749 637 qui
1766 560 1841 617 tum
1857 552 2008 623 aderant
2030 558 2199 627 studeba-

171 649 384 742 nignissima
398 649 588 720 ¹voluntate
612 661 648 719 et
669 647 911 718 munificentia
934 670 1017 738 erga
1042 647 1161 739 ipsum
1211 658 1290 727 tur,
1315 657 1356 715 ut
1378 640 1627 717 exhilarationi
1652 646 1763 737 ipsius
1786 642 1855 719 hoc
1874 656 1981 723 modo
2005 656 2199 728 inservire-

172 778 259 836 σοι,
279 767 315 823 et
328 775 393 844 pro
413 750 526 822 salute
546 752 657 841 regis,
681 765 717 822 et
737 750 839 839 regni
861 749 960 820 illius
979 763 1062 822 vota
1083 764 1160 820 tum
1211 742 1288 841 tur)
1303 760 1344 817 ut
1359 747 1472 815 multo
1488 747 1625 818 diutius
1639 762 1719 839 post
1733 773 1879 821 coenam
1895 742 2075 842 assideret,
2089 785 2196 853 quam

174 872 211 929 et
228 876 346 949 preces
360 855 530 935 addebat,
555 852 723 948 qualibus
737 851 778 921 in
793 847 861 923 boc
877 874 1005 943 genere
1024 851 1080 924 uti
1101 875 1161 921 so-
1210 850 1325 917 facere
1344 849 1472 918 soleret
1488 863 1582 919 recte
1607 851 1748 938 valens,
1775 868 1809 923 et
1833 856 1993 928 cubitum
2016 862 2083 931 iret
2109 860 2196 933 liora

175 960 282 1032 lebat.
340 955 481 1026 Allatae
503 979 543 1026 ea
563 955 623 1026 die
645 949 717 1025 buc
741 968 825 1025 sunt
849 950 990 1025 chartae
1022 954 1161 1048 aliquot
1210 952 1320 1019 ferme
1355 965 1495 1035 octava,
1530 954 1624 1044 quod
1659 969 1733 1024 crat
1765 955 1797 1024 ei
1831 957 2040 1032 inusitatum
2070 965 2197 1038 lacere.

172 1059 296 1152 scripti
323 1058 507 1129 cuiusdam
536 1061 632 1151 quod
647 1050 859 1153 Staphylus
872 1070 995 1127 contra
1019 1052 1161 1147 Philip-
1210 1049 1308 1122 Haec
1328 1064 1381 1122 est
1402 1053 1528 1123 ultima
1551 1078 1661 1123 coena
1683 1058 1728 1126 ad
1752 1082 1859 1150 quam
1880 1061 1920 1130 in
1934 1065 2041 1134 domo
2064 1088 2126 1136 sua
2153 1092 2196 1136 ex

173 1187 261 1255 pum
280 1161 346 1231 sub
367 1160 467 1252 prelo
496 1173 573 1231 tum
595 1155 714 1230 adhuc
740 1155 912 1244 babebat,
953 1160 1067 1231 editae
1087 1158 1160 1227 liu·
1211 1178 1353 1224 musaeo
1379 1155 1579 1240 deseendit,
1602 1180 1685 1225 nam
1709 1161 1796 1251 quid
1807 1156 1853 1252 ¹⁹)
1875 1167 2105 1257 sequentibus
2118 1170 2200 1239 die·.

172 1288 243 1355 gua
265 1263 486 1354 germanica,
538 1261 580 1332 ld
602 1263 706 1357 quale
732 1262 778 1333 sit
802 1262 949 1333 lectores
976 1260 1161 1344 videbunt,
1211 1258 1278 1326 bus
1292 1257 1424 1327 lactum
1442 1257 1488 1325 sit
1501 1258 1667 1351 deinceps
1687 1263 1874 1350 reseretur,
1901 1264 1978 1337 Nox
2000 1282 2118 1339 autem
2141 1292 2198 1339 se·

174 1383 210 1440 et
228 1364 451 1440 iudicabunt.
505 1360 734 1435 Afferebatur
765 1376 800 1434 et
821 1363 920 1433 aliud
941 1364 1064 1433 eadem
1090 1363 1159 1446 die,
1211 1383 1323 1453 quens
1338 1383 1464 1449 prosus
1479 1360 1598 1452 quieta
1622 1376 1656 1433 ct
1672 1364 1788 1433 somni
1805 1368 1889 1436 satis
1905 1392 2022 1463 neque
2036 1373 2195 1442 somnio·

173 1472 217 1540 dc
239 1467 399 1539 consiliis
423 1469 648 1562 quorundam
672 1469 852 1560 quomodo
875 1465 915 1535 iu
929 1462 1076 1560 Synodo
1101 1488 1159 1533 so·
1210 1485 1291 1531 rum
1314 1484 1436 1552 expers
1460 1463 1548 1547 luit,
1581 1458 1712 1535 Oblata
1739 1467 1834 1535 enim
1855 1469 1906 1554 ei,
1926 1484 1966 1540 ut
1983 1472 2058 1563 ipse
2075 1488 2197 1563 postea

174 1571 330 1643 lenniter
348 1570 512 1641 damnari
536 1584 680 1663 possent
703 1567 749 1653 ii,
773 1569 835 1663 qui
853 1562 1022 1639 hacteuus
1039 1567 1159 1637 minus
1210 1566 1401 1645 referebat,
1435 1564 1630 1637 insomnis
1662 1560 1748 1637 baec
1773 1566 1877 1641 Pauli
1910 1575 2084 1644 sententia
2110 1576 2194 1646 fuit:

173 1673 369 1745 solenniter
384 1672 611 1744 condemnati
626 1669 805 1767 aliquibus
820 1670 1047 1751 viderentur,
1061 1670 1158 1763 quod
1211 1663 1250 1735 Si
1263 1663 1361 1736 Deus
1378 1690 1443 1757 pro
1461 1667 1583 1753 nobis,
1607 1668 1687 1761 quis
1703 1685 1824 1743 contra
1840 1696 1916 1745 nos.

172 1777 279 1870 quale
295 1775 340 1846 sit
354 1774 459 1845 ctiam
476 1775 593 1868 ipsum
608 1775 648 1845 iu
663 1773 781 1843 medio
804 1771 1041 1867 relinquimus
1063 1771 1159 1841 iudi·
1314 1767 1423 1837 Mane
1438 1769 1573 1839 decima
1589 1771 1714 1863 quinta
1729 1769 2019 1861 CalendasMaii,
2045 1795 2195 1871 quaeest

172 1902 252 1949 care
274 1877 495 1949 volentibus:
523 1872 568 1950 oti
591 1872 667 1976 γὰρ
693 1873 851 1969 ἐροῦμεν
868 1878 1002 1957 κακῶς.
1056 1871 1159 1961 Quae
1212 1862 1349 1959 Aprilis
1367 1871 1442 1941 dies
1470 1870 1607 1941 decima
1633 1874 1802 1964 septima,
1834 1872 2033 1949 loacbimus
2055 1896 2198 1970 paratus

172 1980 304 2072 scripta
326 2004 345 2049 a
367 1980 473 2049 bonis
497 1993 532 2050 et
552 1978 754 2048 amantibus
776 1974 907 2067 Reipu.
930 1999 1012 2046 cum
1034 1976 1158 2045 dolore
1210 1972 1262 2041 ad'
1280 1971 1348 2041 iter
1366 1995 1477 2064 usquc
1501 1975 1545 2041 ad
1570 1968 1695 2043 boram
1721 1978 1831 2047 ferme
1855 1981 2067 2051 matutinam
2088 1985 2199 2072 septi-

170 2083 398 2174 lcgebantur,
431 2106 510 2151 cum
534 2094 569 2149 et
589 2079 676 2171 quid
696 2091 860 2166 ageretur
880 2099 954 2145 nou
978 2090 1069 2146 esset
1094 2078 1159 2145 ob·
1211 2082 1402 2145 mamcum
1418 2100 1461 2143 eo
1478 2076 1675 2147 collocutus
1690 2091 1761 2162 cst,
1786 2103 1858 2171 quo
1876 2095 2036 2174 tempore
2050 2082 2096 2154 D.
2110 2078 2198 2155 Plu.

169 2207 335 2268 scutum,
360 2196 395 2251 et
409 2180 673 2270 valdeinsuper
687 2176 984 2257 miserabile‚tali
1000 2190 1159 2268 tempore
1210 2172 1327 2263 lippus
1356 2173 1583 2245 Borussiacas
1612 2177 1731 2247 literas
1752 2180 1906 2270 primum
1941 2210 2093 2277 quarum
2127 2189 2198 2255 iam

166 2280 351 2356 Ecclesiae
366 2296 399 2353 et
414 2280 520 2375 Reip.
538 2281 620 2353 talia
638 2280 766 2372 scripta
780 2279 928 2348 volitare
951 2290 1073 2351 ettam
1096 2302 1158 2370 pe·
1211 2296 1313 2365 saepe
1327 2276 1463 2346 mentio
1478 2279 1568 2347 sacta
1582 2290 1652 2362 est,
1675 2304 1756 2349 cum
1772 2284 1974 2353 attexuisset
1996 2282 2073 2356 tum
2092 2289 2197 2357 etiam

167 2386 326 2456 riculose
346 2396 547 2474 aegrotante
576 2383 654 2453 viro
676 2383 832 2474 optimo,
866 2383 981 2473 deque
1001 2372 1159 2449 Ecclesia
1211 2377 1368 2469 aliquid,
1402 2379 1629 2467 obsignabat,
1662 2382 1818 2475 itemque
1840 2385 1884 2451 ad
1911 2385 2042 2455 amicos
2064 2389 2101 2457 in
2127 2391 2200 2461 illis

169 2512 207 2558 ca
229 2489 334 2558 rebus
358 2486 607 2556 communibus
630 2485 678 2555 ita
706 2484 853 2568 merito,
886 2480 970 2553 talia
1005 2482 1159 2553 lamenta
1210 2477 1299 2548 locis
1314 2482 1485 2572 quosdam
1502 2482 1654 2551 addebat
1676 2482 1782 2566 alias,
1808 2485 1939 2575 quibus
1958 2480 2078 2579 plures
2101 2494 2200 2561 vole-

145 2589 271 2675 -ficri,
295 2603 330 2660 et
344 2589 454 2659 funus
469 2586 539 2657 iam
556 2611 648 2679 pene
667 2581 775 2657 buius
797 2578 1077 2656 aCbristianum
1094 2607 1161 2653 no-
1211 2580 1273 2650 bat
1293 2584 1442 2665 addere,
1467 2584 1529 2651 sed
1553 2583 1625 2653 sihi
1646 2606 1790 2675 parcere
1812 2584 2014 2662 iubebatur.
2065 2590 2203 2663 luseri-

173 2716 256 2761 men
283 2690 531 2783 profitentibus
555 2689 603 2761 ita
629 2683 865 2759 cohonestari.
923 2682 1019 2756 Haec
1050 2685 1161 2775 igitur
1211 2682 1318 2752 bebat
1343 2696 1460 2752 tamen
1484 2684 1626 2755 libellos
1654 2681 1772 2757 adhuc
1792 2686 1932 2781 aliquot
1963 2693 2103 2773 amicis,
2135 2699 2198 2788 qui

171 2796 393 2885 praesentem
425 2793 588 2863 dolorem
620 2804 655 2861 et
686 2787 949 2861 solicitudinem
981 2789 1160 2858 bonorum
1211 2785 1334 2854 eodem
1358 2786 1618 2876 perferrentur,
1644 2801 1678 2858 et
1704 2788 1749 2858 ad
1776 2786 1914 2871 Ducem
1936 2793 2044 2863 etiam
2064 2794 2200 2866 Borus-

172 2896 244 2965 iam
270 2918 345 2966 non
367 2895 592 2969 mediocriter
612 2893 806 2983 augebant,
832 2903 866 2962 ct
888 2890 975 2986 quid
998 2891 1044 2960 de
1063 2913 1162 2960 mor·
1211 2887 1282 2957 siae
1302 2891 1474 2980 quosdam
1498 2891 1725 2979 perferendos
1746 2891 1866 2965 dabat.
1926 2889 2051 2988 ltaque
2072 2900 2201 2971 delati-

172 3012 236 3069 tuo
262 3010 352 3068 esset
371 2997 534 3068 loturum
557 3021 597 3066 ex
618 2990 675 3065 his
699 2995 874 3065 coniicere
896 2992 1036 3064 licebat.
1088 2989 1159 3065 Sed
1211 3004 1331 3079 gatus,
1357 2993 1453 3085 quod
1478 2995 1588 3087 λῆψις
1608 2993 1747 3067 febrilis
1772 3018 1849 3063 nou
1871 2995 1976 3087 longe
1999 3000 2136 3073 abesset
2157 3003 2197 3071 iu

170 3117 213 3173 ut
227 3101 272 3170 ad
289 3099 493 3181 institutum
507 3099 712 3183 redeamus,
737 3096 785 3168 ita
803 3095 867 3165 illo
884 3118 1009 3165 somno
1030 3092 1162 3164 confir·
1211 3093 1382 3164 lectulum
1402 3095 1591 3180 decubuit,
1625 3095 1675 3165 ibi
1698 3110 1776 3167 tum
1802 3092 2007 3169 loacbimus
2025 3103 2200 3175 discessu-

173 3216 290 3273 matus
307 3203 395 3285 tuit,
419 3216 460 3273 ut
474 3203 519 3271 ad
535 3223 660 3295 operas
674 3199 909 3291 scriptionum
932 3220 1077 3267 suarum
1104 3220 1161 3266 re·
1211 3219 1271 3267 rus
1300 3219 1507 3287 supremum
1537 3220 1620 3267 eum
1654 3198 1808 3269 salutare
1842 3203 2030 3273 etvalere
2063 3205 2200 3289 iubere,

172 3306 284 3389 diret,
309 3318 344 3374 et
358 3304 479 3375 literas
493 3300 720 3374 Borussiacas
735 3301 949 3385 absolveret,
975 3315 1010 3371 et
1024 3300 1064 3368 in
1080 3323 1161 3369 mu-
1210 3295 1357 3389 Deoque
1389 3302 1639 3370 commendare
1666 3316 1730 3374 etc.
1787 3300 1858 3371 Cui
1891 3300 2080 3397 Philippus
2115 3333 2200 3379 voce

173 3430 253 3477 saco
274 3420 310 3476 et
335 3407 442 3477 domo
468 3406 519 3477 ita
541 3407 809 3487 obversaretur,
833 3402 952 3496 itaque
973 3403 1101 3472 laceret
1126 3414 1162 3471 et
1211 3424 1300 3490 pene
1314 3402 1432 3471 febrili
1449 3406 1663 3493 respondere
1686 3398 1741 3473 liis
1757 3404 1892 3474 verbis:
1922 3404 2017 3477 lesus
2035 3404 2199 3483 Christus

173 3510 305 3578 diceret
329 3508 470 3591 omnia,
504 3522 544 3577 ut
568 3530 752 3598 uunquam
776 3517 857 3573 aute
885 3504 923 3571 in
946 3502 1010 3572 illo
1033 3504 1159 3571 morbo
1210 3503 1305 3572 lilius
1319 3501 1388 3572 Dei
1410 3507 1536 3575 sedens
1555 3508 1599 3573 acl
1619 3508 1778 3576 dextram
1799 3503 1914 3575 Patris
1937 3525 1970 3578 et
1992 3511 2081 3577 dans
2102 3515 2198 3581 ‹lorra

173 3610 325 3680 alacrior
349 3610 456 3680 luisse
483 3607 675 3678 videretur.
727 3604 770 3673 ln
803 3627 912 3672 coena
944 3617 1082 3687 autem,
1114 3606 1157 3671 ad
1210 3599 1434 3685 homiuibus,
1461 3620 1644 3675 conservet
1666 3619 1701 3673 te
1723 3619 1758 3674 et
1779 3621 1876 3689 tuos,
1909 3622 1943 3677 ct
1966 3632 2030 3683 nos
2052 3614 2200 3682 univer.

170 3736 280 3805 quam
296 3708 385 3780 hora
403 3707 528 3805 quinta
537 3706 772 3777 descendebat
788 3700 994 3774 hilariorem
1008 3726 1045 3772 se
1058 3726 1160 3795 prae·
1210 3726 1286 3787 sos,
1310 3717 1345 3772 ct
1359 3706 1465 3775 simul
1482 3709 1669 3795 coniugem
1694 3702 1799 3777 buius
1824 3708 1896 3777 suis
1912 3712 2028 3781 verbis
2051 3714 2199 3785 salutari

172 3814 281 3882 hebat
303 3835 408 3906 quam
430 3809 494 3880 illo
516 3810 665 3880 omniuo
687 3806 1160 3903 temporeipsiuserpectari
1209 3807 1411 3876 mandabat.
1469 3806 1566 3880 Haec
1589 3810 1657 3881 suit
1681 3809 1807 3881 ultima
1842 3812 2078 3890 consalutatio
2106 3817 2206 3894 inter,

170 3926 330 4006 poterat,
371 3908 577 4007 Omniaque
599 3913 638 3980 in
664 3910 739 4002 ipso
762 3910 937 3980 eiusmodi
961 3906 1091 3988 videri,
1119 3924 1160 3981 ut
1210 3903 1359 4000 hos²⁰)‚
1393 3913 1508 3982 nostri
1540 3911 1709 4004 temporis
1743 3911 1865 3982 nobile
1899 3936 1962 4002 par
1991 3917 2206 4001 amicorum,-

172 4032 208 4088 et
223 4040 300 4107 spes
315 4016 410 4086 bona
435 4014 722 4094 confirmaretur,
747 4027 783 4084 et
799 4008 1018 4082 loacbimum
1034 4008 1159 4081 Came·
1208 4034 1325 4103 neque
1343 4013 1437 4083 euim
1455 4010 1600 4107 posthac
1615 4014 1705 4087 vidit
1720 4038 1813 4087 unus
1828 4015 1998 4099 alterum,
2015 4032 2120 4111 atque
2136 4020 2198 4090 illc

172 4118 423 4189 rariumcuius
440 4116 658 4207 praesentiae
680 4116 785 4187 etiam
802 4116 977 4186 nonnulla
999 4113 1078 4183 dari
1103 4114 1160 4183 iu·
1209 4115 1355 4205 quidem
1383 4111 1480 4187 huuc
1514 4141 1559 4187 ue
1590 4133 1771 4188 mort-uum
1799 4117 1963 4210 quidem,
1992 4132 2033 4188 ut
2061 4121 2199 4193 videret

172 4222 402 4303 dicabantur,
424 4233 681 4289 commoratum
703 4240 777 4288 esse
793 4217 980 4289 nobiscum
1006 4216 1158 4286 lactare·
1209 4217 1383 4288 sustinere
1401 4219 1518 4309 potuit
1533 4222 1579 4290 de
1600 4245 1672 4314 quo
1695 4220 1789 4289 inlra
1803 4232 2046 4307 cognoscetur.
2101 4221 2196 4293 Tum

171 4348 264 4397 mur.
317 4321 501 4393 Incidebat
524 4321 562 4390 in
587 4344 694 4391 coena
721 4322 765 4389 de
781 4318 995 4414 quibusdam
1014 4318 1159 4403 mentio,
1208 4318 1318 4406 igitur
1341 4324 1534 4392 adductum
1559 4336 1641 4396 ante
1662 4324 1766 4393 aedes
1792 4317 2040 4391 Melantbonis
2067 4347 2197 4415 equum

173 4425 235 4519 qni
253 4420 581 4519 piaeEcclesiamm
599 4421 843 4495 coniunctioni
866 4422 1017 4492 maxime
1038 4420 1159 4492 obsta·
1207 4424 1412 4495 conscendit
1436 4448 1547 4517 eaquc
1569 4426 1628 4496 die
1649 4422 1817 4520 Lypsiam
1843 4425 1886 4492 ad
1915 4446 1998 4494 suos
2025 4424 2200 4497 foeliciter

173 4542 273 4612 rent,
306 4541 339 4596 et
363 4526 610 4597 distractiones
644 4539 749 4618 atque
783 4523 1012 4595 dissidiorum
1037 4546 1159 4595 causas
1206 4548 1369 4595 reversus
1394 4526 1473 4599 luit.
1533 4526 1585 4599 lta
1608 4540 1726 4598 autem
1750 4525 1928 4608 discessit,
1962 4540 2003 4596 ut
2027 4530 2200 4619 expeditis

172 4632 212 4698 in
238 4626 303 4699 has
328 4629 530 4699 attulissent
562 4642 666 4723 atque
694 4627 867 4697 inferrent
900 4623 1088 4710 hacteuus,
1122 4641 1157 4699 et
1208 4628 1313 4697 rebus
1329 4629 1402 4699 suis
1417 4654 1524 4722 quam
1540 4631 1697 4721 primum
1715 4626 1784 4699 huc
1806 4628 1934 4696 reverti
1944 4618 2140 4717 cogitaret,
2162 4648 2196 4701 et

172 4727 230 4800 his
245 4726 360 4801 adbuc
375 4731 539 4801 teteriora
559 4730 720 4822 quotidie
734 4730 957 4803 molirentur.
991 4721 1157 4798 Adbanc
1208 4730 1386 4820 opperiri,
1421 4733 1577 4826 quidde
1602 4727 1762 4821 Philippi
1794 4727 1999 4799 valetudine
2030 4733 2195 4803 lutrarum

170 4834 389 4904 mentionem
419 4830 464 4905 D.
484 4826 673 4924 Philippus
695 4836 815 4902 animo
837 4828 1089 4908 commotiore,
1122 4842 1156 4899 ct
1208 4846 1307 4902 esset.
1359 4827 1585 4925 Coeperat²¹)
1601 4833 1764 4922 pridiana
1781 4830 1839 4900 die
1852 4825 1921 4901 hoc
1937 4854 2049 4920 agere,
2074 4851 2113 4905 ut
2134 4860 2197 4925 per

170 4959 258 5006 voce
281 4936 385 5005 etiam
411 4932 650 5019 contentione,
681 4946 765 5005 sunt
785 4933 840 5001 illi
862 4933 980 5026 inquit
1001 4954 1155 5024 necpram
1208 4931 1328 5003 literas
1348 4936 1392 5003 ad
1418 4958 1501 5004 suos
1525 4935 1665 5019 missas,
1691 4956 1778 5026 quas
1795 4933 1866 5003 iam
1881 4936 2139 5029 conscripserat
2162 4951 2195 5007 et

170 5034 352 5123 homines,
385 5050 420 5107 et
444 5050 593 5128 pergunt
615 5058 687 5105 esse
708 5037 812 5119 tales,
838 5050 872 5104 et
893 5056 967 5104 esse
985 5054 1047 5103 cos
1067 5030 1156 5102 tales
1212 5096 1419 5114 .......-
1497 5068 1509 5079 ν

170 5139 267 5211 Deus
282 5141 444 5211 ostendet
458 5151 563 5230 atque
578 5137 788 5221 declarabit,
803 5159 882 5205 cum
899 5135 938 5205 in
956 5146 1028 5205 tota
1045 5154 1154 5206 coena
1240 5185 1287 5254 ¹9)
1303 5183 1355 5237 Ed.
1370 5185 1394 5237 ¹·
1412 5180 1485 5235 affl
1504 5196 1558 5246 ex,
1577 5182 1650 5250 quoa
1665 5181 1756 5236 delevi.

169 5242 232 5312 illa
254 5237 348 5312 nibil
373 5240 516 5313 dixisset
543 5242 587 5309 dc
607 5238 764 5332 publicis
793 5252 852 5307 aut
875 5237 1022 5330 privatis
1047 5237 1153 5308 rebus
1236 5266 1573 5339 20)g„13a‚1,1,000,

169 5344 316 5417 lrlsllus.
376 5341 494 5437 Atque
517 5344 566 5413 lla
594 5359 670 5413 lum
702 5335 852 5412 hilarem
886 5362 922 5412 Se
950 5340 1153 5433 mehebel,
1235 5358 1280 5427 il)
1301 5353 1435 5411 Videlicet
1449 5352 1631 5499 Cirgeparius,
