4748 6022
164 285 247 369 aas·
756 277 1185 373 onsasrrosss
1221 214 1619 361 acrosancta.
2146 284 2230 359 aaa

170 459 401 545 domesu‘eam
415 452 675 542 iustitutionem
691 454 865 546 singulari
875 453 1003 545 pietate
1012 467 1046 525 et
1055 455 1167 527 debeo
1219 455 1320 527 ribus
1342 467 1378 526 et
1399 453 1550 525 dicimus
1568 452 1646 525 Deo
1669 450 1832 535 iuvante,
1863 462 1898 522 et
1928 449 2061 525 dicturi
2086 475 2219 526 sumus.

170 561 355 648 venerari,
381 573 415 631 et
432 582 572 651 semper
588 560 797 629 venerabor.
819 580 823 585 ·
844 553 944 637 Dixi.
1013 560 1021 580 '
1220 553 1300 629 Oro
1323 570 1440 629 autem
1464 557 1577 627 tilium
1602 552 1670 626 Dei
1695 557 1875 626 sedentem
1890 554 1937 624 ad
1951 555 2132 625 dexteram
2150 552 2222 628 Ps-

255 688 260 697 ’
1220 661 1303 745 tris,
1328 684 1369 730 ac
1384 661 1478 730 dona
1494 659 1701 749 largientem
1724 655 1922 741 Ecclesiae,
1954 668 1995 729 ut
2015 659 2134 730 studia
2152 679 2221 750 gu·

415 737 594 823 ιιιῬωῑήθ
616 737 660 806 “d
683 736 925 821 9²⁴⁰⁰⁸ll⁰nm
1219 764 1364 848 bernet,
1390 777 1508 840 etnos
1523 776 1694 854 protegat.
1747 759 1846 832 Dixi.

265 863 464 941 Carissimc
478 856 522 933 F
518 860 696 948 rancisca,
722 861 816 933 Volo
831 877 866 934 et
874 885 939 952 ego
953 883 1065 932 meam
1081 887 1169 933 con·

170 970 361 1047 sessionem
383 979 501 1037 extare
523 980 646 1040 contra
663 964 963 1057 praestigiatorem
982 962 1167 1034 Viennen-
2139 1044 2142 1054 Ι

172 1094 246 1147 sem
263 1070 466 1155 etsimiles,
491 1069 554 1162 qui
571 1068 697 1138 volunt
714 1091 877 1137 normam
898 1066 1024 1136 ludicii
1042 1067 1079 1136 in
1096 1066 1168 1138 Ec·
1230 1099 1296 1172 No·
1322 1097 1384 1171 ῃ.
2033 1126 2082 1167 ,m
2108 1106 2197 1172 1550

172 1175 277 1247 clesia
301 1195 392 1256 esse,
422 1195 497 1240 uon
520 1170 649 1260 scripta
673 1165 884 1260 Prophetica
907 1183 942 1239 et
962 1167 1167 1260 Apostolica
1226 1195 1398 1247 *fv
2010 1156 2221 1238 ννκῖ.

170 1293 207 1348 el
229 1273 420 1371 Symb⁰l³s
455 1273 514 1342 sed
541 1270 753 1341 P⁰¹¹llfifflm
780 1287 814 1344 el
835 1270 1063 1366 synodorum
1086 1297 1168 1342 ⁵⁸¹¹·
1288 1299 1319 1352 ln
1340 1299 1469 1356 Oration.
1487 1299 1521 1352 T.
1536 1301 1570 1356 V.
1586 1318 1611 1368 p.
1627 1300 1680 1354 2⁴9
1693 1299 1814 1371 sqq.,in
1830 1297 2173 1370 Orat.postrem.p.268.
2191 1310 2221 1356 et

172 1379 321 1462 tentius,
347 1388 382 1445 et
402 1369 467 1444 has
491 1374 617 1449 volunt
639 1374 756 1443 valere
776 1374 963 1444 autoritate
977 1372 1090 1464 Regia
1106 1399 1167 1445 seu
1321 1372 1392 1442 apua
1413 1368 1591 1433 tactust&
1609 1369 1656 1423 ¹¹¹·
1677 1373 1776 1441 affl·

171 1479 365 1552 Praetoria.
395 1472 493 1553 ‚Hac
516 1476 602 1544 falsa
621 1476 848 1567 persuasione
864 1475 946 1545 elati
963 1474 1164 1562 Pontifices,

172 1579 404 1653 audacissime
426 1579 463 1645 in
489 1573 647 1647 Ecclesia
670 1579 890 1647 collocarunt
921 1591 955 1646 et
981 1580 1167 1650 stabiliunt

170 1684 284 1757 multa
300 1680 411 1750 ldola.
466 1678 548 1767 ldeo
566 1680 679 1750 taxari
696 1702 771 1748 eam
789 1703 927 1749 necesse
942 1693 1003 1750 est.

275 1781 437 1854 Adfirmo
457 1806 513 1850 me
528 1782 680 1851 retinere
696 1777 788 1851 hanc
806 1806 924 1851 veram
943 1783 1167 1867 sententiam,
1216 1763 1317 1848 Vutt
1326 1774 1424 1849 Deus
1436 1791 1600 1850 aeternus
1610 1778 1716 1850 Pater
1728 1776 1879 1850 Domini
1889 1783 2001 1853 nostri
2012 1781 2094 1854 lesu
2108 1781 2224 1857 Chri-

169 1889 343 1969 Naaman
359 1885 485 1953 iudicii
496 1885 540 1953 de
556 1884 718 1952 doctrina
733 1885 770 1953 in
781 1882 939 1954 Ecclesia
948 1908 1022 1953 esse
1038 1886 1167 1976 scripta
1217 1881 1284 1965 sti,
1314 1895 1451 1950 creator
1465 1883 1604 1970 generis
1620 1875 1770 1951 humani
1792 1908 1872 1953 cum
1890 1884 2038 1954 filiosuo
2056 1902 2246 1960 coaeter-0

1218 1529 1398 1611 Quaestio
1426 1512 1582 1601 Doctori
1609 1527 1788 1601 Davisii
1816 1527 1875 1619 (V
1879 1531 2000 1627 θέρε)
2024 1538 2219 1627 proposita

1243 1651 1267 1700 a
1288 1632 1416 1725 Gasp.
1441 1635 1674 1720 Peucera,
1710 1635 1887 1735 Doctoris
1913 1635 2074 1727 Gaspari
2098 1631 2190 1734 tilio.

34 1978 49 1989 ³
171 1983 382 2082 prophetica
410 1999 444 2055 et
463 1983 665 2077 Apostolica
688 1999 721 2055 et
744 1985 933 2079 Symbola,
965 2011 1055 2079 quae
1082 1986 1167 2080 qui·
1217 2008 1284 2067 uo,
1318 1979 1475 2054 Domino
1506 2001 1628 2056 nostro
1654 1982 1734 2054 lesu
1754 1979 1918 2066 Christo,
1952 1987 2113 2058 mucifixo
2146 2012 2219 2082 pro

172 2096 254 2163 dem
271 2091 347 2181 ipsa
360 2101 497 2160 tantum
515 2100 599 2158 sunt
612 2088 730 2157 brevis
745 2087 906 2160 collectio
923 2090 1169 2174 articulorum,
1218 2085 1352 2169 nohis,
1379 2101 1413 2156 et
1434 2087 1659 2171 resuscitato,
1693 2101 1727 2158 et
1746 2111 1826 2157 cum
1843 2086 1982 2179 Spiritu
1998 2111 2062 2158 suo
2077 2106 2216 2173 sancto,

172 2194 236 2288 qui
263 2186 512 2281 comprehensi
539 2203 626 2260 sunt
650 2189 690 2257 in
719 2190 860 2282 scriptis
885 2186 1109 2285 Propheticis
1134 2205 1169 2262 et
1219 2188 1355 2257 erudiri
1379 2188 1530 2279 primam
1552 2203 1719 2274 aetatem,
1753 2203 1788 2259 et
1805 2191 1881 2261 vult
1896 2214 1968 2261 sea
1987 2191 2090 2262 nobis
2106 2195 2216 2264 inuo-

173 2294 403 2387 Apostolicis.
1219 2290 1311 2374 cari,
1343 2290 1435 2361 sicut
1457 2291 1627 2382 seriptum
1651 2304 1718 2361 est:
1754 2290 1870 2362 Sinite
1894 2293 2064 2385 parvulos
2086 2297 2131 2364 ad
2157 2320 2218 2368 me

277 2393 385 2484 Quod
397 2417 481 2462 vero
496 2389 674 2484 Pontificii
688 2394 881 2479 obiiciunt,
905 2395 1034 2486 scripta
1052 2396 1168 2466 incer·
1219 2393 1372 2479 venire3¹
1389 2393 1514 2465 talium
1529 2409 1580 2462 est
1596 2393 1690 2462 enim
1708 2415 1854 2482 regnum
1872 2396 2067 2466 coelorum.
2126 2395 2221 2468 Vult

172 2516 208 2570 ta
235 2520 325 2569 esse:
374 2496 502 2566 salsum
535 2509 605 2578 est,
651 2510 687 2566 et
718 2497 1014 2568 contumeliosum
1046 2513 1168 2568 contra
1218 2495 1328 2583 igitur
1361 2519 1427 2564 nos
1459 2495 1637 2565 assuefieri
1669 2495 1708 2565 in
1739 2492 1898 2566 Ecclesia
1923 2500 1968 2569 ad
1995 2499 2224 2569 recitandam·

172 2600 301 2672 Deum.
353 2595 444 2668 Vult
459 2596 554 2667 Deus
572 2608 606 2665 et
625 2599 744 2668 audiri
759 2613 795 2669 et
816 2599 968 2688 intelligi
989 2623 1090 2670 suam
1105 2627 1168 2670 vo·
1219 2620 1319 2667 suam
1345 2598 1565 2683 doctrinam,
1600 2612 1698 2668 utet
1726 2622 1791 2667 nos
1825 2613 1860 2669 et
1886 2600 1949 2670 alii
1975 2601 2221 2673 adolescentes

173 2727 260 2776 cem.
304 2700 406 2791 Quae
420 2713 472 2770 est
486 2698 582 2767 enim
598 2699 754 2782 insania,
782 2701 915 2786 dicere,
937 2702 1170 2793 Decalogum,
1220 2701 1493 2770 commonefiant
1518 2702 1563 2769 de
1595 2700 1778 2772 voluntate
1811 2696 1898 2788 Dei,
1936 2715 1978 2772 ut
2009 2703 2221 2793 cogitemus,

171 2804 450 2901 promissionem,
461 2801 591 2892 gratiae
607 2816 642 2873 et
658 2819 821 2876 aeternae
834 2806 975 2890 salutis,
1000 2806 1169 2876 articulos
1220 2801 1424 2871 discendam
1449 2826 1522 2872 esse
1547 2804 1764 2884 doctrinam,
1800 2803 1891 2876 sicut
1905 2819 2133 2897 praeceptum
2148 2821 2218 2878 est:

171 2904 447 3002 symbolorum,
472 2926 546 2974 esse
559 2903 713 2976 incertos
727 2929 850 2992 sonos,
874 2922 909 2979 et
924 2908 1056 2978 similes
1073 2908 1169 2978 foliis
1219 2901 1289 2973 Hic
1306 2920 1358 2974 εει
1374 2904 1469 2976 filius
1485 2928 1584 2974 meus
1599 2904 1766 2991 dilectus,
1794 2900 1889 2976 hunc
1905 2908 2039 2977 audite.
2081 2896 2102 2908 '¹

58 3029 70 3056 ε
174 3009 346 3106 sibyllae,
1322 3004 1423 3077 Sicut
1437 3023 1552 3078 autem
1569 3008 1738 3078 usitatum
1756 3024 1823 3092 est,
1850 3033 2012 3102 propono
2037 3011 2219 3103 quaestio·

276 3109 387 3200 Quod
423 3133 507 3179 vero
533 3102 700 3181 haeretici
727 3111 820 3183 dicta
845 3114 1018 3208 quaedam
1048 3115 1168 3184 detor·
1219 3100 1319 3178 nemi
1354 3102 1413 3208 An
1441 3117 1529 3178 recte
1550 3104 1686 3178 dictum
1709 3107 1778 3194 sit,
1807 3108 1848 3179 in
1872 3102 2218 3206 definitionaLege's

173 3227 285 3311 quent
299 3216 345 3284 ad
369 3236 431 3283 sua
458 3211 706 3296 deliramenta,
731 3214 767 3283 id
787 3216 826 3287 fit
848 3217 1008 3307 ipsorum
1025 3214 1168 3301 scelere,
1218 3205 1396 3295 moralis,
1417 3204 1505 3280 Lex
1520 3208 1678 3282 moralis
1692 3221 1743 3281 est
1759 3221 1909 3282 aeterna
1925 3222 1956 3283 et
1975 3213 2130 3306 immota
2151 3240 2218 3284 sa-

172 3316 349 3412 quiauon
365 3315 554 3385 conferunt
568 3315 660 3386 dicta
675 3314 887 3408 Prophetica
903 3333 937 3404 et
950 3317 1169 3410 Apostolica.
1217 3312 1376 3404 pientia,
1399 3322 1430 3382 et
1448 3337 1579 3383 norma
1598 3313 1766 3384 iusticias
1782 3313 1821 3382 in
1839 3311 1941 3402 Deo,
1964 3316 2068 3387 caius
2086 3312 2218 3388 radios

146 3478 151 3495 ,
172 3419 315 3493 Scimus
332 3441 421 3510 opus
435 3440 509 3487 esse
524 3420 687 3490 doctrina
702 3433 737 3490 et
754 3423 943 3491 collatione
959 3422 1116 3491 loentum
1134 3435 1168 3490 et
1202 3413 1397 3484 'immensa
1414 3413 1591 3501 bonitate,
1625 3417 1664 3486 in
1681 3414 1885 3487 rationales
1901 3428 2092 3489 creaturas
2107 3415 2214 3489 Deus

173 3521 410 3606 iudiciorum,
443 3521 534 3592 sicut
565 3539 658 3594 recte
689 3522 780 3593 dixit
803 3520 1045 3616 Epiphanius:
1083 3521 1166 3593 Non
1219 3516 1470 3605 insecutione,
1496 3515 1728 3618 transfudit,
1755 3516 2075 3593 discernensracta
2092 3532 2216 3593 etnon

172 3624 459 3696 transformanda
474 3636 558 3694 sunt
573 3626 693 3693 omnia
711 3624 802 3696 dicta
814 3627 851 3694 in
861 3625 1080 3714 Allegorias,
1105 3627 1166 3696 sed
1219 3629 1335 3702 recta,
1366 3630 1397 3692 et
1420 3617 1612 3713 ostendens
1628 3618 1730 3722 quod
1747 3622 1797 3692 sit
1813 3619 1937 3709 Deus,
1962 3632 1995 3694 at
2013 3619 2119 3722 quod
2132 3622 2217 3695 velit

175 3727 363 3799 retinenda
381 3739 431 3794 est
449 3728 569 3794 nativa
591 3728 780 3795 verborum
797 3727 1005 3817 significatio
1024 3729 1063 3797 in
1079 3728 1167 3817 lege,
1218 3732 1332 3811 reeta,
1360 3733 1391 3792 et
1408 3723 1632 3822 praecipiat,
1654 3734 1692 3794 Μ
1709 3723 1825 3794 Simus
1841 3725 1917 3823 ipsi
1930 3725 2156 3825 conformes,
2184 3738 2216 3797 tl

173 3827 410 3922 promissione
445 3827 595 3916 gratiae,
628 3840 662 3895 et
698 3822 855 3899 arliculis
889 3830 982 3901 fidei.
1053 3829 1167 3901 Addit
1216 3820 1318 3922 quod
1329 3822 1413 3895 velit
1432 3822 1611 3896 destruere
1625 3837 1835 3923 pugnantes
1852 3853 1931 3898 cum
1954 3828 2028 3899 itta
2044 3854 2192 3900 norma.

173 3946 290 4003 autem
306 3926 549 4021 Epiphanius,
581 3953 671 4020 opus
686 3953 759 3999 esse
776 3954 879 4002 sensu
903 3944 937 4001 et
954 3933 1165 4024 speculatio·
1317 3927 1419 3999 Hanc
1436 3930 1680 4001 definitionem
1696 3933 1792 4000 hono
1807 3932 1956 4002 consilio
1971 3947 2004 4004 et
2022 3934 2082 4025 pio
2093 3935 2214 4003 studio

173 4056 230 4105 ne.
283 4033 397 4104 Sensu
414 4054 504 4123 opus
526 4045 579 4101 est
595 4034 639 4101 ad
657 4032 887 4123 intelligenda
904 4036 1043 4124 singula
1060 4060 1165 4105 voca·
1216 4031 1400 4112 traditam,
1432 4033 1567 4104 arrOdil
1590 4034 1734 4126 quidam
1756 4035 1957 4107 virulentus
1973 4031 2211 4130 Sycophanta,

173 4136 277 4207 bula:
310 4132 559 4227 Speculatione
582 4158 671 4225 opus
696 4149 765 4220 est,
790 4138 834 4207 ad
852 4136 1011 4207 locorum
1027 4151 1061 4208 et
1077 4140 1165 4229 dog·
1216 4127 1284 4202 hoc
1299 4148 1522 4222 argumento:

174 4251 310 4307 matum
343 4237 569 4306 collationem
604 4254 639 4326 ct
671 4239 833 4310 ordinem
866 4240 1164 4312 constituendum.
1266 4234 1439 4306 Homines
1454 4262 1529 4306 non
1545 4251 1628 4310 sunt
1642 4239 1788 4311 aeterni.

174 4339 261 4410 ldeo
286 4338 323 4404 in
338 4335 496 4407 Ecclesia
518 4341 595 4408 vult
610 4339 705 4413 Deus
722 4366 795 4412 esse
810 4366 931 4413 vocem
947 4344 1165 4429 docentium,
1265 4339 1339 4409 Les
1355 4354 1407 4409 est
1423 4341 1503 4409 data
1521 4334 1739 4411 hominibus.

174 4465 265 4536 quae
288 4463 361 4508 non
386 4440 505 4528 gignat
537 4465 630 4510 nova
655 4445 838 4534 dogmata,
871 4448 931 4515 sed
965 4470 1163 4515 sermonem
1241 4437 1362 4529 ,Ergo
1380 4443 1450 4511 Lex
1467 4466 1543 4511 uon
1558 4456 1610 4512 cst
1625 4457 1778 4514 aeterna.
1884 4492 1887 4497 -

175 4536 429 4634 l‘ropheticum
463 4555 497 4611 et
526 4541 771 4632 Apostolicum
802 4549 921 4616 dextre
950 4548 1094 4627 reddat,
1129 4561 1164 4616 et
1316 4543 1420 4614 Nunc
1443 4569 1594 4636 quaero,
1619 4543 1678 4615 An
1695 4559 1816 4635 proter
1831 4542 1924 4616 hanc
1940 4547 2079 4616 futilem
2100 4549 2212 4618 cavil-

173 4648 416 4717 membrorum
440 4645 602 4714 ordinem
627 4647 845 4718 inducendo
869 4650 1049 4734 ostendat,
1075 4673 1164 4742 quae
1214 4643 1383 4714 stationem
1410 4646 1499 4714 salsa
1523 4647 1569 4716 sit
1593 4648 1808 4738 propositio,
1845 4648 1974 4739 Legem
1998 4672 2073 4718 esse
2093 4665 2213 4723 aeter·

151 4757 156 4767 '
174 4751 220 4820 ab
237 4749 428 4819 ineruditis
450 4748 526 4817 fieri
541 4772 614 4818 non
628 4763 788 4840 possunt.
1215 4770 1297 4816 nam
1314 4746 1522 4837 sapientiam
1546 4749 1585 4817 in
1600 4744 1695 4833 Deo,
1720 4764 1755 4820 et
1774 4751 1824 4820 sic
1840 4765 2089 4840 argumentor,
2115 4768 2213 4825 recte

275 4850 380 4922 Absit
402 4855 448 4920 ab
472 4846 631 4922 Ecclesia
656 4852 826 4938 audacia,
852 4876 958 4946 quam
975 4851 1042 4922 sibi
1059 4851 1163 4921 multi
1215 4849 1266 4920 sic
1282 4848 1364 4920 dici.
1413 4845 1585 4940 Expressa
1600 4852 1768 4942 scriptum
1786 4867 1852 4923 est:
1879 4852 1955 4943 Ego
1970 4850 2067 4924 Deus
2084 4870 2119 4926 ει
2135 4881 2213 4927 uon

171 4953 361 5025 Pontifices
392 4968 427 5023 et
462 4951 641 5024 Haeretici
674 4970 920 5047 sumpserunt,
960 4969 994 5026 et
1020 4970 1164 5025 sumunt
1216 4967 1347 5024 mutor.
1401 4949 1504 5022 item:
1531 4952 1723 5023 NonDeus
1737 4957 1860 5024 volens
1874 4955 2092 5046 impietatem
2109 4973 2150 5030 tu
2167 4984 2214 5029 es.

171 5056 342 5128 omnibus
368 5056 606 5148 temporibus,
639 5059 825 5150 sculpendi
857 5057 973 5142 ldola,
1007 5057 1162 5147 fingendi
1217 5054 1321 5125 ltem:
1348 5053 1430 5124 Non
1452 5057 1535 5124 seni
1558 5057 1694 5126 solvere
1716 5059 1845 5146 legem,
1871 5060 1932 5128 sed
1948 5059 2109 5150 implere.
2163 5058 2212 5135 Et

172 5159 362 5251 opiniones
386 5182 448 5230 seu
470 5161 672 5250 peregrinas
695 5185 757 5232 seu
787 5162 981 5233 contrarias
1003 5161 1083 5229 voci
1108 5161 1165 5229 di·
1216 5182 1418 5252 quanquam
1441 5159 1589 5229 remittit
1609 5156 1706 5229 Deus
1727 5174 1883 5252 peccata,
1907 5176 2115 5232 tamennon
2131 5167 2213 5236 vult

170 5262 286 5334 vinae.
1217 5285 1276 5345 ea,
1307 5265 1367 5329 sed
1385 5259 1464 5331 vult
1478 5285 1517 5330 ea
1540 5286 1629 5356 quae
1646 5276 1847 5352 congruunt
1868 5288 1947 5332 curn
1972 5264 2047 5354 lege
2066 5268 2212 5351 morali,

272 5363 342 5435 Sed
369 5358 500 5434 dehac
523 5365 729 5457 quaestione
758 5362 826 5436 hoc
847 5379 1005 5460 tempore
1030 5368 1165 5455 integre
1216 5376 1251 5432 et
1273 5363 1426 5432 restituit
1447 5357 1628 5450 homines,
1656 5379 1695 5434 ut
1718 5365 1804 5435 liant
1827 5367 2025 5437 conformes
2048 5393 2129 5438 cum
2146 5370 2209 5438 illa

171 5467 242 5539 diei
267 5480 494 5561 nonpotest,
530 5471 574 5537 de
592 5491 660 5560 qua
679 5482 796 5558 tamen
812 5491 913 5559 saepe
932 5471 1012 5543 aliis
1029 5483 1165 5559 tempo·
1216 5489 1278 5536 sua
1295 5463 1477 5557 sapientia.
1529 5464 1633 5538 item:
1655 5464 1698 5539 'Si
1715 5468 1775 5538 illa
1793 5468 1969 5558 sapientia
1984 5484 2073 5540 esset
2090 5485 2226 5542 muta-2

2142 5630 2169 5685 h,

1988 967 2222 983 ——oe—
2287 962 2292 979 Ι
