4748 6022
193 346 304 426 rsa
387 330 389 333 ’
780 342 1200 437 Quausrrouus
1232 339 1632 424 acauuurcau
2123 347 2228 433 ‚ass

190 518 370 618 πυθμένα
397 542 461 613 per
490 518 703 591 vocabulum
725 500 1001 609 diagrammatos
1022 522 1183 614 explicat,
1233 520 1375 612 publica
1398 543 1478 592 cum
1495 517 1656 613 pervenit
1671 517 1716 589 ad
1735 515 1924 612 perfectam
1938 518 1995 592 sui
2010 518 2230 611 auctionem,

190 646 262 724 qno
272 625 433 697 absolute
441 617 502 692 hic
512 621 729 713 significatur
737 622 1035 712 quadrangulum,
1056 649 1182 718 quam·
1233 646 1307 693 non
1320 624 1449 694 retinet
1463 647 1567 695 suum
1583 621 1780 693 naturalem
1793 635 1933 708 statum,
1958 625 2004 692 ab
2016 623 2124 695 initio
2136 649 2229 696 oon·

191 732 246 801 vis
275 742 309 797 et
334 727 421 796 alias
443 725 574 814 species
595 725 782 814 planarum
806 722 998 812 figurarum
1021 749 1182 818 compre·
1233 725 1417 810 stitutum,
1456 726 1518 794 sed
1546 744 1690 816 prorsus
1722 723 1898 793 contraria
1928 724 2119 816 producit,
2161 728 2229 798 de-

190 826 344 914 hendat,
369 821 531 926 συζυγὶα
552 838 669 897 autem
694 825 851 919 quinarii
871 824 910 894 lit
932 849 996 917 per
1011 827 1182 917 diagona-
1233 827 1403 896 struentia
1421 818 1643 896 harmoniam
1659 823 1788 918 ipsius,
1812 846 1939 916 nempe
1954 826 2048 917 leges
2062 839 2099 897 et
2113 839 2230 901 totam

191 935 282 1018 lem,
308 927 497 1001 habentem
520 929 679 1022 quinque
701 941 816 1019 partes
836 926 1092 1019 coniungentes
1108 930 1180 999 dno
1232 927 1374 1019 imperii
1393 928 1562 1013 formam,
1587 949 1650 1019 per
1670 920 1894 995 harmoniam
1916 926 2013 996 enim
2033 929 2230 1022 praecipue

73 1110 77 1125 ,
188 1037 318 1119 latera,
359 1054 512 1125 quorum
541 1031 692 1102 alterum
721 1043 810 1113 tres,
847 1030 998 1100 alterum
1027 1044 1182 1126 quatuor
1231 1026 1417 1100 Platonem
1440 1028 1629 1119 depingere
1650 1027 1744 1117 leges
1761 1023 1985 1120 Rerumpub.
2007 1029 2112 1099 facile
2136 1040 2229 1102 con·

189 1133 300 1208 hahet
315 1147 440 1230 partes.
1232 1141 1301 1200 stat
1323 1154 1364 1199 er
1379 1124 1582 1201 Aristotelis
1604 1131 1759 1200 sectione
1780 1127 2012 1200 decimanona
2027 1132 2149 1222 prohl.
2165 1133 2229 1208 28·

608 1293 617 1312 ,
695 1288 706 1314 ,
1231 1227 1418 1301 Caeterum
1438 1255 1519 1301 cum
1541 1230 1663 1301 omnia
1684 1230 1895 1321 exemplaria
1916 1230 2035 1322 legant
2056 1225 2128 1305 δύο
2156 1230 2229 1331 atp-

444 1371 449 1387 ‚
471 1390 480 1418 ,
508 1293 679 1419 sf‘lmmf
694 1317 733 1363 ¹¹¹
749 1306 862 1417 ΜΨ
1229 1327 1381 1424 norica,
1406 1354 1471 1403 nec
1493 1334 1637 1416 usitata,
1662 1332 1735 1400 imo
1756 1331 1944 1401 durissima
1965 1333 2011 1403 sit
2028 1335 2226 1426 appellatio

431 1391 503 1473 δυο
527 1421 709 1494 “immi
728 1419 935 1490 παρεχεται·
1051 1430 1054 1434 “
1230 1428 1486 1530 δυσαρμονία,
1512 1432 1727 1505 retineamus
1739 1433 1905 1504 usitatam
1920 1433 2120 1509 lectionem.
2176 1434 2228 1510 Et

291 1536 393 1626 Quae
412 1536 520 1605 verba
542 1545 654 1604 totam
677 1529 838 1602 Platonis
858 1531 1068 1601 seutentiam
1089 1530 1178 1601 cim-
1231 1538 1336 1604 credo
1352 1530 1444 1604 hanc
1457 1536 1632 1607 veriorem
1646 1557 1739 1619 esse,
1765 1558 1806 1603 eo
1820 1537 1916 1627 quod
1933 1532 2036 1607 Plato
2051 1538 2227 1610 maximas

190 1641 310 1714 meriis
334 1637 489 1709 tenebris
510 1636 681 1704 videntur
703 1634 907 1716 involvere,
934 1633 981 1702 ita
1004 1645 1044 1702 ut
1063 1646 1178 1703 totum
1231 1635 2228 1730 rerumpuhdissipationesetconfusionesvolneritpin-

189 1746 324 1815 dictum
354 1738 451 1808 foliis
468 1735 643 1832 Sibyllae,
683 1747 746 1804 aut
775 1734 970 1824 aenigmate
998 1729 1179 1829 Sphyngis
1229 1761 1310 1828 gere
1325 1738 1464 1810 duabus
1477 1739 1628 1808 maxime
1642 1736 1843 1826 insignibus
1856 1738 2103 1825 dissonantiis,
2130 1765 2225 1834 quae

185 1839 353 1915 'videatur
367 1839 564 1912 obscurius.
615 1834 807 1923 Quomodo
823 1836 918 1904 enirn
933 1835 969 1903 id
985 1831 1104 1906 iuhac
1121 1861 1178 1906 re-
1229 1841 1267 1908 in
1292 1834 1358 1910 hac
1380 1839 1617 1932 triplicatione
1633 1839 1783 1908 laterum
1800 1839 1982 1909 dulcisono
1998 1840 2225 1912 diatessaron

186 1971 268 2021 rum
283 1958 410 2013 natura
429 1939 595 2031 possibile
611 1931 693 2008 est?⁴
710 1938 766 2006 vel
781 1937 919 2008 ratione
934 1960 1178 2023 numerorum,
1228 1941 1410 2024 accedunt,
1429 1954 1617 2034 manetque
1631 1940 1705 2032 ipsa
1715 1939 1909 2010 similitudo
1920 1939 2104 2010 illustrior.
2128 1941 2224 2014 Per·

185 2048 244 2117 vel
266 2044 507 2134 cuiuscunque
529 2039 754 2133 quantitatis,
785 2039 1043 2132 sesquitertiam
1067 2041 1177 2111 ratio-
1228 2043 1358 2112 tineret
1379 2057 1556 2133 praetcrea
1580 2043 1623 2110 ad
1646 2041 1915 2131 explicationem
1935 2042 2097 2112 vocabuli
2116 2040 2222 2113 Har-

185 2173 269 2218 uem
303 2143 569 2234 componendo,
610 2141 666 2208 vel
695 2163 804 2209 unam
835 2140 1003 2231 praebere
1032 2133 1177 2213 harmo-
1227 2144 1385 2227 moniae,
1410 2144 1571 2214 definitio
1591 2143 1667 2212 eius
1685 2138 1937 2236 Pythagorica,
1960 2167 2039 2213 curn
2059 2147 2223 2237 quadam

184 2249 309 2320 uiam?
361 2243 403 2316 Id
432 2244 527 2313 euim
557 2241 856 2332 impossibile-est
879 2264 921 2310 ex
941 2236 1173 2337 Pythagorica
1228 2244 1471 2335 explicatione.
1529 2241 1617 2328 Item
1639 2244 1775 2315 erudita
1797 2244 1994 2336 disputatio
2018 2246 2061 2313 de
2084 2247 2221 2316 lunda-

185 2349 411 2431 delinitione,
437 2358 471 2415 et
490 2369 532 2416 ex
553 2344 715 2414 doctrina
736 2343 1023 2435 proportionum.
1075 2344 1176 2418 Sicut
1226 2360 1346 2416 mento
1375 2345 1729 2434 concordantiamm,
1770 2345 1900 2438 quibus
1931 2358 2083 2416 utuntur
2109 2341 2221 2416 hodie

185 2454 281 2524 enirn
297 2449 485 2541 Dispente‚
511 2447 789 2540 quotiescunque
806 2457 958 2528 auctum,
983 2467 1177 2539 nonprae-
1227 2462 1386 2518 cantores
1407 2449 1445 2516 in
1467 2460 1743 2538 contrapuncto,
1774 2460 1814 2517 ut
1837 2461 1981 2517 vocant:
2015 2450 2219 2540 quomodo·

183 2558 245 2626 het
258 2553 369 2623 ullam
385 2548 667 2632 consonantiam,
690 2547 739 2616 ita
754 2570 820 2615 nec
834 2547 1065 2620 diatessaron:
1091 2549 1174 2641 quia
1225 2573 1293 2640 que
1318 2549 1398 2618 illac
1419 2549 1515 2637 ipsae
1534 2548 1757 2620 consentiant
1773 2573 1852 2618 cum
1869 2543 2067 2617 harmoniis
2083 2544 2217 2644 Pytha·-

184 2669 353 2729 neutrum
383 2665 434 2721 est
462 2652 500 2719 in
524 2649 643 2740 aliqua
666 2647 857 2738 multiplici
878 2648 1044 2733 ratione,¹
1066 2664 1106 2719 ut
1124 2664 1177 2721 est
1225 2650 1364 2738 goricis.
1432 2649 1539 2742 item,
1580 2675 1626 2720 an
1656 2674 1696 2720 ex
1727 2650 1987 2721 concordantiis
2018 2667 2218 2736 cantorum,

183 2754 385 2847 Diapason‚
411 2776 501 2843 quae
517 2763 655 2820 tantum
672 2744 858 2820 harmonia
876 2763 975 2819 aucta
992 2752 1176 2824 constituit
1225 2752 1369 2844 quidam
1400 2766 1493 2824 recte
1520 2753 1752 2832 concludant,
1772 2817 1774 2820 .
1791 2750 2019 2822 Diatessaron
2044 2776 2120 2821 non
2144 2776 2217 2822 esse

184 2852 412 2938 harmonias,
436 2852 518 2922 ideo
541 2851 573 2920 ei
597 2850 681 2936 soli,
708 2845 915 2920 Aristoteles
936 2845 1063 2923 tribuit
1079 2853 1175 2923 anti·
1224 2850 1468 2924 Harmoniam.
1519 2855 1589 2925 Sed
1606 2848 1765 2924 hocloco
1781 2848 2118 2924 habendaestratio
2134 2853 2218 2924 hre-

73 3035 76 3041 ,
184 2953 327 3050 phono,
352 2968 393 3026 nt
409 2972 460 3025 est
476 2954 596 3023 videre
614 2953 653 3020 in
669 2951 903 3022 decimanona
920 2953 1073 3024 sectione
1088 2978 1175 3045 pro-
1224 2953 1352 3026 vitatis.
1407 2954 1491 3028 ldeo
1510 2950 1578 3026 lroc
1594 2955 1714 3026 labore
1730 2956 1982 3046 supersedebo,
2008 2955 2215 3045 praesertim

39 3050 45 3062 ’
157 3059 391 3132 hiematum.
443 3053 584 3126 Deinde
605 3075 775 3146 quasnam
797 3048 999 3124 harmonias
1021 3056 1173 3128 efficeret
1222 3078 1302 3124 cum
1324 3050 1409 3127 haec
1431 3059 1580 3126 maxima
1602 3081 1644 3125 er
1666 3073 1763 3147 parte
1780 3056 1914 3147 possint
1930 3056 1999 3147 peti
2016 3079 2058 3124 er
2074 3054 2215 3126 Musica

184 3160 380 3252 composita
396 3156 634 3250 sesquitertia,
660 3178 740 3224 cum
758 3155 795 3222 in
809 3167 884 3226 tota
900 3177 1018 3226 rerum
1033 3172 1172 3240 natura,
1222 3154 1358 3239 Boetii,
1383 3172 1443 3228 aut
1465 3157 1697 3248 stapulensis.
1749 3156 1932 3228 Postremo
1955 3158 2066 3246 igitur
2085 3157 2124 3225 in
2148 3153 2215 3226 hoe

181 3277 255 3333 tres
284 3273 423 3331 tanturn
454 3259 626 3350 perlectae
657 3251 865 3326 harmoniae
893 3255 1057 3328 inventae
1078 3275 1172 3336 sunt.
1206 3258 1319 3327 'dicto
1349 3258 1508 3330 Platonis
1530 3257 1742 3352 Triplicatio
1771 3260 1992 3348 intelligatur
2016 3283 2075 3340 ea,
2106 3282 2213 3352 qnam

181 3360 329 3453 Nempe,
359 3358 554 3451 Diapason,
576 3356 763 3450 Diaponte,
785 3355 1067 3440 etDiatessaron‚
1090 3362 1172 3453 qui·
1221 3359 1328 3448 vulgo
1341 3357 1601 3438 cubicationem
1615 3385 1793 3435 vocamus.
1844 3360 1946 3434 Sicut
1958 3361 2050 3430 infra
2066 3361 2106 3429 in
2117 3359 2214 3434 Gen.-

179 3466 249 3534 bns
264 3473 466 3552 congruunt
480 3460 710 3553 compositae,
736 3459 977 3550 Disdiapason
989 3474 1024 3531 et
1038 3458 1171 3553 Diapa-
1220 3463 1365 3532 metrica
1385 3463 1630 3554 progressione
1644 3461 1819 3544 Platonis,
1844 3462 2019 3534 sursolida
2036 3461 2215 3554 multipli-

180 3579 247 3636 s'on
269 3588 350 3635 cum
365 3561 552 3655 Diapeute.
603 3558 704 3650 Quae
724 3556 931 3633 harmoniae
946 3562 1169 3636 nullomodo
1220 3565 1312 3634 catio
1334 3566 1518 3657 utriusque
1540 3565 1679 3635 numeri
1701 3563 1725 3635 4
1747 3579 1781 3634 et
1804 3568 1828 3635 3
1849 3564 2214 3657 dicipotestquintu·

180 3668 274 3737 fiunt
299 3689 341 3734 ex
361 3663 620 3755 compositione
643 3675 705 3732 aut
727 3659 974 3749 Diatessarou,
1000 3679 1061 3735 aut
1081 3662 1169 3738 Dia·
1220 3664 1374 3754 plicatio.
1426 3664 1481 3737 Eo
1498 3667 1592 3736 enim
1609 3670 1713 3737 modo
1727 3666 1947 3761 sesquitertia
1961 3666 2052 3737 ratio
2069 3662 2213 3738 Diates-

179 3781 295 3860 peute.
347 3764 442 3836 Num
465 3766 574 3855 igitur
597 3764 817 3852 ignorantiae
841 3779 901 3836 aut
921 3766 1169 3840 illiberalitatis
1218 3789 1326 3835 aaron
1347 3769 1536 3861 quinquies
1560 3768 1703 3839 additur
1725 3784 1759 3840 et
1781 3769 2008 3840 constituitur
2029 3767 2213 3861 disdiapa-

180 3867 299 3968 (quod
321 3892 385 3937 sua
400 3866 555 3937 noluerit
573 3862 741 3957 intelligi)
758 3868 974 3935 accusandus
990 3881 1041 3937 est
1053 3866 1167 3955 Plato,
1218 3889 1303 3951 son,
1329 3892 1408 3938 curu
1428 3870 1614 3939 semitonio
1635 3871 1793 3955 minore,
1817 3872 1937 3955 idest,
1962 3869 2212 3953 decimascxta,

87 4048 99 4072 Ι
176 3965 479 4060 Philosophorum
502 3965 846 4060 praestantissimus?
903 3965 1077 4039 Neutrum
1100 3966 1168 4042 ho·
1217 3991 1307 4059 quae
1328 3972 1574 4060 complectitur
1591 3986 1777 4066 utramque
1792 3973 2048 4043 dissonantiam
2068 3973 2212 4062 politius

176 4096 258 4142 rum
281 4071 356 4141 ullo
380 4072 486 4141 modo
505 4069 770 4139 concedendurn
788 4081 855 4138 est:
881 4092 1167 4162 verumrespon-
1216 4073 1466 4142 destruentem.
1518 4071 1602 4141 ldco
1619 4073 1720 4144 Plato
1741 4088 1907 4167 tanquam
1930 4073 2139 4144 intermino
2156 4075 2210 4143 ihi

177 4174 346 4257 dendum,
372 4197 453 4243 eum
469 4172 618 4242 abusum
633 4193 706 4241 esse
721 4170 867 4240 nomine
879 4163 1086 4247 harmoniae
1100 4198 1165 4265 pro
1215 4173 1395 4260 consistit,
1420 4189 1455 4244 et
1475 4174 1611 4264 colligit
1633 4199 1747 4245 annos
1769 4178 1877 4247 totius
1892 4173 2148 4269 progressionis
2162 4177 2210 4246 ab

176 4274 408 4357 dissonantia,
434 4297 524 4365 quae
537 4284 699 4361 generata
714 4284 767 4342 est
781 4294 822 4342 ex
837 4275 1009 4345 concinna
1022 4289 1055 4346 et
1065 4279 1165 4347 suavi
1215 4274 1351 4345 unitate
1366 4300 1427 4346 seu
1446 4277 1622 4369 principio
1638 4277 1794 4370 politiae.
1823 4318 1837 4331 -·

176 4369 365 4445 harmonia
387 4373 631 4457 Diatcssaron,
665 4374 754 4444 sicut
774 4374 881 4463 vulgo
904 4378 1162 4467 receptqculum

175 4475 355 4547 cadaveris
370 4475 520 4544 dicimus
535 4469 759 4565 sepulchrum
775 4470 950 4558 hominis,
976 4479 1044 4568 ipsi
1058 4480 1163 4549 cada-
1226 4546 1236 4564 ,

171 4580 250 4648 veri
267 4579 462 4651 tribuentes
479 4575 632 4667 priorem
649 4570 822 4646 habitum.
874 4576 926 4647 lta
943 4601 1086 4669 prorsus
1103 4582 1161 4650 in·
1299 4539 1335 4593 ὅ.
1419 4543 1455 4596 ⁴⁸
1540 4547 1576 4596 ³⁶
1664 4544 1700 4596 ²⁷

172 4681 405 4772 telligeudum
429 4693 480 4749 est
501 4677 714 4747 vocabulum
735 4681 800 4770 τῆς
820 4673 1018 4773 ἁρμονίας,
1052 4681 1081 4752 si
1102 4707 1160 4752 rev
1206 4761 1216 4769 ,
1895 4743 1914 4796 4

170 4784 318 4853 tinenda
341 4796 394 4853 est
417 4777 503 4852 haec
525 4779 651 4866 lectio,
677 4803 767 4873 quae
789 4781 893 4851 etiam
909 4781 953 4850 iu
968 4779 1159 4854 Aristotele
1701 4816 1703 4820 ³

170 4899 277 4961 extat,
303 4885 332 4952 si
347 4908 431 4953 vero
447 4883 531 4953 satis
545 4906 666 4973 graece
681 4895 799 4973 posset
813 4882 896 4968 dici,
921 4877 1158 4980 δυσαρμονία
1475 4943 1544 4998 ¹⁷²8
1765 4877 1768 4881 ’

169 5008 235 5104 Pf⁰
259 4976 552 5103 (5⁶⁰,59i‘0750‘93
580 4978 1029 5104 legerem'dvqapnorc‘cg,
1057 4991 1157 5082 ‘1¹¹²'li
1258 5010 1439 5105 Diapasou
1456 5039 1537 5084 cum
1553 5013 1790 5087 Semiditono.
1897 5016 1928 5091 D
2086 5021 2118 5094 Β

168 5089 283 5171 drcat,
318 5097 409 5156 secut
437 5100 656 5178 sesquiterua
686 5100 776 5155 ratro
798 5088 1034 5175 dratessarou,
1066 5115 1157 5183 quae
2136 5143 2140 5146 .
2180 5140 2188 5151 .

166 5205 219 5260 est
242 5190 358 5279 imago
378 5185 531 5277 o'ptimae
550 5184 783 5279 Reipublicae
806 5203 928 5275 aucta,
961 5195 1155 5264 secundum
1308 5198 1405 5271 Haec
1426 5200 1548 5271 omnia
1570 5214 1609 5272 ut
1626 5199 1887 5290 intelligantur,
1914 5205 2204 5300 sitqnadrangu-

167 5293 312 5378 ternarii
344 5289 613 5381 perlectionem,
662 5313 737 5357 non
769 5293 935 5381 producit
966 5295 1154 5367 retinentia
1206 5299 1280 5368 lum
1301 5325 1363 5373 seu
1380 5299 1914 5396 avdpquBsesquitertius,
1939 5298 2201 5382 hoc'estlaters

164 5416 248 5462 suae
278 5392 427 5483 originis
458 5390 586 5461 iustam
616 5384 839 5493 harmoniam
869 5409 904 5464 et
933 5396 1153 5485 suavitatem,
1205 5394 1283 5472 AC
1305 5419 1340 5474 et
1360 5398 1461 5490 AD,
1487 5401 1651 5476 siveDB
1675 5419 1710 5473 et
1734 5401 1831 5484 BC,
1857 5430 1934 5475 eam
1958 5409 2053 5480 inter
2074 5436 2112 5482 se
2135 5407 2202 5482 ha.

165 5499 225 5563 sed
248 5518 354 5586 puras
379 5508 481 5588 putas
502 5491 756 5564 dissonantias:
790 5490 844 5564 lta
865 5506 901 5565 et
923 5497 1056 5588 optima
1076 5521 1152 5570 res·
1202 5500 1310 5577 beant
1333 5506 1518 5582 rationem.
1583 5503 1777 5598 Quantitas
1797 5520 1915 5578 autem
1939 5511 2088 5585 illorum
2110 5514 2204 5587 late·

1264 4440 1605 4514 Semiditonuscum
1624 4440 1813 4534 Diapente.
1885 4438 2017 4513 Ab
2088 4441 2120 4515 C
2227 4482 2231 4490 ·
