4748 6022
111 357 184 430 Nec
204 369 324 429 tamen
347 353 439 452 hanc
456 359 594 440 reddis,
619 359 688 428 nisi
707 358 770 452 qui
787 374 847 430 tua
863 362 1027 452 dogmata
1043 360 1099 430 di-

164 558 321 632 Tantum
338 557 491 644 hancad
508 561 616 632 vitam
625 475 797 634 ⁸veillnlll’eus
811 583 885 631 esse
900 561 1006 637 viam.

110 657 209 751 Ergo
227 686 350 753 precor
366 645 480 732 studia
495 657 581 734 haec
596 675 634 734 tu
647 686 786 754 semper
800 663 913 753 dirige
927 660 1081 757 Christe,

163 761 320 835 Aeterno
334 757 438 836 Siloh
452 788 534 834 vera
548 787 702 857 propago
716 763 844 837 Patris.

108 1063 174 1135 No.
189 1064 277 1136 298.

107 1160 279 1188 Μ

911 1094 960 1139 an.
977 1071 1071 1137 1555.

179 1264 291 1334 Legitur
318 1262 373 1318 hoc
403 1280 514 1316 carmen
547 1260 577 1316 in
607 1262 792 1320 Melsntbonis
821 1263 893 1336 apud
917 1260 1095 1318 Vincentinm

213 1353 241 1404 p.
253 1334 301 1385 251
315 1351 355 1400 sq.
378 1331 423 1384 obi
440 1330 613 1388 inscribitur:
631 1333 677 1386 De
690 1341 800 1386 cometa
811 1333 923 1401 quisur't
935 1342 1097 1397 conspectus

213 1418 290 1453 anno
304 1401 379 1456 1556.
413 1399 488 1452 ldern
501 1399 614 1454 babetur
624 1399 653 1452 in
664 1399 777 1470 Scriptis
790 1400 906 1472 publicis
916 1399 1096 1457 sudwic·

215 1471 269 1525 teb.
282 1471 316 1524 sd
330 1489 395 1523 ann.
409 1469 504 1535 1556„
523 1469 568 1522 ubi
583 1469 748 1524 collocatum
761 1481 801 1523 est
812 1470 883 1523 intes·
896 1472 950 1524 duo
962 1468 1014 1522 slis
1025 1469 1097 1523 scri-

214 1548 259 1609 pta
277 1536 448 1606 academica,
479 1555 597 1609 quorum
616 1539 730 1591 alterum
751 1537 776 1591 d.
797 1541 821 1592 2.
834 1537 909 1601 lulii,
933 1537 1050 1592 'alterum
1069 1539 1096 1592 d.

878 1155 1111 1200 Μ’

808 182 1139 263 CARMINUM·
1178 184 1285 262 LlB.
1309 185 1386 263 ΙΙΙ.

1146 355 1317 432 Protinus
1331 359 1429 432 illius
1444 359 1588 453 vestigia
1602 363 1684 454 trita
1701 380 1852 439 cometes

1197 458 1354 555 Arripit,
1380 478 1414 534 et
1429 461 1507 535 Soli
1521 465 1636 535 sidera
1652 482 1778 539 cuncta
1793 481 1900 542 tenet.

1147 561 1226 644 Hoc
1241 565 1310 635 iter
1327 565 1477 635 errantis
1492 566 1597 637 multi
1611 567 1914 654 vidire-cometae,
2042 561 2043 565 ¹
2093 641 2095 650 ,

1196 663 1270 755 Qui
1283 666 1356 735 fera
1371 663 1579 737 Teutonicis
1594 669 1723 738 damna
1741 669 1897 740 minatur
1910 672 2013 761 agris.

1145 764 1238 837 Sunt
1253 766 1338 836 anni
1354 768 1468 857 decies
1481 783 1580 854 octo,
1605 794 1677 862 quo
1694 784 1851 862 tempore
1866 770 1955 842 vixit

1196 865 1277 939 Dux
1291 869 1352 962 qui
1367 866 1579 960 Burgundas
1593 868 1742 942 Carolus
1755 873 1967 964 auxitopes:

1146 966 1251 1040 Tunc
1265 969 1303 1038 in
1318 993 1481 1061 suprema
1494 971 1620 1041 similis
1634 975 1778 1062 regione
1790 972 1953 1044 Cometes

1195 1065 1301 1143 Aeris
1316 1066 1480 1142 horrifico
1497 1073 1638 1145 miscuit
1652 1074 1733 1164 igne
1748 1099 1896 1146 comam.

1145 1170 1180 1241 ls
1194 1186 1295 1242 motu
1310 1172 1422 1242 simili
1436 1197 1510 1243 sese
1526 1198 1589 1265 per
1605 1175 1712 1245 inane
1728 1177 1904 1260 volutans,

1193 1273 1405 1344 Parmensus
1419 1276 1509 1344 coeli
1524 1276 1662 1347 climata
1679 1278 1789 1349 multa
1801 1278 1883 1349 suit.

1143 1370 1311 1447 Astraeae
1326 1376 1482 1467 primum
1497 1378 1611 1449 tenuit
1625 1377 1776 1447 confinia
1795 1378 1925 1447 Librae

1194 1473 1319 1547 Arctoi
1335 1477 1437 1568 petiit
1452 1478 1608 1548 culmina
1626 1479 1755 1549 deinde
1769 1479 1855 1572 poli.

180 1636 181 1639 =
215 1605 415 1661 staturarum
430 1617 479 1660 en.
516 1602 1095 1676 tacendave!ttotupubttcntfixcn
1143 1577 1213 1652 Sed
1231 1601 1391 1648 remeans
1406 1579 1506 1650 illinc
1522 1580 1678 1653 medinm
1694 1604 1764 1673 qua
1780 1579 1932 1650 circulus
1945 1579 2067 1649 orbern

215 1685 263 1731 est.
298 1675 330 1727 Pr
337 1674 404 1728 odiit
417 1676 546 1728 nimirum
564 1684 593 1728 ut
606 1675 725 1730 edictum
736 1677 840 1734 Decani
849 1675 956 1729 ordinis
971 1673 1095 1744 pbiloso-

230 1743 301 1803 bici,
327 1743 439 1808 lasani,
456 1752 482 1795 et
495 1744 613 1813 primum
627 1745 728 1797 editum
743 1754 783 1798 est
800 1743 828 1796 in
841 1744 949 1798 libello:
974 1740 1095 1812 „Oratio

212 1763 246 1865 Oe
265 1813 423 1866 discrimine
442 1811 530 1882 legum
546 1811 717 1884 politicarum
731 1822 756 1867 et
771 1812 962 1879 traditionum,
1024 1811 1096 1865 sein

214 1879 336 1935 Ecclesia
361 1881 395 1934 ab
419 1879 575 1933 bominibus
598 1883 765 1938 conduntur.
812 1880 965 1934 Recitataa
1012 1897 1096 1934 enarro

215 1949 335 2020 collegii
373 1948 566 2019 Philiosophici
592 1949 737 2019 'Magistro
768 1949 951 2002 Bartolemeo
972 1951 1097 2016 mono,

214 2019 329 2089 cygneo
348 2026 399 2072 etc.
421 2015 548 2071 Witteb.
563 2016 720 2073 1556-83’
742 2049 779 2060 —
805 2017 876 2104 'tric
893 2025 921 2070 et
939 2015 968 2075 in
982 2014 1097 2088 Scriptis

211 2087 328 2158 publicis
341 2084 518 2140 inscribiturs

108 2223 295 2300 Deconns
318 2226 465 2320 Collegit
487 2222 739 2317 Philosopdici
761 2228 802 2295 ta
824 2223 941 2297 Acad.
967 2230 1097 2300 Witte-

120 2329 307 2425 bcrpenst,
341 2328 674 2397 Bartolerneus
696 2329 874 2418 Lacon,
906 2332 1083 2426 dypneus.

111 2458 281 2532 Ostendit
298 2459 399 2530 terris
416 2459 503 2528 etin
520 2463 600 2528 aere
615 2459 725 2528 multa
742 2483 867 2530 sereno

164 2561 265 2633 lrrita
284 2585 506 2656 nequaquam
523 2560 620 2648 signa
638 2561 755 2631 lutura
772 2559 880 2647 Deus,

110 2664 290 2756 Signaque
306 2678 451 2733 naturae
468 2686 557 2754 quae
573 2686 647 2729 non
662 2661 837 2732 imitantia
852 2664 946 2756 leges

162 2766 385 2834 Portendnnt
397 2764 554 2833 subitum
571 2787 645 2831 non
659 2765 784 2852 procul
799 2787 872 2833 esse
886 2769 1031 2841 malum.

110 2863 274 2937 Vidimus
291 2861 358 2936 lroc
373 2889 467 2934 anno
484 2864 647 2954 rapidum
664 2864 810 2952 flagrare
827 2884 999 2958 cometen,

161 2969 364 3040 Sulcantem
384 2966 510 3037 dubias
525 2965 635 3034 multa
652 2988 714 3056 per
726 2978 818 3034 astra
835 2967 921 3039 vias.

111 3069 289 3164 Quodque
302 3070 370 3138 suit
387 3068 515 3158 nrirum
532 3067 649 3155 vicino
664 3066 739 3134 sole
753 3080 919 3154 cometae,

161 3168 250 3242 Cum
267 3171 403 3240 soleant
418 3169 549 3260 primas
563 3166 752 3258 arripuisse
766 3168 871 3237 laces:

109 3273 192 3343 Non
209 3274 308 3364 prius
321 3293 483 3341 accensos
499 3264 557 3340 hic
570 3269 684 3359 coepit
698 3291 859 3360 spargere
874 3271 1000 3355 crines,

161 3372 349 3446 Astrorum
368 3397 473 3466 quam
490 3374 561 3440 dux
576 3396 596 3439 e
611 3372 754 3460 regione
768 3372 873 3446 stetit.

110 3472 295 3572 Aequabat
310 3490 408 3546 motu
421 3469 585 3544 Phoebus
598 3486 808 3566 noctemque
822 3474 987 3567 diemque

164 3579 311 3672 Udaque
328 3577 497 3667 purpurei
514 3589 670 3666 tempora
690 3575 781 3641 veris
797 3589 920 3644 erant:-

110 3680 253 3751 Halitus
269 3704 287 3746 e
303 3678 403 3745 molli
418 3677 577 3744 sublatus
593 3676 637 3742 ad
654 3668 793 3743 aethera
810 3687 912 3761 terra,

162 3780 253 3852 Cum
270 3778 395 3848 rutilae
413 3775 589 3864 specimen
603 3774 719 3864 coepit
733 3768 863 3845 habere
877 3801 1007 3852 comae.

111 3882 292 3962 Primum,
318 3902 386 3974 qua
402 3877 491 3946 coeli
507 3868 761 3972 προτρηγήτης
778 3891 874 3966 parte
891 3880 1051 3970 refulget,

160 3981 302 4054 Semina
318 3981 539 4047 flammarum
557 3976 804 4067 conspicienda
820 3980 928 4053 dedit.

108 4085 228 4156 Altius
244 4080 374 4151 arcturi
390 4104 469 4148 mox
484 4080 528 4147 ad
544 4078 680 4166 fastigia
698 4079 822 4168 pergit,

160 4186 236 4257 Sub
252 4184 377 4273 rapido
394 4181 611 4249 nullasdum
629 4181 712 4249 facit
725 4205 788 4249 axe
804 4204 930 4266 moras,

106 4288 268 4379 Denique
281 4286 369 4354 sicca
385 4306 490 4372 snper
504 4280 708 4375 Cynosurae
723 4281 836 4350 sidera
851 4298 979 4370 vectus,

158 4388 321 4478 Occupat
335 4383 485 4454 Arctoae
502 4384 599 4473 signa
616 4406 778 4474 suprema
802 4384 933 4473 plagae.

109 4489 197 4562 Inde
211 4492 358 4579 gradum
378 4500 471 4556 retro
487 4486 589 4567 lacit,
614 4497 646 4553 et
664 4508 753 4576 quae
769 4498 890 4555 noster
904 4482 1052 4559 horizon

158 4592 262 4662 Astra
281 4590 375 4681 capit
390 4611 494 4657 cursu
512 4586 726 4677 proximiore
744 4587 840 4677 legit.

106 4690 161 4763 Ac
176 4693 281 4762 simul
296 4713 459 4759 auroram
478 4692 582 4778 petit,
607 4684 796 4782 Eoumque
812 4690 939 4774 cubile,

157 4790 324 4881 Phoebus
341 4785 547 4858 anhelantes
563 4791 658 4858 unde
674 4790 810 4861 reducit
825 4814 945 4883 equos.

105 4893 175 4964 llic
190 4893 285 4962 subit
298 4887 457 4972 lasiden,
482 4903 516 4959 et
530 4914 619 4982 qnae
635 4905 669 4960 te
683 4904 780 4960 trans
796 4893 883 4960 vada
901 4898 1004 4984 ponti

158 4995 305 5066 Aetium
322 4990 452 5060 Persen
467 4985 499 5082 ¹)
515 5012 656 5080 carpere
671 4991 752 5059 fecit
771 4991 848 5070 iter.
934 5079 940 5084 ἱ

104 5097 264 5170 Candida
280 5090 454 5179 cornigeri
469 5084 634 5158 Phoebus
649 5102 720 5158 tam
735 5091 861 5159 limina
877 5091 984 5178 tauri,

157 5198 230 5270 Nec
246 5197 353 5266 modo
369 5188 550 5287 Phryxeae
566 5188 680 5259 vellus
695 5183 802 5261 habet
816 5191 909 5261 ovis:

100 5317 308 5338 ,naath-“-

137 5369 167 5438 1)
185 5366 304 5457 Persen]
322 5358 459 5430 archetyp.
476 5356 557 5413 habet
575 5354 701 5411 deotrih·

1153 1722 1165 1750 ·.
1195 1677 1335 1751 Dividit
1351 1681 1556 1768 astrigeram
1572 1682 1707 1751 lumine
1723 1682 1806 1752 texit
1821 1705 1935 1753 ovem.

1142 1760 1250 1853 Nulla
1265 1793 1358 1851 aetas
1373 1782 1463 1852 vidit
1478 1783 1683 1873 flagrantem
1699 1783 1847 1874 impune
1858 1780 2042 1870 Cometen,

1192 1880 1277 1952 Non
1292 1883 1370 1952 leve
1386 1896 1574 1954 venturum
1593 1885 1740 1957 nunciat
1755 1884 1817 1954 ille
1834 1884 1978 1956 malum.
2101 1947 2110 1953 .

1145 1981 1258 2055 Tunc
1285 2007 1428 2077 quoque
1459 1986 1582 2056 crebra
1611 1986 1694 2056 tulit
1726 1984 1872 2056 summis
1904 1981 2129 2054 incommoda

1655 2088 1798 2178 regnis,

1194 2182 1328 2254 Civiles
1340 2199 1475 2270 motus,
1500 2186 1642 2278 publica
1657 2191 1785 2257 damna
1801 2186 1896 2260 tuln.

1145 2283 1289 2376 Quippe
1304 2299 1484 2357 secuturas
1500 2302 1631 2379 strages
1645 2289 1831 2381 tristesque
1845 2287 1979 2370 ruina's,

1195 2383 1313 2479 Atque
1329 2401 1410 2457 tuae
1427 2388 1568 2473 retulit,
1592 2386 1738 2475 Carole,
1763 2391 1863 2478 signa
1879 2387 1986 2458 necis.

1143 2486 1308 2557 Proxima
1323 2487 1380 2556 vix
1395 2513 1434 2558 ea
1450 2503 1530 2580 post
1543 2491 1706 2561 incendia
1722 2503 1866 2560 venerat
1880 2501 2002 2572 aestas,

1194 2586 1343 2672 Carolus
1358 2586 1543 2661 Helvetico
1559 2615 1678 2661 caesus
1694 2593 1739 2662 ab
1756 2586 1858 2661 hoste
1873 2590 1978 2662 cadit.

1145 2686 1203 2759 Tu
1219 2713 1361 2782 quoqne
1380 2686 1578 2782 Tisiphone
1591 2692 1738 2773 mundi,
1765 2703 1803 2762 tu
1817 2693 1916 2761 dirus
1930 2691 2072 2769 alastor‚

1196 2789 1312 2860 Testis
1326 2804 1360 2860 et
1376 2791 1539 2862 immensi
1557 2793 1634 2879 iar,
1659 2788 1883 2877 Mahomete,
1907 2791 2003 2874 mali,

1144 2888 1255 2960 Panlo
1272 2905 1350 2980 post
1363 2893 1502 2982 fugiens
1518 2895 1672 2966 cecidisti
1687 2891 1877 2989 Hydrunte
1893 2893 2027 2964 relicta:

1194 2991 1356 3063 Tandem
1372 2990 1595 3084 blasphemos
1609 2996 1778 3087 opprimit
1794 2997 1845 3065 ira
1861 2992 1941 3069 Dei.

1143 3090 1248 3163 Nunc
1277 3119 1418 3189 quoque
1443 3091 1669 3190 blasphemos
1698 3110 1842 3190 tangent
1857 3093 1893 3191 ²)
1924 3094 2130 3190 Turcosque

1656 3197 1860 3292 Papamque

1195 3292 1447 3388 Adproperans
1461 3297 1621 3372 Nemesis
1635 3300 1878 3394 iudiciumque
1892 3297 1970 3378 Dei.

1143 3394 1316 3486 Dogmata
1332 3401 1511 3487 turbabit,
1536 3402 1663 3494 passim
1678 3402 1892 3471 sterilescere
1907 3426 2047 3492 campos

1193 3498 1322 3588 Coget,
1347 3514 1382 3571 et
1397 3504 1546 3574 adducet
1561 3516 1720 3590 tempora
1737 3503 1825 3572 dura
1840 3501 1941 3571 samis
1954 3500 1966 3533 ’
1975 3499 2001 3596 ).

1146 3597 1214 3668 Sed
1230 3624 1440 3692 quaeramus
1457 3627 1560 3693 opem
1577 3603 1768 3686 divinitus,
1793 3617 1897 3696 atque
1914 3627 2097 3694 precemur

1198 3699 1353 3771 Aeterno
1371 3719 1515 3790 gnatum
1531 3707 1575 3774 de
1592 3704 1752 3794 genitore
1767 3696 1891 3803 λόγον.

1146 3799 1259 3870 Filius
1275 3805 1408 3872 aeterni
1424 3797 1548 3904 λόγος,
1575 3806 1775 3899 effigiesque
1790 3805 1954 3896 parentis,

1197 3899 1371 3974 Assiduus
1385 3922 1501 3978 custos
1517 3907 1667 3997 agminis
1680 3908 1755 4005 ipse
1767 3908 1845 3991 sui,

1145 4003 1318 4075 Defendet
1335 4023 1473 4079 sanctos
1488 4009 1583 4079 inter
1597 4005 1687 4078 mala
1704 4009 1855 4099 plurima
1871 4008 2009 4094 mundi,

1195 4105 1269 4193 Qui
1287 4108 1406 4177 mitem
1423 4113 1615 4180 totocorde
1629 4123 1818 4201 precantur
1831 4134 1946 4201 opem.

1144 4203 1237 4277 Cura
1253 4208 1300 4278 sit
1313 4209 1444 4280 interea
1464 4212 1571 4280 vitam
1588 4212 1736 4282 coluisse
1751 4214 1944 4281 modestam

1196 4304 1379 4381 Omnibus
1395 4329 1426 4380 et
1446 4313 1544 4382 verbi
1562 4314 1696 4383 discere
1712 4313 1789 4382 iura
1803 4313 1903 4380 sacri.
2056 4393 2063 4400 ⁸

1144 4407 1239 4479 Dent
1252 4411 1356 4480 etiam
1372 4413 1476 4482 solito
1493 4414 1596 4484 nobis
1612 4437 1674 4483 sua
1692 4416 1837 4493 nomine
1853 4436 1966 4500 more,

1194 4509 1388 4582 Censuram
1404 4515 1511 4584 studii
1527 4516 1587 4609 qni
1603 4516 1752 4586 subiisse
1768 4515 1905 4589 volunt.

1142 4610 1224 4681 Non
1240 4614 1343 4683 labor
1357 4609 1412 4684 his
1428 4618 1538 4687 decrit
1553 4629 1691 4702 noster,
1715 4640 1780 4685 nec
1796 4617 1908 4685 amica
1924 4616 2101 4704 voluntas,

1193 4712 1341 4807 Semper
1356 4731 1389 4786 et
1405 4719 1557 4807 ingeniis
1573 4718 1728 4788 officiosa
1747 4718 1852 4787 bonis
1867 4712 1909 4810 ⁴).

1175 4907 1204 4967 2)
1224 4909 1356 4978 tongent]
1374 4909 1474 4964 arclret.
1491 4919 1584 4977 anget.
1682 4923 1685 4930 '

1175 4990 1204 5056 5)
1229 4991 1283 5045 Pro
1300 4994 1348 5047 Do
1367 5005 1447 5046 moto
1473 4995 1650 5048 turbabit-
1672 5019 1702 5032 -
1726 4993 1803 5046 dura
1818 4991 1915 5064 samis
1938 4996 2077 5071 archetypi.
2103 5011 2130 5055 et

1210 5059 1270 5115 Ser.
1294 5064 1369 5131 puls.
1388 5063 1500 5117 babent:

1279 5146 1311 5196 Et
1325 5157 1426 5217 segetes
1441 5146 1538 5216 passim
1551 5144 1631 5200 siccis
1646 5144 1800 5201 morientur
1812 5147 1955 5221 inberbis,

1312 5215 1346 5266 lit
1358 5214 1422 5267 lient
1437 5213 1528 5269 multis
1541 5213 1615 5268 arida
1629 5216 1753 5268 membra
1765 5215 1847 5274 lasne.

1175 5295 1204 5365 4)
1224 5297 1326 5351 Versus
1341 5305 1491 5369 postremos
1502 5297 1567 5355 intle
1580 5317 1608 5354 at
1631 5301 1711 5357 Dent
1722 5304 1810 5356 etlam
1822 5299 1906 5359 rolt'to
1918 5314 1987 5372 etc,
2005 5303 2128 5365 Vincen-

1212 5367 1265 5421 tius
1279 5386 1336 5421 non
1349 5365 1434 5421 dedit.
