4748 6022
289 341 366 417 295
649 335 904 416 SCRIPTA
942 335 1016 416 AD
1047 335 1243 413 Vl'l'AM
1275 334 1351 412 ΕΤ
1384 332 1623 413 ostrum
1656 331 1958 420 Manlum
2253 347 2337 425 290

289 530 326 588 et
339 512 508 598 illustris,
531 523 674 604 ntopos
694 532 769 583 non
789 512 837 584 sit
855 511 1080 606 splendorem
1098 511 1286 587 Orationis
1335 506 1569 596 Germaniae,
1607 507 1685 581 lmo
1718 511 1845 580 mundi
1868 515 2009 606 potius,
2041 516 2081 586 iu
2105 512 2172 590 ltsc
2194 516 2333 595 vicinia

290 612 478 700 adbibere,
504 609 601 711 (Hoc
625 615 721 686 enim
738 615 837 687 aliud
857 637 933 685 non
948 629 1057 703 esset,
1083 643 1189 712 quam
1208 615 1286 690 Soli
1339 625 1458 683 ortum
1484 634 1576 682 esse:
1620 609 1692 684 Sed
1717 614 1938 703 gratulemur
1964 619 2087 706 nobis,
2121 633 2158 692 et
2178 616 2332 707 Patriae,

289 720 413 790 lumen
430 716 596 812 addere),
623 719 685 790 sed
710 731 850 791 tantum
865 717 1014 800 veritas,
1036 731 1071 790 et
1085 722 1181 792 bona
1200 721 1286 792 fides
1336 717 1434 809 quod
1450 715 1556 785 talem
1575 713 1708 801 civem,
1733 738 1810 785 non
1825 719 1933 790 nobis
1945 724 2075 809 modo,
2098 725 2330 796 verumetiam

190 825 194 839 “
291 845 386 893 ame
399 819 641 915 requirantur.
1337 817 1403 887 toti
1425 817 1507 888 orbi
1528 810 1755 903 Christiano,
1789 819 1891 891 cuius
1913 824 2106 907 memoria,
2139 839 2175 898 et
2201 851 2330 899 mono-

1336 931 1466 1005 menta,
1481 918 1614 1000 vivent,
1628 920 1812 1010 vigebunt,
1832 934 1869 994 et
1881 923 2062 1000 florebunt
2074 929 2170 1021 apud
2189 950 2329 1000 omnem

394 1017 562 1115 Optarim
576 1037 711 1109 autem,
740 1023 770 1095 si
787 1024 835 1095 ita
852 1024 929 1096 Deo
947 1019 1036 1118 Opt.
1051 1022 1150 1098 Max.
1168 1026 1284 1096 visum
1337 1022 1599 1115 posteritatem,
1625 1023 1846 1114 produxerit.

292 1123 434 1211 fuisset,
463 1139 505 1197 ut
522 1125 605 1195 vivo
627 1127 746 1217 potius
765 1125 811 1202 D.
832 1122 1022 1220 Philippo,
1051 1150 1148 1215 eam,
1178 1151 1285 1223 quam

294 1227 407 1320 ipsius
424 1250 504 1317 erga
517 1223 726 1314 Ecclesiam,
750 1225 930 1322 Rempub.
946 1229 1159 1312 literariam,
1180 1244 1214 1301 et
1229 1254 1287 1300 me
1439 1219 1554 1296 Ortus
1588 1240 1640 1297 est
1672 1239 1792 1298 antem
1817 1228 2043 1320 parentibus,
2082 1229 2146 1323 qui
2179 1222 2330 1302 honesto

293 1329 459 1423 privatim
484 1329 653 1400 beneficia
678 1332 876 1422 postulant,
901 1331 1155 1423 gratitudinem
1180 1357 1285 1426 prae-
1337 1327 1432 1419 apud
1446 1349 1530 1398 suos
1543 1328 1622 1399 loeo
1635 1328 1751 1400 fuere:
1774 1330 1867 1403 sicut
1883 1332 2080 1403 etiamnum
2095 1325 2205 1402 hodie
2219 1333 2330 1404 irater

181 1462 185 1474 2
294 1446 387 1504 stare
401 1433 613 1525 potuissem,
640 1456 746 1526 quam
763 1456 844 1524 erga
863 1434 936 1506 vita
952 1428 1018 1504 hac
1038 1436 1202 1507 functum
1218 1430 1286 1507 boc
1337 1429 1449 1521 ipsius
1470 1421 1655 1524 Georgius
1677 1429 1957 1526 dettttttuttb
1982 1433 2060 1505 illic
2079 1431 2331 1524 Magistratum

295 1533 534 1629 qualicunque
562 1534 680 1604 officio
711 1535 872 1607 animum
903 1549 1066 1608 nostrum
1096 1538 1285 1612 declarare,
1336 1530 1438 1622 gerit.
1473 1530 1592 1603 Mater
1606 1533 1779 1625 sapientia
1794 1537 2004 1608 admiranda
2019 1535 2058 1604 in
2072 1547 2146 1607 tota
2161 1522 2225 1606 ills
2239 1535 2331 1605 vici-

155 1644 160 1652 '
294 1634 388 1706 Vere
413 1636 509 1706 enim
531 1637 707 1707 affirmare
727 1660 889 1730 possum,
924 1633 1018 1709 nihil
1042 1632 1132 1710 mihi
1157 1640 1197 1709 iu
1219 1635 1286 1711 hac
1337 1633 1398 1703 nia
1419 1634 1602 1721 excelluit,
1634 1635 1729 1708 clara
1750 1649 1784 1708 et
1808 1638 1958 1712 celebris
1978 1638 2058 1715 tuit.
2107 1636 2178 1710 Sed
2203 1638 2249 1707 de
2272 1632 2332 1709 his

294 1738 367 1812 vita
384 1739 519 1810 tristius
535 1738 694 1809 accidere
708 1740 865 1833 potuisse
887 1735 955 1812 hoc
972 1743 1105 1812 nuncio
1124 1744 1169 1813 de
1184 1742 1286 1814 obitu
1338 1759 1413 1805 non
1431 1760 1520 1829 opus
1542 1750 1594 1808 est
1613 1738 1715 1828 plura
1730 1740 1874 1812 addere.
1922 1738 2015 1812 Nam
2037 1738 2069 1810 si
2092 1739 2245 1809 maxime
2262 1741 2331 1811 ob-

296 1842 390 1913 tanti
405 1840 496 1926 viri,
517 1864 589 1934 quo
604 1840 653 1912 ita
669 1856 913 1915 consternatus
928 1866 1019 1929 sum,
1044 1858 1084 1916 ut
1097 1867 1214 1940 neque
1229 1868 1287 1915 me
1337 1838 1450 1910 scuris
1475 1853 1579 1911 natus
1601 1855 1691 1912 esset
1714 1840 1934 1927 Maioribus,
1965 1854 2085 1913 tamen
2106 1841 2239 1913 virtute
2264 1864 2332 1914 sua

296 1943 413 2035 ipsum
441 1943 625 2033 colligere,
656 1967 772 2041 neque
799 1945 960 2018 animum
983 1946 1029 2016 ad
1058 1948 1287 2038 cogitandum
1337 1942 1386 2011 ita
1408 1941 1481 2011 illis
1502 1943 1695 2036 praeluxit,
1727 1958 1769 2016 ut
1788 1945 1818 2014 si
1840 1946 1940 2039 prius
1964 1945 2043 2016 noti
2067 1966 2141 2013 non
2165 1945 2332 2032 fuissent,

295 2045 483 2118 instituere
496 2045 686 2136 potuerim.
738 2045 823 2118 ldeo
841 2048 981 2118 veniam
995 2043 1086 2118 mihi
1100 2051 1177 2120 dari
1193 2063 1288 2144 peto,
1338 2065 1408 2114 ase
1421 2042 1565 2137 initium
1578 2046 1771 2118 memoriae
1786 2069 1870 2118 suae
1885 2047 2098 2138 accepissent
2111 2044 2329 2140 (libctenim

295 2147 328 2217 si
359 2147 595 2239 expectationi
613 2160 755 2219 ‚vestrae
785 2172 861 2221 nou
891 2151 1118 2244 responderit
1139 2148 1288 2238 Oratio,
1337 2145 1454 2218 verbis
1468 2143 1652 2217 Ciceronis
1667 2145 1738 2244 uti)
1757 2174 1799 2221 ac
1821 2150 1936 2223 multo
1952 2148 2060 2220 satius
2075 2150 2146 2233 cst,
2171 2149 2330 2241 ΡΝΡῑῖῑ*

295 2272 412 2342 neque
434 2249 644 2338 elegantiam
666 2263 701 2320 et
724 2252 1102 2347 splendorem‚-quem
1117 2268 1153 2326 et
1167 2278 1288 2348 perso.
1338 2247 1530 2320 virtutibus
1551 2250 1697 2338 florere,
1729 2275 1837 2347 quam
1867 2254 2044 2323 maiorum
2072 2251 2261 2341 opinione,
2295 2265 2334 2338 et

294 2372 360 2432 na,
385 2352 431 2421 de
453 2375 523 2444 qua
546 2352 696 2439 dicitur,
717 2366 753 2425 et
774 2356 974 2447 argumenti
996 2357 1150 2446 gravitas
1166 2381 1207 2428 ae
1221 2381 1286 2427 va·
1337 2349 1554 2440 imaginibus
1570 2365 1708 2423 tantum
1728 2353 1813 2438 niti,
1845 2367 1880 2425 et
1895 2353 2046 2445 posteris
2062 2352 2207 2424 initium
2221 2353 2331 2425 nobi-

295 2452 402 2524 rietas
417 2453 584 2547 requirit,
608 2449 808 2528 adhibeam.
1337 2451 1446 2523 litatis
1461 2455 1640 2545 praebere,
1663 2479 1769 2548 quam
1783 2452 1930 2528 aliunde
1945 2468 2141 2546 acceptum,
2163 2454 2235 2525 vita
2248 2467 2330 2526 tur·

1336 2554 1430 2647 piter
1444 2571 1537 2638 acta,
1562 2557 1726 2627 tenebras
1737 2557 1935 2630 offundere.
1982 2553 2073 2627 Cum
2090 2554 2200 2647 igitur
2213 2556 2329 2628 iacul-

396 2655 480 2728 Non
491 2660 676 2752 instituam
691 2671 809 2730 autem
825 2657 1044 2735 Graecorum
1062 2685 1163 2732 more
1176 2685 1287 2754 pane·
1337 2670 1424 2728 tates
1439 2657 1511 2728 illis
1524 2659 1720 2729 mediocres
1735 2670 1860 2744 essent,
1881 2655 2028 2732 honeste
2043 2658 2161 2745 etiam,
2187 2660 2222 2730 et
2234 2659 2328 2730 libe·

295 2758 451 2856 gyricam
466 2760 728 2847 laudationem,
754 2764 816 2832 sed
829 2776 975 2855 propter
992 2760 1155 2835 luniorcs
1172 2760 1286 2835 histo-
1335 2758 1457 2830 raliter
1470 2756 1583 2830 hlium
1599 2761 1741 2831 educari
1755 2771 1980 2844 curaverunt,
2005 2774 2039 2832 et
2052 2762 2097 2832 ad
2111 2760 2229 2833 studia
2242 2761 2329 2834 lite-

293 2863 383 2932 riam
405 2862 499 2934 vitae
522 2864 678 2936 breviter
698 2863 856 2937 recitabo
877 2866 973 2937 etde
993 2866 1139 2954 studiis,
1165 2866 1287 2938 erudi·
1335 2885 1457 2932 rarum
1472 2856 1734 2951 adhibuerunt,
1759 2888 1910 2958 quarum
1933 2863 2137 2935 rudimenta
2154 2863 2271 2956 prima
2286 2864 2328 2936 in

295 2965 413 3051 tione,
438 2981 472 3038 ct
491 2967 630 3060 scriptis
651 2968 786 3052 dicam,
812 2991 921 3061 pauca
938 2971 1112 3062 quaedam
1130 2970 1174 3039 de
1190 2970 1285 3040 mul·
1336 2964 1449 3055 patria
1465 2966 1542 3035 sine
1559 2967 1706 3058 negocio
1723 2966 1869 3053 didicit,
1891 2980 1931 3039 ut
1952 2986 2075 3034 omnes
2091 2989 2190 3059 spem
2211 2966 2329 3037 maxi·

295 3067 341 3138 tis
361 3067 558 3164 attingens,
585 3082 620 3140 et
640 3069 743 3162 quasi
763 3073 889 3162 procul
908 3073 1115 3143 ostendens:
1143 3070 1285 3162 Quibus
1335 3090 1428 3136 mam
1451 3068 1495 3137 de
1515 3067 1593 3160 ipso
1620 3070 1857 3161 conciperent.
1908 3060 2011 3142 Nihil
2033 3068 2128 3138 enim
2146 3067 2329 3141 mediocre

295 3168 428 3239 deinde
452 3170 627 3242 nonnulla
644 3174 689 3242 de
705 3173 888 3245 doctrinae
908 3195 1055 3264 genere,
1081 3177 1178 3268 quod
1199 3199 1284 3267 pro-
1334 3169 1518 3260 ingenium
1537 3171 1640 3263 pueri
1659 3172 1905 3264 pollicebatur.

293 3271 407 3341 fessus
423 3287 492 3358 est,
516 3274 723 3360 subiiciam,
747 3286 788 3345 ut
803 3276 1011 3346 memoriam
1032 3277 1144 3370 ipsius
1167 3272 1286 3348 hono·

293 3372 391 3443 cilice
404 3397 670 3473 conservemus,
695 3390 731 3447 et
747 3401 872 3449 omnes
891 3378 1092 3471 intelligant
1106 3392 1224 3471 grata,
1250 3395 1285 3450 et
1434 3371 1574 3445 Deinde
1587 3397 1671 3445 vero
1685 3375 1730 3444 ad
1745 3389 1882 3468 portam
1891 3372 2096 3462 Herciniae,
2120 3375 2179 3446 cui
2191 3389 2326 3449 nomen

293 3475 447 3548 iucunda
461 3479 568 3548 nobis
582 3479 693 3572 ipsius
706 3480 814 3551 fuisse
830 3480 958 3555 officia.
1011 3482 1181 3575 Acspem
1197 3477 1285 3552 haec
1334 3488 1385 3547 est
1399 3475 1606 3568 Dfotbbtlttt,
1631 3479 1879 3570 aparentibus
1901 3493 1951 3550 est
1971 3480 2117 3564 missus,
2142 3478 2206 3550 nbi
2228 3481 2327 3573 apud

294 3579 517 3651 auditoribus
538 3582 616 3653 sore
632 3582 752 3653 utilia:
776 3581 868 3654 Nam
887 3598 922 3655 et
935 3585 982 3654 de
994 3584 1156 3657 doctrina
1171 3585 1284 3656 multa
1333 3602 1490 3650 sororem
1509 3568 1722 3676 Capnionis
1737 3596 1921 3674 cognatam
1944 3581 2051 3666 vixit,
2082 3593 2118 3651 et
2137 3579 2213 3652 illic
2227 3583 2325 3674 apud

293 3696 462 3768 monent,
485 3695 519 3754 et
542 3685 701 3775 exempla
724 3686 816 3756 vitae
837 3685 990 3758 illustria
1014 3689 1199 3774 omnibus,
1225 3687 1284 3757 in·
1334 3679 1529 3772 Georgium
1544 3678 1765 3771 Simlersim,
1789 3685 1851 3779 qui
1865 3697 1986 3776 postea
2004 3679 2063 3754 hic
2085 3682 2241 3775 primurn
2256 3684 2325 3755 bo-

292 3784 419 3876 primis
435 3809 518 3856 vero
536 3786 722 3873 studiosis,
746 3788 849 3858 utilia
864 3788 1060 3864 continent.
1332 3807 1396 3854 nas
1418 3797 1528 3866 artes,
1553 3787 1684 3857 deinde
1704 3801 1739 3858 et
1756 3785 1837 3858 lura
1861 3787 2040 3881 professus
2062 3799 2131 3872 est,
2158 3808 2198 3855 ac
2215 3783 2325 3857 loan-

801 3960 806 3967 ,
1062 3877 1069 3891 ’
1333 3910 1415 3955 nem
1440 3881 1763 3985 Hildeprandum,
1794 3891 1890 3962 viros
1914 3887 2192 3972 emditissimos,
2220 3887 2324 3958 Lati-

393 3987 443 4063 Et
458 4004 499 4061 ut
519 3991 643 4074 initio,
669 4015 769 4063 more
790 3990 896 4063 solito
916 3994 1089 4086 quaedam
1103 3993 1149 4062 de
1169 3992 1283 4084 patria
1332 4012 1399 4059 nae
1421 4003 1454 4060 et
1472 3987 1629 4061 Graecae
1650 3992 1794 4082 linguae
1812 3992 1974 4064 exercitia
1993 3986 2132 4073 habuit,
2157 3990 2255 4082 quod
2276 3992 2325 4062 ad

292 4093 421 4162 dicam.
479 4092 593 4165 Natus
629 4109 683 4166 est
715 4093 762 4166 D.
791 4087 993 4193 Philippus
1017 4095 1057 4164 in
1082 4092 1284 4166 Palatinstu
1332 4116 1398 4163 nos
1411 4092 1486 4186 ipse
1501 4116 1597 4165 anno
1612 4094 1787 4188 superiori
1804 4093 1952 4169 Calend.
1968 4090 2220 4183 Maiiscripsit.
2330 4128 2333 4132 ‡

290 4196 335 4264 ad
372 4189 562 4280 Rhenum,
613 4190 761 4290 Oppido
799 4195 941 4286 Bretta,
988 4193 1098 4268 Anno
1130 4197 1282 4270 Domini

291 4292 643 4368 MCCCCXCVD.
665 4300 815 4372 minutis
832 4324 893 4371 sex
916 4315 996 4395 post
1023 4295 1149 4372 horam
1171 4299 1281 4390 septi·
1434 4297 1523 4371 lude
1545 4296 1817 4391 Heidelbergam
1850 4300 1894 4369 ad
1916 4298 2069 4391 vicinam
2093 4291 2325 4368 Academiam
2365 4347 2370 4355 -

289 4422 385 4468 mam
416 4399 717 4490 pomeridianam,
748 4403 807 4472 die
831 4403 1062 4475 decimasexta
1082 4399 1279 4472 Februarii.
1330 4403 1441 4473 asuis
1464 4403 1516 4473 cst
1540 4403 1731 4492 ablegatus.
1781 4399 1975 4473 Florebant
1995 4400 2091 4472 enim
2107 4397 2184 4468 illic
2202 4399 2323 4472 studia

289 4499 407 4573 Locus
433 4501 630 4572 nativitatis
653 4527 728 4573 non
755 4507 881 4597 procul
911 4501 998 4576 hinc
1023 4505 1149 4588 distat,
1183 4506 1280 4597 quod
1330 4503 1533 4586 literarum,
1565 4518 1605 4575 ut
1627 4504 1689 4575 illa
1716 4504 1878 4574 serebant
1900 4517 2061 4596 tempora
2085 4501 2323 4574 mediocriter.

288 4605 402 4691 scitis,
427 4621 468 4679 ut
487 4605 595 4676 nobis
616 4606 722 4677 etiam
739 4630 820 4678 eum
838 4610 1026 4680 vendicare
1042 4628 1143 4699 posse
1159 4606 1280 4677 videa·
1330 4604 1401 4678 Ubi
1418 4620 1453 4678 et
1468 4606 1620 4699 primam
1635 4607 1791 4676 lauream
1809 4619 1860 4678 est
1875 4619 2095 4678 consecutus.

288 4731 388 4793 mur,
414 4709 616 4800 praesertim
632 4731 713 4803 cum
729 4725 850 4804 postea
872 4706 932 4781 hic
945 4709 1090 4793 vixerit,
1113 4708 1281 4781 didicerit

288 4824 323 4882 ‘et
346 4811 527 4893 docuerit,
558 4814 603 4883 de
633 4837 706 4908 quo
736 4815 844 4906 paulo
873 4826 963 4905 post.
1022 4810 1162 4884 Scimus
1190 4811 1295 4902 olim,
1429 4808 1554 4882 Postea
1575 4809 1724 4880 consilio
1744 4806 1939 4883 Reuchlini
1958 4809 2130 4900 cognati,
2149 4808 2212 4904 qui
2234 4832 2318 4879 enm

284 4914 415 4986 multas
432 4911 602 4984 Graeciae
624 4915 782 4987 civitates
799 4917 843 4986 de
858 4911 1017 4986 Homero
1039 4927 1181 4986 mortuo
1196 4937 1278 4985 cer·
1326 4936 1401 4984 non
1416 4913 1488 4984 nisi
1509 4910 1574 4982 filii
1596 4912 1743 4982 nomine
1765 4914 1973 5008 appellavit,
1993 4926 2028 4984 et
2044 4910 2190 4983 Simleri
2214 4932 2320 5001 prae-

285 5030 393 5102 tasse,
434 5015 584 5106 singulis
609 5018 722 5088 civem
748 5042 872 5104 suum,
911 5018 1062 5110 etapud
1088 5029 1275 5088 senatum
1325 5017 1477 5108 ceptoris
1501 5014 1705 5109 Tubingam
1724 5018 1833 5090 venit.
1893 5015 1981 5088 Fuit
1999 5026 2119 5088 autem
2132 5005 2319 5083 Reactte

285 5118 424 5212 magnis
444 5117 737 5191 contentionibus
758 5121 1012 5194 asserentibus:
1039 5121 1134 5214 quod
1161 5120 1277 5212 pluri·
1325 5140 1416 5205 nus,
1450 5132 1491 5189 ut
1509 5112 1577 5190 hoc
1594 5142 1737 5212 quoqne
1760 5121 1879 5192 obiter
1902 5120 2051 5205 addam,
2083 5139 2164 5187 cum
2186 5114 2225 5185 in
2247 5109 2319 5187 hac

283 5247 383 5296 mum
399 5222 515 5294 laudis
532 5213 618 5291 binc
630 5217 772 5292 Patriae
786 5249 869 5297 suae
885 5227 1049 5297 accedere
1064 5223 1276 5308 iudicarent,
1323 5216 1454 5293 Schola
1468 5219 1668 5293 Hebraeam
1682 5221 1840 5312 linguam
1857 5222 1904 5293 sit
1920 5221 2116 5314 professus,
2139 5230 2174 5290 et
2190 5216 2229 5286 in
2245 5211 2318 5290 hoc

283 5326 408 5407 talem,
443 5337 478 5397 et
497 5334 639 5395 tantum
659 5323 779 5394 virum
800 5325 842 5394 'in
868 5349 931 5397 sua
954 5327 1097 5399 civitate
1120 5326 1160 5394 in
1182 5319 1275 5396 hanc
1322 5324 1451 5394 ducatu
1478 5339 1659 5410 mortuns,
1686 5324 1823 5416 primus
1846 5324 1910 5418 qui
1932 5321 2090 5396 studium
2105 5317 2263 5391 Graecae
2278 5332 2317 5392 et

282 5427 397 5498 lucem
414 5428 572 5500 aeditum
596 5447 681 5499 esse.
734 5422 809 5496 Nec
828 5449 895 5497 nos
916 5428 1027 5518 igitur
1042 5429 1081 5499 in
1097 5441 1273 5520 postrema
1321 5420 1505 5496 Hebraeae
1518 5425 1713 5517 linguaein
1728 5421 1923 5498 Germania
1938 5423 2113 5497 excitavit.
2162 5417 2315 5494 Etcum

280 5529 502 5619 foelicitatis,
537 5543 573 5602 et
598 5528 715 5603 laudis
736 5542 839 5624 parte
861 5552 1035 5624 ponemus
1058 5531 1181 5601 lumen
1204 5523 1274 5602 hoe
1320 5523 1477 5600 Romam
1490 5552 1511 5600 s
1525 5522 1695 5622 Philippo
1708 5523 1872 5602 Palatino
1888 5529 1928 5602 in
1952 5525 2102 5619 negocio
2119 5526 2166 5598 de
2184 5523 2315 5597 coniu-
