4748 6022
168 314 245 391 898
766 304 1200 402 Quassrtontts
1235 300 1641 385 ACADEMICAE.
2131 309 2226 384 894·

171 492 232 560 liat
257 489 443 585 deinceps,
487 504 522 562 et
546 503 668 562 nostra
703 513 810 583 opera
837 488 983 559 utiliter
999 479 1182 559 inserviat
1217 483 1480 556 nis'ldefinitam
1514 481 1735 559 sententiam.
1794 481 1854 559 Sic
1874 486 1970 558 enim
1996 485 2214 560 Viennensis

171 589 351 665 Ecclesiae
373 608 409 666 et
433 594 566 684 gloriae
588 594 652 663 tilii
675 592 761 680 Dei,
792 605 827 664 et
851 604 911 661 tua
928 605 1088 662 senectus
1105 615 1168 661 ac·
1217 589 1279 658 ille
1295 612 1456 680 expresse
1471 589 1640 683 loquitur.

173 696 353 789 quiescere
377 698 487 788 possit
510 696 549 765 iu
572 696 721 781 nostris,
754 710 788 767 et
807 693 964 769 familiae
987 708 1067 764 tuae
1083 694 1164 764 uni-
1304 690 1513 780 ¹Doleamus
1544 692 1675 762 talibus
1702 688 1933 784 blasphemiis
1968 692 2088 782 augeri
2120 693 2211 763 iram

172 821 294 869 versae
309 813 343 869 et
358 800 554 869 amicorum
570 812 713 869 tuorum
727 797 974 869 constantibus
989 797 1116 866 studiis
1133 808 1167 865 et
1217 790 1306 878 Dei,
1332 809 1365 864 et
1387 796 1614 864 ostendamus
1637 809 1695 864 eas
1716 795 1822 865 nobis
1841 795 2048 888 displicere,
2073 820 2112 865 ac
2129 818 2212 889 pre-

172 901 298 971 officiis
308 902 509 971 domesticis
523 916 557 973 et
569 900 741 987 externis,
760 925 824 970 oro
834 914 1016 970 aeternum
1025 896 1166 968 Patrem
1218 919 1338 965 cemur
1353 894 1488 981 Deum,
1510 908 1553 965 ut
1566 919 1697 987 poenas
1712 920 1731 966 a
1752 899 1856 966 nobis
1871 912 2016 971 avertat.

134 1065 138 1069 ,
171 998 322 1071 Domini
338 994 691 1078 nostrilesquristi.
742 999 909 1074 Eundem
922 1026 985 1071 oro
1002 1001 1166 1071 uttediu
1320 995 1417 1087 Quid
1439 998 1535 1067 enim
1551 999 1649 1068 aliud
1672 1010 1784 1089 agunt
1797 1000 1880 1070 isti?
1913 1023 2020 1094 quam
2041 1010 2081 1070 ut
2096 998 2212 1068 deleta

168 1099 351 1175 Ecclesiae
372 1127 456 1175 suae
477 1118 512 1177 et
535 1105 639 1176 nobis
665 1104 842 1176 universis
869 1117 1069 1188 conservet,
1104 1103 1166 1196 qni
1219 1124 1303 1169 voce
1319 1102 1440 1171 divina
1463 1102 1678 1170 concedatur
1691 1104 1916 1192 potentibus,
1941 1117 1981 1174 ut
1999 1103 2040 1171 in
2053 1096 2212 1171 Ecclesia

171 1229 266 1276 unus
290 1203 354 1276 hac
373 1221 484 1280 aetate
506 1221 541 1277 et
563 1202 619 1277 his
644 1208 782 1279 viribus
801 1202 946 1276 cohibes
971 1207 1166 1275 multorum
1218 1204 1392 1274 collocent
1408 1202 1526 1288 Idola,
1552 1215 1588 1273 et
1602 1202 1739 1292 lingant
1760 1206 1923 1294 dogmata
1939 1220 1979 1276 ut
1995 1205 2100 1286 libet,
2121 1201 2212 1272 sicut

171 1307 453 1400 improbitatem,
480 1334 633 1403 quocum
656 1311 686 1380 si
703 1311 765 1405 qui
787 1322 871 1378 sunt
885 1307 1167 1401 impotentiores,
1217 1307 1377 1376 lecerunt
1407 1300 1730 1390 Nabochdonosor,
1764 1301 1988 1394 Antiochus,
2020 1297 2212 1377 Mahome-

171 1433 295 1481 eorum
310 1413 412 1481 furor
426 1433 615 1502 erumpens
630 1425 663 1482 et
677 1413 751 1505 ipse
766 1433 841 1481 sese
855 1409 1032 1495 retundit,
1056 1424 1090 1481 et
1103 1433 1167 1501 per
1217 1420 1274 1478 tus
1289 1422 1321 1478 et
1338 1408 1410 1481 alii.
1469 1406 1530 1478 Sic
1546 1409 1744 1478 detendunt
1766 1402 1835 1479 hoc
1852 1422 2010 1500 tempore
2023 1406 2213 1479 Pontificio

170 1527 205 1584 te
219 1513 265 1582 ab
283 1509 442 1583 Ecclesia
456 1509 610 1595 Christi,
637 1515 666 1583 si
691 1515 764 1584 vita
787 1512 1040 1604 suppeditarit,
1063 1513 1165 1588 facite
1218 1507 1316 1579 Idola
1335 1511 1507 1601 plurima,
1533 1511 1615 1602 quia
1632 1511 1856 1583 autoritatem
1873 1510 2095 1583 Pontificiam
2111 1521 2214 1580 ante-

169 1614 431 1706 profligabitur.
482 1613 636 1710 Reliqua
647 1617 811 1709 precibus
827 1616 897 1687 tuis
909 1614 1166 1686 ardentissimis
1217 1613 1336 1683 lerunt
1353 1613 1524 1704 expressis
1539 1611 1606 1682 Dei
1623 1612 1812 1685 mandatis.
2060 1623 2064 1627 ’

169 1717 316 1787 anobis
338 1732 521 1799 arcentur,
555 1742 645 1813 quae
666 1744 731 1812 pro
753 1715 933 1803 Ecclesia,
964 1715 1169 1809 Republica
1320 1712 1463 1803 Quaero
1481 1714 1604 1805 igitur:
1631 1709 1692 1782 Aa
1707 1737 1840 1784 norma
1855 1710 1988 1785 indicii
2001 1712 2050 1785 sit
2066 1709 2213 1783 verdum

170 1832 205 1889 et
230 1819 367 1911 privata
392 1821 503 1892 salute
529 1835 649 1892 nostra
681 1823 866 1892 excubant.
943 1815 1165 1889 Commendo
1216 1811 1313 1902 Dei,
1340 1841 1392 1886 aa
1417 1840 1497 1886 aero
1519 1810 1740 1910 Pontificum
1765 1815 1976 1888 autoritas?
2024 1814 2165 1887 Deinde
2178 1828 2214 1886 et

170 1935 287 1992 autem
312 1936 347 1994 et
368 1934 466 1993 tuam
491 1937 526 1994 et
548 1925 709 1994 omniurn
734 1912 896 1993 nostrism
919 1922 1067 1991 salutem
1091 1921 1165 1990 lilio
1216 1919 1451 2015 deSynodis:
1487 1913 1703 1990 Vulcanius
1728 1942 1855 1991 aarum
1879 1919 2081 1993 sententiae
2103 1926 2213 1990 anta-

169 2020 239 2094 Dei
260 2023 420 2096 Domino
445 2040 569 2095 nostro
594 2023 673 2094 lesu
694 2019 859 2110 Christo,
885 2023 1023 2094 custodi
1040 2020 1165 2093 Eccle·
1218 2015 1463 2114 ritateRegia
1482 2043 1544 2090 seu
1557 2020 1773 2116 praetoria?

169 2126 242 2196 siae
262 2149 363 2210 snae,
395 2126 458 2218 qui
480 2149 517 2195 se
540 2141 635 2196 certo
660 2127 854 2198 affuturum
872 2127 977 2196 nobis
993 2139 1027 2196 et
1043 2125 1166 2195 defen·
1319 2123 1793 2216 Acprimumargumcntor,
1809 2123 1980 2196 Nor-mam
1995 2124 2212 2196 indiciorum

169 2250 293 2297 surum
319 2248 386 2296 nos
408 2228 572 2319 promisit
591 2231 757 2299 adversus
781 2230 936 2314 furores,
969 2228 1167 2297 insidiaset
1216 2241 1381 2318 oportere
1403 2250 1476 2296 esse
1502 2227 1632 2321 scripta
1656 2223 1868 2319 Prophetica
1895 2240 1930 2298 et
1955 2224 2159 2320 Apostolica
2176 2241 2213 2298 et

169 2327 416 2421 Tyrannidem
440 2326 604 2414 Diaboli,
637 2330 728 2403 sieut
751 2332 858 2401 dixit:
891 2326 964 2401 Ero
982 2330 1164 2399 vobiscum
1216 2328 1406 2423 Symbola,
1449 2330 1532 2422 quia
1568 2353 1728 2420 expresse
1753 2330 1925 2420 scriptum
1951 2344 2023 2401 est:
2067 2328 2106 2400 si
2133 2328 2214 2423 quis

168 2433 348 2523 usquead
371 2433 711 2503 consummationem
735 2433 856 2507 seculi.
915 2429 1020 2502 ltem:
1051 2429 1165 2502 Nemo
1216 2432 1317 2502 aliud
1350 2427 1586 2521 Evangelium
1618 2431 1892 2524 praedicaverit,
1932 2427 2120 2504 anathema
2154 2432 2214 2502 sit.

167 2529 283 2624 rapiet
299 2556 383 2605 oves
396 2556 493 2605 meas
507 2556 548 2605 ex
562 2535 730 2605 manibus
744 2536 845 2606 meis.
896 2532 992 2606 Dixi.
1216 2535 1322 2604 ltcm:
1364 2531 1403 2603 si
1431 2534 1511 2703 qpis
1539 2555 1615 2604 non
1637 2547 1758 2605 manet
1788 2534 1827 2603 iu
1860 2535 2021 2606 doctrina
2053 2522 2214 2619 Christi,
2270 2536 2273 2541 ’

1214 2632 1331 2705 Deum
1351 2658 1427 2704 non
1471 2635 1567 2708 abet.
1833 2641 1836 2647 ’

1317 2736 1519 2831 Loquimur
1540 2751 1658 2810 autem
1686 2739 1731 2809 de
1753 2738 1884 2833 scripto
1906 2740 1983 2809 sine
2009 2734 2214 2831 Sophistica
2313 2816 2318 2834 Ι

170 2870 239 2947 No·
258 2871 322 2947 76·
972 2903 1022 2946 ru.
1044 2876 1139 2944 1550·
1216 2839 1418 2925 intellecto,
1450 2865 1491 2910 ac
1513 2843 1671 2912 nativam
1696 2841 1906 2913 sententiam
1932 2843 2079 2913 retineri
2108 2842 2215 2911 volu-

173 2970 312 2996 w»
945 2970 1158 3006 sem
1215 2965 1314 3030 mus,
1340 2967 1414 3013 non
1429 2943 1551 3034 affingi
1566 2943 1768 3015 barbaricas
1790 2940 2215 3039 autSophisticasinter-

239 3071 273 3126 lu
289 3069 419 3137 Onnou.
433 3069 466 3126 Τ,
480 3067 517 3131 v,
528 3089 557 3142 p.
570 3071 623 3127 225
638 3065 680 3144 sq.
708 3069 837 3129 Rtetart.
853 3069 888 3128 Τ.
905 3069 952 3126 nt.
975 3087 1003 3142 p.
1016 3069 1078 3125 sss.
1096 3079 1123 3123 a
1136 3069 1165 3123 tn
1215 3047 1431 3137 pretationes
1452 3059 1650 3138 pugnantes
1674 3070 1755 3117 cum
1772 3046 1968 3139 perspicuis
1986 3043 2215 3131 testimoniis,

274 3140 458 3196 ⁰²⁸¹³⁰¹¹lb⁰³
471 3142 621 3214 postremi·
637 3161 665 3214 t·
678 3143 742 3198 2⁴2·
1216 3170 1306 3240 quae
1317 3160 1436 3217 extant
1454 3148 1492 3216 in
1509 3149 1648 3240 scriptis
1663 3141 1886 3241 Propheticis
1901 3163 1935 3220 et
1949 3145 2177 3244 apostolicis

222 3306 397 3390 omma
428 3267 622 3398 mmm
655 3326 680 3375 α
711 3307 817 3402 May·
849 3306 1115 3375 francisco
1316 3245 1409 3317 Nam
1433 3249 1688 3341 Anabaptistae
1710 3265 1745 3322 et
1772 3251 1922 3335 similes,
1956 3277 2031 3323 non
2057 3252 2215 3324 retinent

536 3405 800 3502 Rapbatle.

1216 3452 1797 3542 tosasopinionesaccommodant;
1817 3479 1898 3523 nam
1907 3452 2128 3527 haecverba:
2143 3452 2213 3527 Du

171 3541 288 3628 Scitis
302 3577 368 3625 nos
380 3579 455 3624 non
471 3556 599 3626 fiducia
613 3554 749 3646 ingenii
765 3567 826 3625 aut
839 3554 1072 3641 erttditiouis,
1097 3550 1167 3626 huc
1215 3551 1321 3623 omni
1341 3551 1497 3650 petenti,
1531 3578 1606 3624 non
1624 3565 1790 3624 evertunt
1810 3556 2074 3629 distinctionem
2093 3559 2213 3628 domi·

170 3657 215 3727 ad
231 3656 422 3727 dicendum
446 3658 609 3749 prodire,
633 3659 692 3724 scd
714 3657 831 3746 legum
846 3659 1051 3738 autoritati,
1076 3682 1166 3752 qua·
1215 3658 1379 3742 nicrum,
1418 3681 1510 3751 quae
1543 3656 1631 3727 alibi
1665 3657 1861 3748 perspicuis
1900 3660 2018 3730 verbis
2053 3683 2213 3752 expresse

169 3784 250 3830 rum
276 3751 447 3829 honestae
467 3773 501 3828 et
524 3760 726 3850 probabiles
750 3783 874 3829 causae
898 3776 1000 3845 sunt,
1027 3763 1166 3831 obtem·
1216 3750 1445 3851 comprobata
1478 3772 1542 3834 est.
1612 3757 1788 3830 Volumus
1822 3760 1931 3850 igitur
1964 3763 2130 3834 accedere
2164 3764 2209 3831 ad

168 3884 309 3955 pecare,
343 3884 414 3953 qua
437 3861 476 3928 in
495 3884 535 3928 re
556 3862 664 3930 officii
686 3862 764 3931 lans
787 3877 866 3946 est,
892 3887 983 3957 qnae
997 3864 1075 3933 sine
1090 3863 1164 3934 ulla
1215 3863 1422 3948 lectionem,
1460 3862 1705 3934 dexteritatem
1739 3862 1778 3930 in
1804 3866 2030 3938 conserendis
2065 3867 2151 3937 locis
2176 3877 2213 3936 et

168 3963 394 4035 dubitatione
420 3961 537 4033 maior
565 3964 677 4033 estin
702 3964 924 4051 iunioribus,
957 3989 1063 4060 quarn
1087 3966 1165 4035 lans
1215 3966 1344 4035 ordine
1366 3965 1636 4037 distribuendis.

167 4067 373 4159 sapientiae.
1316 4067 1387 4139 Sed
1403 4069 1623 4138 contrarium
1639 4082 1888 4159 argumentum
1908 4078 2098 4164 opponunt
2111 4067 2211 4139 Pon·

269 4168 361 4240 Cum
381 4167 491 4257 igitur
515 4166 606 4238 iusta
634 4165 680 4237 sit
702 4168 844 4238 dicendi
868 4192 989 4253 causa,
1023 4183 1103 4258 peto
1126 4183 1165 4240 ut
1215 4169 1325 4241 cilicii.

168 4272 366 4343 orationem
383 4293 498 4338 meam
515 4269 604 4338 boni
619 4269 830 4355 consulatis,
856 4271 1064 4363 praesertim
1084 4294 1165 4342 cnm
1194 4353 1198 4359 Ι
1317 4268 1360 4340 ln
1384 4272 1542 4364 qualibet
1568 4274 1825 4365 gubernatione
1848 4288 1990 4368 oportet
2012 4276 2127 4344 vivam
2147 4294 2212 4343 vo-

109 4419 114 4427 ·
167 4375 387 4467 perfecturus
402 4373 490 4453 sim,
514 4396 559 4441 ne
574 4372 759 4465 prolixitas
777 4374 878 4443 vobis
894 4374 1041 4444 molesta
1056 4374 1113 4447 sit.
1214 4397 1289 4444 cem
1322 4374 1452 4445 iudicis
1485 4368 1616 4446 habere
1649 4398 1822 4447 summam
1846 4380 2089 4461 autoritatem,
2126 4361 2222 4469 quia·

270 4473 368 4561 Quia
387 4500 472 4542 vero
496 4500 593 4545 nunc
619 4475 658 4545 in
674 4470 852 4547 Oratione
872 4472 1008 4547 Decani
1028 4477 1163 4547 dictum
1214 4499 1352 4568 semper
1375 4491 1457 4547 nata
1476 4478 1550 4566 lege
1567 4480 1790 4551 desideratur
1811 4480 2068 4574 interpretatio.
2122 4476 2211 4549 Plu·
2267 4508 2269 4512 ·

169 4589 239 4660 est,
269 4571 464 4645 Ecclesiam
487 4576 524 4645 in
543 4578 646 4648 terris
661 4578 840 4649 visibilem
858 4597 931 4649 esse
950 4593 984 4650 et
1001 4580 1164 4670 oportere
1212 4580 1344 4650 rimnm
1373 4592 1426 4649 est
1454 4581 1648 4654 dubiorum
1684 4583 1722 4652 in
1752 4583 1893 4677 seriptis
1923 4578 2146 4674 Propheticis
2176 4592 2211 4651 et

168 4678 207 4748 in
224 4701 263 4746 ea
282 4675 415 4746 ludieia
432 4699 527 4757 esse,
555 4682 737 4771 proximae
764 4682 989 4777 quaestiones
1015 4695 1099 4754 sunt
1119 4684 1164 4750 de
1214 4678 1441 4773 Apostolicis.
2036 4744 2038 4748 Α

168 4802 295 4850 norma
316 4777 458 4862 iudicii,
491 4790 529 4849 et
547 4804 656 4873 quare
680 4784 820 4856 valeant
842 4783 1005 4856 lodicum
1021 4797 1165 4854 senten·
1312 4780 1409 4873 Ergo
1439 4787 1633 4856 necessaria
1657 4800 1710 4856 est
1736 4787 1813 4853 viva
1838 4808 1904 4852 vox
1926 4783 2075 4868 iudicis,
2105 4796 2140 4854 et
2168 4799 2210 4855 ut

166 4884 256 4963 tiae,
274 4879 334 4951 An
345 4879 487 4950 valeant
501 4892 542 4950 nt
555 4881 594 4949 in
608 4879 805 4975 prophanis
818 4886 963 4957 iudiciis
975 4886 1163 4956 autoritate
1212 4884 1385 4956 finiantur
1408 4888 1690 4970 controversiae,
1727 4906 1867 4954 necesse
1893 4898 1945 4955 est
1971 4880 2064 4956 hanc
2091 4887 2209 4957 valere

164 4982 278 5076 Regia
304 5005 366 5053 seu
391 4982 591 5074 praetoria?
1212 4986 1401 5059 autoritate
1413 4985 1525 5077 Regia
1543 5010 1604 5056 seu
1621 4985 1806 5076 praetoria.

264 5083 320 5156 De
341 5079 397 5154 his
425 5081 693 5178 quaestionibus
709 5110 751 5156 eo
775 5110 873 5158 nnnc
890 5087 1082 5156 dicendum
1099 5099 1162 5171 est,
1313 5087 1411 5160 Haec
1438 5087 1677 5180 plausibiliter
1708 5087 1878 5160 dicuntur
1906 5093 2000 5183 apud
2027 5087 2144 5182 Reges
2173 5103 2209 5161 et

167 5188 250 5284 quia
266 5210 388 5258 recens
406 5185 566 5257 Viennae
577 5180 748 5256 Esauita
762 5187 1024 5281 propositiones
1038 5187 1162 5271 edidit,
1210 5186 1416 5283 Principes,
1448 5192 1509 5260 sed
1529 5202 1703 5283 quatenus
1726 5192 1912 5281 probanda
1927 5193 2019 5280 sint,
2044 5191 2210 5263 conside-

166 5295 206 5362 in
220 5291 351 5387 quibus
365 5313 526 5384 expresse
543 5284 630 5361 haec
645 5293 854 5363 asseveratio
870 5290 999 5383 scripta
1015 5305 1084 5363 est:
1209 5292 1362 5362 randum
1378 5308 1438 5364 est.
1489 5293 1576 5363 Ideo
1593 5287 1685 5363 hane
1700 5294 1942 5383 gravissimam
1962 5295 2208 5388 quaestionem

265 5390 430 5486 lneptum
443 5408 478 5466 et
491 5393 685 5464 ridiculum
701 5414 792 5474 esse,
817 5406 938 5485 petere
952 5417 972 5464 a
987 5395 1160 5486 scriptura
1209 5393 1331 5464 detero
1353 5399 1398 5464 ad
1423 5395 1656 5466 reverendum
1682 5396 1801 5467 virum
1825 5394 2007 5470 Pastorem
2031 5394 2209 5470 Ecclesiae

164 5509 334 5593 tanquam
356 5519 523 5591 supremo
545 5496 665 5569 iudice
678 5494 1000 5569 controversiarum
1016 5497 1161 5588 religio·
1208 5494 1550 5571 nostraeDoctorem
1558 5489 1725 5572 Paulam
1734 5493 1919 5583 Ebernm,
1941 5523 2047 5597 quem
2063 5506 2211 5596 propter

1215 3350 1366 3442 scripta,
1392 3350 1530 3420 etiamsi
1546 3355 1653 3421 verba
1670 3352 1887 3422 calumniose
1909 3358 1953 3426 ad
1970 3379 2051 3426 snas
2068 3370 2214 3447 porten-
2323 3408 2328 3418 ,
