4748 6022
98 306 171 384 sss
830 281 1168 427 recuruum,
1200 236 1305 381 cin.
1332 301 1410 378 111.
2051 309 2128 388 ose

89 472 138 555 Et
153 475 313 547 latebrae
330 472 434 544 nobis
449 473 655 545 subeundae
669 469 825 545 Ecclesia
843 476 916 546 sola
932 491 995 563 est,
1136 473 1247 545 Pestis
1263 474 1458 569 Agrippina
1474 499 1554 547 cum
1569 493 1785 569 grassaretur
1799 482 1837 554 iu
1852 488 1941 558 urbe

140 575 184 650 ln
199 601 270 672 qna
284 572 472 666 Evangelii
488 579 653 666 dogmata
670 599 758 667 pura
775 591 913 673 sonant.
1184 574 1327 668 Eripuit
1343 602 1465 649 saevae
1481 603 1631 672 corpora
1645 583 1757 654 multa
1775 588 1864 660 neci.

88 680 251 778 Namque
266 678 363 751 Deus
378 678 506 750 transit
522 701 585 770 per
601 676 733 749 Mundi
748 679 865 750 secula
881 690 1016 764 cuncta,
1136 675 1175 747 ld
1192 680 1357 750 meritum
1374 680 1464 770 grati
1479 681 1572 752 cives
1587 685 1800 773 meminere,
1824 689 2013 787 feruntque

142 779 191 854 Ut
208 794 329 852 coetus
343 781 483 873 aliquos
500 781 621 871 iungat
637 794 671 851 et
686 779 761 874 ipse
776 781 857 854 sibi.
1183 779 1235 850 Ac
1251 796 1362 868 artem
1379 783 1525 856 laudant
1540 784 1766 882 officiumque
1781 789 1862 861 viri.
2092 768 2101 781 ,

61 884 161 1007 ‘Nec
176 907 287 974 genus
301 879 497 954 humanum
512 883 608 978 quod
623 880 739 972 imago
755 884 881 956 debuit
895 907 969 957 esse
1133 875 1286 953 Dotibus
1300 878 1356 953 his
1372 884 1479 954 tantis
1493 898 1606 956 castos
1619 888 1811 980 adiungere
1826 917 1954 975 mores,

140 984 314 1059 Antorem
332 986 507 1072 reserens,
532 1007 639 1055 omne
654 985 775 1077 pnrire
788 985 883 1056 sinit.
1180 979 1230 1055 Et
1244 985 1380 1057 studuit
1394 1010 1478 1056 vera
1493 1000 1610 1058 mente
1625 989 1750 1061 timere
1764 991 1895 1067 Deum.

89 1089 260 1182 Quosque
270 1089 339 1158 sibi
348 1088 522 1173 adiunxit,
544 1087 637 1159 locat
647 1112 720 1158 uno
733 1088 771 1156 in
781 1088 912 1159 vertice
921 1101 1081 1176 cunctos,
1131 1081 1226 1156 Huic
1247 1100 1367 1158 tamen
1389 1087 1543 1160 extincto
1566 1090 1735 1184 qnidam,
1759 1096 1820 1189 qui
1843 1095 1973 1189 templa
1990 1096 2120 1188 guber.

136 1189 250 1262 Nemo
264 1191 367 1262 illum
382 1214 424 1260 ex
439 1189 507 1260 alia
523 1213 665 1260 cernere
679 1191 762 1259 sede
779 1203 904 1281 potest.
1642 1208 1741 1280 nant,

86 1290 138 1364 Hi
156 1317 277 1364 vocem
294 1307 507 1383 agnoscunt,
529 1304 564 1362 et
578 1292 667 1362 lacta
683 1291 839 1382 ingentia
857 1294 1010 1373 dextrae,
1182 1286 1263 1371 lura
1279 1289 1479 1382 sepulturae
1493 1306 1613 1364 sancta
1629 1293 1817 1391 locumque
1831 1315 1970 1388 negant,
2043 1352 2047 1358 .

138 1392 433 1489 Praesentemque
450 1393 573 1464 vident
586 1415 725 1485 semper
740 1394 860 1462 adesse
877 1391 1006 1468 Deum.
1059 1474 1064 1484 ,
1081 1389 1085 1399 ’
1129 1389 1211 1461 Non
1227 1391 1346 1485 aliquo
1363 1394 1468 1482 talem
1484 1394 1614 1467 meruit
1629 1420 1695 1489 pro
1709 1399 1859 1469 crimine
1874 1424 2036 1491 poenam,

87 1494 353 1591 Expectantqne
366 1496 640 1567 olim-venturae
655 1494 783 1585 gandia
799 1493 904 1583 vitae,
1180 1492 1251 1564 Sed
1270 1495 1365 1586 quod
1381 1493 1475 1566 Vera
1489 1492 1559 1567 Dei
1573 1497 1668 1569 iussa
1683 1499 1858 1590 professus
1871 1515 1958 1581 erat.

138 1595 186 1669 Et
198 1600 292 1669 bona
308 1622 399 1694 quse
414 1597 515 1668 nullo
529 1611 613 1669 sunt
626 1597 782 1689 peritura
796 1597 867 1668 die.
1130 1593 1214 1666 Sola
1228 1595 1313 1663 novi
1326 1595 1395 1668 suit
1411 1597 1511 1668 iratis
1525 1592 1611 1670 haec
1626 1622 1729 1672 causa
1743 1602 1889 1685 suroris,

90 1696 195 1770 Tunc
210 1725 274 1770 nec
287 1715 393 1775 erunt
406 1701 618 1772 discedentis
634 1699 778 1788 vestigia
793 1712 945 1782 tantum,
1179 1695 1261 1766 Non
1275 1691 1463 1788 Evangelii
1476 1699 1613 1771 lumina
1629 1702 1723 1772 ferre
1737 1719 1884 1796 queunt,

139 1799 211 1871 Nec
224 1816 362 1873 tantum
376 1803 481 1892 longe
497 1816 591 1892 terga
608 1802 759 1870 videnda
776 1798 860 1870 Dei:
944 1822 947 1827 ·
1130 1795 1209 1867 Iluc
1228 1798 1335 1886 igitur
1349 1796 1515 1872 Bonnam
1530 1826 1658 1894 corpus
1674 1806 1878 1877 venerabile
1891 1805 2041 1886 Rhenus

90 1899 157 1972 Sed
177 1904 314 1994 fulgore
329 1929 422 1976 novo
442 1905 586 1995 propius
600 1901 834 1992 spectabimus
849 1921 924 1985 ora,
1179 1896 1318 1972 Detulit
1331 1901 1488 1973 adversis
1504 1903 1681 1975 officiosus
1697 1907 1810 2001 aquis.

138 2000 327 2100 Colloqnio
342 2006 485 2075 dabitur
499 2016 738 2095 perpetuoque
752 2001 838 2075 frui,
1128 1996 1174 2071 Et
1190 2001 1298 2069 funus
1314 2027 1441 2091 magno
1456 1996 1626 2095 gemitum
1640 2030 1722 2077 cum
1735 2010 1879 2084 duceret
1894 2006 2039 2101 isthinc,

87 2101 245 2179 Arcanos
260 2129 381 2178 causas
395 2106 552 2196 inspecto
568 2105 665 2175 fonte
679 2103 840 2187 sciemus,
1180 2098 1322 2173 Dicitur
1337 2127 1357 2173 a
1372 2101 1564 2200 lachrymis
1581 2106 1793 2180 intumuisse
1806 2114 1889 2188 suis.

136 2204 185 2280 Et
199 2221 316 2298 gratae
331 2219 467 2276 mentes
482 2227 628 2275 munera
644 2217 741 2276 tanta
757 2213 896 2285 canent,
1067 2289 1074 2298 ⁶
1129 2202 1198 2275 Sed
1213 2225 1313 2275 mens
1329 2228 1409 2276 cara
1422 2204 1518 2292 Deo,
1544 2209 1639 2302 qnod
1656 2231 1717 2301 spe
1731 2212 1893 2308 votisque
1905 2213 2042 2307 petivit,

86 2307 225 2383 Interea
241 2308 345 2378 bellis
356 2308 559 2377 lacerantur
571 2329 697 2396 regna,
721 2327 873 2398 suasque
1179 2303 1283 2376 Nunc
1298 2305 1432 2378 fruitur
1444 2307 1548 2380 vultu
1562 2309 1715 2384 maxime
1729 2307 1871 2387 Christe
1887 2329 1960 2387 tuo.

140 2409 183 2480 ln
199 2433 330 2502 poenas
345 2411 418 2480 sato
434 2409 591 2478 mundus
603 2407 736 2500 ubique
751 2407 836 2480 ruit.

69 2509 141 2586 ⁴Ac
155 2512 252 2584 velut
267 2512 420 2602 aggestis.
430 2507 588 2604 Tytnnas
603 2509 785 2578 montibus
800 2527 916 2586 ausos,

138 2615 195 2684 Ad
212 2615 398 2684 sublimem
414 2625 537 2684 arcton
552 2613 719 2681 scandere
733 2609 960 2692 famarefert,

86 2713 312 2810 Conatosqne
328 2714 432 2786 astris
448 2713 626 2796 extinctis,
649 2711 769 2782 omnia
784 2712 908 2782 rursus
1127 2673 1307 2800 Q

139 2817 181 2887 ln
198 2833 298 2890 vetus
316 2830 349 2887 et
365 2839 509 2887 coecum
525 2828 660 2885 vertere
674 2815 782 2884 mixta
799 2808 921 2882 chaos:

88 2918 243 2993 Turrica
253 2920 303 2989 sic
316 2919 433 2989 rabies
447 2915 577 3010 passim
592 2938 665 2985 sese
680 2914 788 3004 impia
803 2916 921 2985 iactet:

137 3018 317 3141 Adversus
334 3032 478 3138 gnatum
495 3017 587 3137 bella
603 3040 745 3086 movere
756 3012 845 3134 ‘Degia
934 3114 943 3134 ι
1306 3046 1551 3142 Epitaphium
1570 3051 1723 3145 cleopa
1747 3056 1938 3152 hylem·

85 3120 250 3219 Demque
264 3147 345 3194 cum
361 3145 467 3191 varus
482 3132 664 3214 quatiatur
678 3120 835 3189 motibus
850 3112 974 3200 Orbis,

137 3223 313 3296 Exercent
325 3219 461 3295 Christi
477 3222 588 3294 multa
602 3220 731 3314 pericla
748 3242 899 3311 gregem.
1127 3214 1271 3302 Frigida
1288 3213 1326 3283 in
1343 3208 1412 3284 hoc
1426 3215 1563 3285 tumulo
1581 3213 1719 3287 Mariae
1734 3233 1818 3292 sunt
1833 3246 1912 3294 ossa
1927 3229 2075 3318 sepulta,

87 3327 158 3401 Sed
175 3342 293 3398 tamen
309 3321 375 3396 hos
391 3326 485 3396 inter
500 3338 672 3407 terrores,
697 3321 837 3415 fataque
854 3319 981 3391 mundi
1179 3316 1280 3406 Quae
1295 3315 1415 3389 iuncta
1428 3312 1560 3407 Cleope
1576 3318 1722 3390 nomine
1736 3322 1829 3395 dicta
1842 3325 1923 3398 fuit.
1949 3322 1951 3326 '

137 3426 266 3502 Dextra
283 3428 361 3521 pios
377 3440 496 3498 coetus
511 3425 663 3519 protegit
678 3423 752 3516 ipsa
766 3422 848 3494 Dei.
1001 3494 1010 3511 .
1126 3417 1244 3510 Digna
1273 3417 1418 3511 quidem
1440 3412 1509 3488 hoc
1530 3417 1661 3591 titulo}
1692 3446 1782 3514 qnae
1800 3449 1916 3498 mores
1938 3429 2012 3520 ipsa
2032 3455 2117 3523 pro-

1658 3544 1732 3592 essa
1749 3537 1813 3609 est,

1123 3708 1127 3719 .
1179 3619 1353 3709 Exemplo
1367 3614 1515 3708 Cleopes
1529 3642 1684 3710 congrua
1701 3623 1773 3694 vita
1787 3625 1869 3698 fuit.

1129 3721 1353 3814 Supplicium
1369 3721 1512 3813 qnando
1529 3745 1593 3812 pro
1611 3723 1715 3792 nobis
1729 3720 1895 3799 Christus
1909 3731 2034 3820 obivit,

86 3823 155 3895 No.
169 3821 256 3895 200,
1181 3821 1362 3913 Sanguine
1375 3836 1415 3892 ut
1430 3823 1589 3895 ablueret
1603 3825 1752 3897 crimina
1769 3843 1889 3902 nostra
1906 3855 1984 3918 suo,

93 3916 267 3948 *Ν
899 3903 1071 3934 w
1130 3923 1385 4016 TuncCleopc
1402 3928 1747 4015 moestamcomitari
1764 3944 1912 4003 estausa
1929 3956 2101 4027 sororem,

156 4039 239 4113 Apud
260 4035 386 4092 tdneem.
406 4033 504 4110 pseu.
1182 4028 1279 4099 Vicit
1293 4027 1387 4097 enim
1405 4027 1517 4116 pietas
1529 4051 1611 4096 vera
1629 4029 1784 4124 fidesque
1798 4049 1944 4109 metum.

1129 4128 1178 4205 Et
1196 4128 1342 4200 missum
1360 4123 1457 4197 hunc
1471 4129 1569 4198 coelo
1584 4141 1706 4203 testata
1721 4145 1859 4205 estesse
1875 4139 2095 4231 magistrum,

1182 4232 1298 4326 Seque
1315 4230 1390 4301 eius
1406 4244 1481 4302 toto
1496 4243 1635 4322 pectore
1650 4234 1776 4325 dogma
1795 4237 1907 4330 sequi.

1937 2784 2109 2816 Μ

1195 2887 1279 2964 Apud
1299 2887 1428 2947 vincent.
1446 2907 1474 2958 p.
1491 2889 1550 2949 ¹19.

87 4198 334 4294 Epitaphium
378 4191 560 4268 Giberti
610 4188 845 4287 Loupolii,
902 4189 1080 4264 Doctoris

109 4299 289 4376 Μθάἱωθ
312 4302 432 4388 ‘mk'
458 4300 524 4391 ‘lul
544 4301 716 4367 mmm
737 4300 794 4362 m
814 4289 850 4361 α’
875 4285 939 4366 30·
954 4295 1054 4367 mall
1132 4334 1192 4408 Sic
1205 4331 1336 4423 Cleope
1350 4355 1465 4420 nuper
1478 4333 1618 4404 tumulo
1636 4359 1727 4428 quae
1740 4339 1908 4411 conditur
1923 4343 2003 4431 isto,

293 4398 404 4476 1543·
431 4400 602 4511 ,0⁰l‘ml‘ae
629 4397 875 4494 Adrll’l’lm·
1078 4460 1085 4477 ¹
1183 4433 1247 4507 Est
1262 4430 1498 4524 Evangelium
1515 4448 1632 4506 mente
1645 4431 1806 4528 professa
1815 4463 1891 4526 sua,

89 4554 167 4625 Hoc
183 4552 314 4644 tegitur
328 4547 421 4620 Saxo
438 4543 580 4616 Giberti
597 4566 725 4635 eorpus
741 4541 859 4625 inane,
1131 4538 1205 4610 Nec
1219 4536 1344 4606 metuit
1363 4534 1512 4618 rabiem,
1540 4549 1574 4605 et
1591 4539 1784 4628 petulantia
1795 4545 1924 4630 probra
1935 4549 2121 4636 malorum,

139 4654 336 4745 Longoliae
350 4649 463 4740 gentis
481 4648 544 4741 qui
562 4647 630 4716 soit
647 4648 735 4715 alter
752 4637 878 4712 honos.
1185 4639 1258 4728 Qui
1274 4649 1445 4727 spernunt
1459 4637 1698 4730 legesoptime
1711 4637 1852 4713 Christe
1865 4657 1953 4729 tuas,

88 4756 274 4831 Dicentem
288 4751 442 4821 Ausonii
460 4750 543 4817 vivo
559 4744 732 4817 Cicerone
749 4745 970 4836 probassent,
1134 4737 1285 4811 Addidit
1301 4753 1336 4808 et
1350 4751 1465 4809 castos
1479 4761 1619 4831 semper
1634 4742 1711 4811 sine
1723 4742 1872 4811 crimine
1887 4769 2013 4834 mores,

142 4858 281 4927 Tantus
297 4852 336 4920 in
352 4848 485 4943 eloquii
499 4849 648 4917 flumine
662 4847 831 4938 splendor
843 4859 929 4915 crab
1184 4838 1286 4911 Esset
1300 4854 1340 4910 nt
1358 4838 1557 4930 exemplum
1572 4840 1643 4910 vita
1660 4842 1787 4931 pudica
1803 4843 1918 4914 bonis.

89 4958 139 5034 Et
155 4982 243 5053 quae
260 4951 442 5025 doctrinae
458 4950 575 5019 fontes
588 4958 686 5019 tenet
697 4945 817 5018 Attica
831 4945 966 5035 lingna,
1134 4941 1253 5034 thue
1268 4941 1355 5010 olim
1371 4938 1503 5031 Cleope
1518 4939 1619 5009 solita
1636 4954 1689 5011 est
1703 4942 1835 5015 servire
1849 4950 1978 5038 sorori,

144 5061 203 5134 Sic
219 5056 287 5151 ipsi
303 5069 471 5146 tauquam
485 5045 600 5141 patria
613 5061 698 5118 nota
713 5048 794 5120 luit.
1151 5103 1152 5108 ,
1186 5038 1326 5113 Officiis
1341 5042 1463 5133 inopes
1474 5041 1564 5110 fovit
1580 5041 1703 5133 etipsa
1720 5043 1799 5135 piis.

91 5164 246 5238 Naturae
261 5156 378 5228 varios
393 5151 519 5224 didicit
535 5159 724 5241 motusque
739 5149 904 5239 vicesque
1134 5141 1231 5233 Ergo
1245 5142 1388 5214 virtutis
1402 5142 1518 5212 cultor
1532 5139 1684 5231 Voglcre
1698 5144 1843 5238 Georgi,

143 5263 192 5336 Et
208 5285 297 5358 quae
314 5259 406 5328 foeta
422 5250 613 5324 hominum
629 5270 777 5330 munere
793 5259 888 5316 terra
901 5244 1006 5337 parit.
1188 5243 1243 5316 Te
1258 5245 1321 5315 tali
1335 5245 1500 5313 orbatum
1517 5244 1666 5335 coniuge
1683 5247 1760 5318 iure
1776 5251 1885 5321 doles.

91 5364 226 5441 Calluit
240 5376 275 5435 et
290 5357 464 5431 medicam
480 5357 671 5448 dextreque
687 5347 843 5421 exercuit
856 5360 980 5434 artem,
1136 5346 1239 5440 Quae
1255 5345 1388 5430 forma,
1412 5344 1573 5435 ingenio,
1598 5371 1738 5419 morum
1755 5352 1925 5440 gravitate
1939 5355 2112 5450 placebat,

146 5464 312 5562 Aegrotis
328 5460 455 5537 solitus
469 5455 783 5552 terrelrcqnenter
798 5473 914 5547 opem.
1056 5511 1059 5517 .
1186 5446 1378 5540 Flagrabat
1392 5447 1493 5520 cuius
1507 5460 1629 5621 {helom
1642 5474 1762 5524 amore
1776 5452 1841 5529 tui.
