4748 6022
237 287 314 369 ὥς
353 280 359 287 ·
982 267 1305 352 cancamum
1341 273 1448 355 ma.
1472 223 1540 397 ιι
2198 287 2278 371 ιιι

240 460 390 535 Casibus
403 451 461 527 his
472 451 612 524 validae
625 461 747 540 gentes
764 447 928 517 delentur
942 459 977 516 et
990 446 1115 532 urbes,
1256 461 1261 527 ι
1426 449 1615 526 modu,
1638 449 1703 524 m,
1725 457 1799 527 11„
1832 451 1911 556 ἕρ),
1937 454 2005 533 καὶ
2027 453 2136 557 nemo·
2176 467 2178 470 ⁴

290 561 364 634 Pro
379 570 495 650 spreta
510 576 641 648 poenas
656 574 748 647 quae
763 550 891 641 pietate
906 549 1022 618 luunt.

241 664 336 740 Etsi
352 662 414 757 qui
430 660 565 754 patriae
581 650 755 751 excidio³)
769 654 915 723 fortasse
930 663 1140 741 supersunt,

293 761 445 838 Posthac
459 763 532 833 fata
547 762 629 831 illos
643 782 720 829 non
732 755 868 826 leviora
880 764 1037 823 manent.

243 868 432 950 Ειιοιιιι,
457 866 533 934 siue
542 888 620 955 spe,
642 860 826 942 siuesede,
851 856 1045 949 inopesque
1053 865 1236 944 vagantur.

295 967 370 1041 Aut
386 967 472 1038 emti
488 966 606 1058 precio
621 963 761 1035 vincula
779 962 868 1029 dura
884 971 1023 1048 gerunt.

246 1074 306 1146 Sic
319 1087 455 1166 partem
467 1069 536 1139 sert
550 1069 697 1162 quisque
713 1088 812 1134 suam
828 1085 909 1131 cum
925 1059 1068 1152 publica
1085 1059 1201 1128 clades

297 1173 447 1257 lucidit,
480 1185 513 1241 et
529 1164 696 1262 prohibet
710 1167 816 1236 ianua
833 1163 932 1232 nulla
949 1161 1094 1231 malum.
1283 1161 1376 1235 Cum
1394 1165 1541 1235 cuculus
1563 1160 1748 1261 raucum¹)
1771 1192 1906 1261 querna
1924 1195 2032 1266 super
2049 1178 2179 1251 arbore
2196 1191 2282 1254 can-¹

247 1277 330 1350 Non
343 1276 497 1347 latebrae
508 1293 709 1367 quenquam
725 1267 919 1357 fugientem
932 1263 1146 1333 abscondere
1155 1282 1238 1351 pos-
1344 1300 1348 1309 ·
1794 1284 1870 1342 mm
1998 1264 1999 1267 ’

762 1382 856 1439 sunt.
1288 1361 1505 1455 Ingeminat‚
1527 1367 1711 1462 laetusque
1725 1373 1813 1442 novi
1828 1399 1890 1445 ver
1903 1379 2053 1450 nunciat
2066 1385 2153 1452 anni

301 1480 440 1550 lntrant
454 1478 494 1546 in
511 1471 687 1559 thalamos
695 1469 725 1567 ⁴)
744 1471 885 1563 publica
899 1471 1029 1538 damna
1046 1482 1137 1540 tuos.
1285 1464 1467 1539 Continuo
1487 1493 1506 1538 e
1523 1469 1621 1540 coelo
1638 1470 1835 1547 foecundus
1847 1478 1974 1550 defluit
1981 1477 2010 1574 ²)
2027 1482 2143 1555 imber
2160 1439 2173 1471 ⁹

248 1582 345 1655 Haec
359 1604 490 1650 moneo
506 1577 617 1661 cives,
647 1598 713 1643 nec
728 1572 849 1643 tabula
863 1572 941 1642 ficta
957 1570 1115 1662 putanda
1130 1580 1197 1636 est:
1287 1567 1327 1640 Si
1342 1570 1438 1659 large
1447 1564 1476 1664 ³)
1494 1570 1555 1640 ille
1571 1572 1680 1642 boum
1698 1577 1842 1667 vestigia
1855 1581 2005 1652 flumine
2023 1539 2153 1678 replet·

232 1691 234 1695 ’
299 1685 411 1775 Leges
433 1695 537 1773 atque
555 1679 670 1749 Deum
687 1698 871 1768 spernere,
903 1675 1025 1754 crede,
1058 1682 1173 1742 nocet.
1216 1717 1217 1721 =
1286 1668 1391 1743 Clara
1406 1671 1500 1742 diem
1516 1674 1620 1743 terris
1633 1676 1719 1745 dum
1735 1694 1901 1773 quartum
1919 1708 2047 1757 autor,
2064 1637 2198 1762 ὡς)

249 1788 319 1861 Sed
334 1785 510 1878 placidam
524 1781 654 1851 retinet
667 1800 789 1871 pacem
805 1777 1003 1848 reverentia
1019 1773 1132 1852 luris,
1288 1770 1433 1865 Irrigat,
1458 1788 1565 1869 atque
1581 1776 1640 1847 siti
1652 1780 1843 1852 morientes
1857 1800 1992 1857 recreat
2007 1783 2145 1863 herbas.
2206 1748 2216 1777 '

299 1885 466 1960 Peccanti
481 1907 571 1977 quae
587 1905 661 1952 non
678 1902 820 1972 parcere
833 1878 929 1948 lenta
945 1879 1046 1951 solet.

250 1993 348 2064 Haec
361 1983 526 2080 prohibet
549 2000 687 2077 turpem
705 1983 847 2067 luxum,
878 1981 1063 2074 frenatque
1084 1975 1243 2057 rebelles,
1289 2001 2274 2043 *mm—K„

119 2158 121 2162 ,
299 2091 464 2169 Crescere
478 2113 543 2157 nec
557 2087 691 2179 patitur
704 2084 837 2155 semina
853 2106 972 2175 sparsa
985 2082 1082 2152 mali.

190 2196 193 2201 ’
253 2194 383 2267 ludicis
398 2192 562 2261 emendat
576 2190 738 2271 fraudes,
769 2184 995 2280 violentaque
1009 2186 1146 2266 facta,'
1287 2142 1454 2273 Μ’·
1860 2208 1862 2213 ·
2081 2167 2145 2246 (ιιι.
2167 2172 2287 2256 1538.)

300 2294 407 2366 Nasci
421 2293 516 2363 inter
531 2292 624 2361 cives
640 2289 900 2381 dissidiumque
919 2299 1026 2363 vetet.
1358 2341 1385 2397 0
1443 2343 1501 2397 Ml
1525 2343 1646 2400 ΜΤ
1881 2350 1888 2367 ·
2070 2259 2279 2302 Μ

250 2397 415 2491 Denique
439 2395 512 2465 vita
533 2390 721 2478 hominum
743 2389 938 2483 tranquilla
952 2402 986 2459 et
1001 2384 1149 2459 honesta
1167 2408 1244 2453 ma·
1387 2361 1430 2416 ''l'‘
1476 2362 1512 2400 θ’
1564 2364 1606 2402 ⁸¹·
1645 2347 1817 2420 ‘v·¹'·⁸³⁵·
1853 2350 1976 2425 v¹⁰⁰·¹’·
1992 2357 2053 2413 ¹⁸9·

468 2597 476 2613 ,
694 2560 737 2612 1,
767 2493 885 2572 ⁰⁰b¹²²
1343 2514 1401 2579 tto
1427 2503 1609 2579 Hesiodo:
1649 2510 1713 2600 τῆς
1744 2504 1786 2581 δὲ
1822 2507 1953 2607 ἀρετῆς
1985 2512 2131 2613 ἱδρῶτα
2157 2526 2242 2600 3⁸2

304 2599 479 2671 Servandr
492 2598 584 2686 leges
600 2598 684 2665 dum
699 2616 760 2685 pra
774 2616 857 2662 cura
873 2605 1001 2662 manet.
1161 2626 1166 2633 ·
1567 2603 1824 2705 προπάροιθεν
1846 2611 2003 2708 ἔθηκαν,
2207 2554 2226 2601 ⁰

1201 2815 1243 2825 -
1292 2757 1471 2830 Virtutem
1495 2763 1639 2833 volucre
1663 2763 1725 2836 Dii
1744 2767 1874 2839 sudore
1894 2773 2028 2863 parari,

1291 2859 1414 2950 Longa
1438 2863 1495 2932 via
1520 2880 1572 2935 est
1601 2890 1641 2936 ac
1663 2869 1773 2938 ardua
1797 2895 1887 2965 quae
1909 2877 2070 2965 perducit
2091 2884 2136 2950 ad
2162 2885 2264 2959 illam

254 2965 432 3099 Q
1066 2965 1242 3086 Q
1293 2961 1407 3057 Inque
1429 2965 1529 3037 aditu
1555 2968 1671 3059 primo
1695 2970 1799 3062 longe
1815 2987 1866 3045 est
1882 2980 2090 3068 asperrima,
2122 2989 2184 3056 sed
2201 2947 2285 3063 curri

1294 3063 1443 3136 Veneris
1462 3070 1507 3139 ad
1533 3093 1711 3142 summum
1736 3074 1850 3147 facilis
1875 3077 2101 3179 iucundaque
2124 3088 2194 3161 fiet.

1281 593 1375 728 ἦρος
1395 597 1534 686 κόκκυξ
1552 597 1723 692 κοκκύζει
1744 598 1860 703 δρυὸς
1881 608 1921 682 ἐκ
1944 605 2151 702 πετάλοισι,

1281 731 1324 777 το
1338 711 1489 803 πρῶτον
1507 703 1629 802 τέρπει
1641 733 1682 779 τε
1693 705 1858 803 βροτοὺς
1881 708 1937 785 ἐπ’
1957 710 2139 811 ἀπείρονα
2178 722 2281 800 αἶαν.

1281 811 1397 934 τῆρρς
1421 804 1503 933 Cede
1526 805 1598 931 τῖον
1618 804 1735 905 τρίτῳ
1755 807 1871 905 ἤματι
1878 865 1891 900 ,
1921 808 2013 910 μήδ’
2040 815 2241 923 ἀπσληγοι,

1265 935 1357 1033 λμρτ
1384 906 1432 1006 ἀρ
1447 907 1792 1006 υπερβαλλωνβσὸς
1806 909 1934 1010 ὁπλὴν,
1956 912 2038 1013 μήτ’
2055 918 2279 1016 ἀπολείπων,

1284 1036 1383 1083 ουτω
1397 1011 1435 1084 κ’
1448 1007 1624 1128 ,ὀρθότης
1639 1009 1860 1111 πρωτηρότῃ
1876 1018 2098 1118 ἰσοφαρίζει.

322 3171 396 3242 Opp.
414 3165 484 3221 Mel.
497 3162 579 3219 Basil.
595 3158 776 3232 mptts.
794 3170 821 3215 et
834 3161 906 3232 apud
919 3159 1050 3216 Vinceut.
1063 3179 1091 3233 p.
1108 3160 1178 3226 188„
1199 3159 1246 3234 qni

357 3235 500 3309 adscripsit
516 3251 617 3288 aunum
631 3230 710 3286 1⁵98.
1299 3293 2289 3335 Ἢ

255 3409 301 3474 ln
335 3398 496 3473 cometis·
534 3398 659 3467 Taciti
691 3390 855 3465 libellum
888 3389 936 3463 de
967 3389 1132 3465 οιοκίδυι
1157 3395 1247 3465 Ger·
1292 3438 1360 3509 No·
1380 3438 1463 3510 153.

368 3520 571 3574 manorum
597 3495 648 3568 ud
673 3501 830 3567 Ιοσιιιι.
856 3492 1131 3600 Ιιυίίιιιυρι.
1293 3541 1428 3568 w„
2081 3467 2273 3558 (m.1538,)

2069 3556 2284 3604 Q

250 3647 344 3726 Ἡδὺ
371 3647 430 3743 ἑῆς
449 3640 629 3741 πατρίδος
652 3647 797 3742 γνῶναι
820 3638 953 3737 ἀρετὰς
975 3639 1039 3714 καῖ
1063 3639 1213 3742 ἀγῶνας
1220 3697 1232 3730 ,
1364 3639 1437 3712 ΟΡΡ·
1451 3639 1519 3694 Met.
1536 3641 1615 3698 Basit.
1631 3642 1663 3696 T·
1678 3640 1710 3697 V·
1726 3662 1752 3713 ι·
1766 3641 1818 3699 ⁸⁸⁴
1832 3664 1874 3716 ιι·
1909 3645 2034 3703 vincent
2051 3668 2078 3721 r·
2093 3652 2152 3705 168·

269 3792 274 3803 ,
304 3748 378 3824 Καὶ
395 3746 481 3842 ταχ’
507 3739 713 3844 ἐφορμήσει·
730 3740 825 3840 ’πρὸς
847 3740 943 3816 καλοῖ
958 3749 1071 3817 τοῦτο
1090 3743 1247 3842 φρένας,

258 3851 373 3929 Ταῦτ’
391 3844 689 3950 οὖνγερμάνωκ,
712 3839 824 3918 ὥπαῖ
833 3841 1084 3945 μεγαλήτορος
1097 3844 1246 3944 ἀνδρός,

305 3950 453 4028 Σπεῦδ
478 3946 687 4050 ἀρῃιφίλων
709 3948 801 4047 ἔργα
821 3952 961 4021 παλαῖα
984 3949 1138 4041 μαθεῖν.

255 4062 380 4132 Ποῖον
399 4052 623 4152 ὃἈρμίνιος
643 4049 728 4124 ποτ’
747 4044 986 4146 ἀμυνάμενος
999 4048 1082 4147 περὶ
1094 4046 1246 4148 πάτρης,

306 4151 545 4250 Δουλοσύνης
566 4150 675 4250 ῥήξας
699 4150 841 4250 ἐχθρὸν
863 4152 989 4252 ἀφεῖλε
1008 4148 1143 4255 ζυγόν,
1296 4151 1411 4226 Unius
1426 4157 1473 4225 ob
1490 4157 1630 4248 culpam
1652 4181 1753 4250 saepe
1767 4164 1853 4232 urbs
1868 4165 1968 4236 dabit
1987 4166 2122 4258 integra
2136 4194 2268 4261 poenas

258 4265 294 4334 Τ
291 4265 427 4335 οισῦτοι
447 4255 483 4331 δ
509 4257 670 4356 ἀγαθοῖς
692 4251 829 4351 μόχθει
851 4254 1029 4354 ἄνδρεσσι
1049 4255 1230 4353 πρέπουσι
1296 4256 1472 4328 lustitiam
1489 4262 1614 4351 spretis
1631 4262 1741 4333 violat
1756 4265 1817 4357 qui
1833 4266 1991 4356 legibus,
2017 4271 2102 4341 inde
2277 4232 2288 4262 ’

308 4362 394 4443 Τοῖς
415 4356 594 4451 πατρίδος
616 4356 790 4452 νομίμοις
811 4357 942 4458 χερσῖν
964 4357 1210 4458 ἀρηγέμιναι,
1295 4358 1519 4452 Supplicium
1536 4363 1646 4433 iratus
1660 4365 1705 4433 de
1719 4378 1794 4436 tota
1810 4365 1944 4460 lupiter
1959 4373 2048 4443 urbe

255 4460 342 4539 Ελδὲ
361 4468 416 4536 oni
431 4459 480 4537 ἀν
497 4461 623 4552 ζεῦξεν
642 4463 747 4532 τοῖον
764 4458 876 4557 πατρὶ
891 4464 1006 4556 μοῖρα
1025 4460 1245 4563 στρατηγόν,
1295 4462 1429 4549 Sumit,
1456 4479 1489 4535 et
1504 4464 1681 4551 immittit,
1706 4469 1844 4539 miseris
1858 4485 2062 4568 pestemque
2077 4475 2277 4575 famemque

309 4565 390 4642 Οὐκ
412 4569 466 4661 εἴη
489 4563 617 4645 ἀθέοις
637 4558 723 4635 νυνὶ
741 4559 939 4659 τυραννίδ’
964 4562 1069 4655 ἔχειν.
1180 4563 1186 4572 ’
1295 4562 1412 4634 Strata
1427 4565 1543 4636 iacent
1557 4569 1653 4637 varia
1668 4571 1859 4642 morientia
1876 4581 2026 4666 corpor‘a
2041 4578 2159 4666 clade,
2278 4539 2290 4569 ’

1294 4657 1395 4760 Ac*)
1411 4667 1540 4737 cecidit
1554 4664 1692 4759 fugiens
1707 4672 1877 4743 victorem
1894 4679 2066 4752 exercitus
2084 4674 2241 4772 hostem,

1295 4763 1466 4837 Avulsive
1480 4770 1557 4838 solo
1573 4785 1782 4861 merguntur
1796 4776 1834 4845 in
1848 4802 2001 4874 aequore
2014 4782 2128 4864 muri,

1294 4867 1480 4941 Fluctibus
1497 4886 1559 4942 aut
1573 4873 1701 4944 mediis
1716 4899 1847 4968 poenas
1865 4882 1964 4953 dabit
1979 4885 2107 4957 obmta
2121 4891 2264 4981 puppis,

1296 3804 1438 3873 Versus
1461 3801 1638 3894 Hesiodi,
1671 3826 1762 3896 quos
1780 3805 1979 3880 Aeschines
2004 3817 2203 3890 oracutum
2219 3846 2283 3894 m.

1293 3910 1440 3977 minat:
1474 3900 1647 3987 πολλάκις
1674 3901 1850 3999 ξυμπάσα
1876 3905 1979 3991 πόλις
2002 3920 2124 3988 κακοῦ
2148 3917 2288 4018 ἀνδρὸς

1669 4008 1822 4105 ἐπαυρεῖ
1839 4018 1905 4084 etc.

253 4939 322 5013 No.
340 4933 424 5008 151.
454 4991 458 5012 .
745 5004 757 5017 ,
1033 4941 1097 5022 (an.
1114 4944 1226 5025 1538.)

260 5033 431 5067 ww
1026 5033 1239 5075 w„
1296 5045 1521 5057 ----

321 5143 353 5196 ln
368 5156 434 5212 opp.
448 5132 515 5190 Mel.
529 5134 589 5190 Bas.
603 5133 635 5187 T.
650 5136 682 5190 V.
696 5154 723 5205 p.
738 5132 797 5190 835.
815 5144 842 5189 et
855 5133 926 5210 apud
942 5131 1070 5190 Vincent.
1086 5153 1114 5207 p.
1128 5135 1185 5190 156.
1330 5137 1356 5204 1)
1376 5133 1457 5194 Basil.
1478 5155 1568 5193 rauco
1586 5142 1718 5208 ςιιςυλσι.

614 5241 621 5258 “
1328 5219 1361 5288 2)
1379 5218 1440 5274 Bas.
1454 5225 1576 5290 depluei.

1328 5304 1355 5375 8)
1374 5306 1436 5361 Bas.
1449 5310 1542 5377 largo.

285 5391 318 5459 8)
336 5389 448 5444 excidio
465 5387 580 5452 puertiae
597 5380 682 5438 Basil.
695 5391 723 5435 et
738 5379 855 5453 Scripta.
1329 5389 1360 5453 ιι)
1377 5391 1430 5458 10]
1450 5391 1512 5449 Β.)
1532 5398 1599 5449 m

284 5477 320 5547 4)
336 5475 373 5528 ln
385 5473 528 5527 ιλαλσιηοι
536 5476 691 5542 penetrant
712 5465 792 5522 Basii.
806 5475 834 5519 et
848 5466 965 5538 Scripta.

252 5283 477 5302 Μ
