4748 6022
92 240 162 319 m
887 227 1334 333 surnnuunnru
2052 251 2128 327 ue

75 437 195 511 ·qnor;
226 410 295 481 scis
311 432 376 501 pro
392 410 534 504 quibus
586 410 727 483 Tribuo
742 411 922 505 plussetis
937 406 1085 481 Hieran-
1137 405 1231 499 qnod
1254 426 1319 494 ego
1342 426 1386 475 er
1406 426 1448 473 eo
1472 403 1550 476 solo
1576 407 1733 481 indicare
1755 435 1917 505 possum,
1948 423 2046 515 qnod
2061 443 2127 495 vos

85 514 187 588 chiae
209 512 439 607 pontificiae?
490 511 588 603 Quid
617 539 701 585 vero
724 514 870 585 tribuo?
919 510 988 585 Fas
1008 534 1084 583 non
1134 508 1185 577 sic
1206 506 1391 591 iudicatis,
1424 530 1487 576 oro
1510 501 1618 581 huius
1644 510 1904 603 incogitantiae.
1940 518 2123 597 ,Paschae

86 631 139 689 est
154 618 272 687 dicere
285 615 427 707 qualem
443 614 534 683 ferre
549 638 729 705 possemus
742 615 966 701 Pontificem,
993 629 1028 687 et
1041 636 1083 682 eo
1135 631 1195 678 “⁰
1210 609 1358 682 ωϋῑῐῡῐ·
1400 602 2123 719 H³⁶1⁰⁰¹¹⁶³d113⁸⁸sBullingere,pflo-

84 734 189 814 pacto
203 712 391 787 ostendere
409 738 500 808 quae
515 740 589 787 non
611 720 866 811 responderent
881 739 946 786 sno
961 714 1084 786 ordini
1133 733 1190 780 res
1204 710 1343 794 literas,
1374 709 1433 779 die
1448 705 1603 785 Paschae
1620 716 1665 784 ad
1681 740 1737 787 me
1752 717 1863 794 datas.

85 821 150 917 qui
173 818 362 891 Pontifices
385 819 581 907 vocantur?
634 818 700 889 Vel
723 820 874 914 impium
891 832 943 889 est
955 818 1083 901 dicere,
1233 807 1292 882 Ad
1320 810 1447 882 alteras
1476 823 1555 915 tuas
1581 815 1712 893 literas.
1771 816 1815 890 In
1839 817 1896 892 his
1918 823 2127 917 plusculum·

85 946 178 1018 quae
201 922 272 991 sint
294 913 478 989 christiani
502 913 661 991 hominis
682 921 796 991 officia
819 917 955 993 etiamsi
976 941 1081 989 nemo
1133 911 1244 982 iratus
1266 937 1302 983 es
1325 926 1360 985 et
1374 933 1481 1001 grave
1494 912 1691 1005 tminimis.
1739 910 2037 999 Commentarius
2055 923 2120 999 itte

85 1024 197 1094 luerit
216 1022 271 1091 vel
292 1042 366 1089 esse
389 1034 508 1111 posset
529 1017 588 1091 hic
608 1023 671 1117 qui
694 1023 757 1093 illa
780 1020 948 1117 impleat?
997 1018 1081 1091 Non
1132 1011 1174 1083 ia
1199 1007 1367 1087 Galatas
1393 1013 1437 1083 de
1464 1039 1536 1108 quo
1568 1019 1743 1112 quereris,
1785 1039 1949 1118 exceptus
1975 1043 2027 1100 est
2057 1053 2123 1123 per

86 1126 312 1195 aedificamus
338 1120 514 1192 civitatem
539 1122 775 1214 platonicam,
807 1128 869 1195 sed
896 1120 1081 1214 prodimus
1131 1106 1293 1211 Caspar.
1324 1104 1561 1209 Crucigerum
1577 1138 1580 1143 ·
1594 1122 1814 1212 praelegente
1838 1118 2008 1200 Lachere
2037 1144 2121 1203 ante

88 1224 344 1318 impudentiam
357 1246 497 1307 eorum,
519 1224 581 1316 qui
593 1226 784 1296 verbissibi
794 1237 958 1308 sumunt,
979 1244 1080 1314 posse
1131 1240 1245 1287 annos
1259 1232 1349 1301 tres,
1380 1240 1495 1309 nuper
1517 1245 1601 1291 vero
1616 1223 1743 1297 editus.
1795 1226 1980 1302 Maledicit
2002 1226 2120 1302 chari-

86 1341 142 1399 tot
165 1324 334 1397 Ecclesiis
358 1324 559 1417 prospicere
585 1350 665 1397 cum
690 1340 786 1397 certo
813 1329 889 1396 sint
911 1325 1080 1396 omnibus
1131 1320 1193 1391 tati
1214 1331 1249 1390 et
1278 1319 1506 1401 concordiae,
1538 1338 1684 1415 propter
1710 1350 1817 1421 quam
1841 1335 2119 1403 conservandam

86 1428 204 1500 3550,
256 1421 359 1497 Nihil
373 1439 492 1496 movet
509 1426 655 1519 quidem
671 1430 866 1499 mulsorum
881 1427 920 1495 in
937 1448 1004 1496 110³
1020 1425 1079 1494 in.
1130 1444 1269 1491 necesse
1288 1419 1334 1490 sit
1358 1420 1551 1509 periclitari
1573 1427 1720 1496 verbum
1745 1426 1825 1499 Dei.
1883 1429 1925 1501 ln
1947 1428 2013 1504 hac
2036 1458 2118 1505 sen·

87 1528 182 1600 vidia
197 1528 308 1622 inque
331 1520 399 1597 hoc
419 1528 620 1603 consilium.
671 1527 808 1601 Mirum
826 1552 932 1623 quam
948 1521 998 1627 [i]
1014 1549 1078 1617 ego
1130 1522 1238 1594 tentia
1254 1521 1343 1617 quid
1356 1520 1482 1616 impii?
1517 1523 1586 1597 Sed
1603 1525 2119 1605 Sacramentarioslacittalem

76 1631 189 1701 istam
216 1628 389 1700 invidiam
413 1628 465 1699 sic
489 1633 619 1715 evado,
657 1644 830 1725 quantum
852 1631 997 1726 quidem
1021 1651 1079 1697 me
1130 1624 1356 1693 concordiam
1385 1626 1562 1713 petentes!
1614 1626 1688 1716 Qui
1715 1646 1799 1703 sunt
1821 1630 2121 1709 sacramentarii?

85 1727 259 1804 hactenus
281 1728 408 1819 rescire
434 1731 619 1823 contingit.
671 1729 729 1803 Ad
752 1744 1079 1827 qnotnmquemqne
1130 1722 1196 1795 llle
1209 1724 1511 1796 sacramentarios
1527 1727 1713 1819 intelligit,
1745 1732 1808 1827 qui
1825 1731 1919 1807 nihil
1933 1762 2039 1831 quam
2053 1762 2118 1831 pa.

84 1832 249 1927 pervenit
265 1826 333 1903 hoc
349 1832 562 1902 consilium?
600 1830 651 1905 At
665 1859 769 1915 vero,
795 1831 844 1901 mi
861 1830 1078 1922 Bullingere‚
1128 1852 1211 1896 nem
1227 1841 1261 1897 et
1275 1830 1392 1897 virum
1409 1828 1450 1897 in
1465 1827 1694 1901 Sacramenta
1711 1858 1785 1905 esse
1800 1853 1951 1928 ponunt.
2010 1838 2118 1911 Tales

84 1935 340 2015 circumferunt
364 1933 510 2029 quidam
533 1949 733 2027 excerptum
757 1936 937 2027 quoddam
960 1957 1002 2003 ex
1018 1956 1077 2001 re·
1128 1952 1192 1999 vos
1213 1952 1288 1999 non
1310 1928 1404 1999 estis.
1462 1926 1565 2001 Nihil
1581 1932 1690 2022 igitur
1707 1928 1773 2005 hoc
1795 1939 1841 2009 ad
1864 1964 1937 2014 sos.
1989 1935 2040 2011 At
2056 1941 2118 2012 itte

84 2060 216 2131 sponso
232 2028 408 2132 Philippi
416 2036 662 2128 depravatum:
687 2037 750 2106 sed
766 2060 846 2105 cum
863 2033 1000 2104 nonsit
1017 2032 1077 2100 in·
1117 2042 1194 2100 'nos
1214 2023 1282 2099 hoc
1306 2029 1451 2102 nomine
1482 2030 1674 2123 intelligit?
1722 2033 1849 2125 Dolet,
1885 2041 1972 2135 quid
1997 2055 2117 2115 autem

85 2139 223 2225 solens,
262 2137 345 2209 illos
371 2144 483 2224 nu'gas
504 2136 745 2222 circumferre,
778 2158 842 2225 ego
866 2158 942 2204 non
968 2133 1076 2203 audio
1127 2130 1278 2199 faciam?
1331 2128 1403 2201 Vos
1427 2156 1571 2229 quoque
1593 2138 1680 2205 dum
1702 2136 1827 2209 lormis
1840 2141 1894 2213 nti
1911 2140 2118 2235 scripturae
2240 2162 2243 2167 ’

86 2239 148 2333 qui
174 2239 224 2313 ita
248 2250 473 2310 moveantur.
531 2232 581 2307 Et
594 2239 650 2307 coi
667 2238 757 2306 mica
776 2235 982 2329 aequitatis,
1014 2233 1078 2326 qui
1128 2243 1164 2301 et
1187 2228 1332 2299 Patrum
1355 2230 1573 2320 detrectatis,
1605 2234 1703 2305 eliud
1720 2237 1776 2307 illi
1797 2241 1841 2311 de
1853 2240 1956 2311 vobis
1969 2265 2117 2333 persua-

85 2341 215 2433 scripta
234 2353 355 2410 nostra
368 2335 510 2428 publica
526 2335 612 2431 legit
630 2339 675 2408 de
691 2332 748 2406 his
761 2337 847 2429 ipsis
862 2338 968 2407 rebus
983 2335 1078 2405 edita
1128 2331 1211 2401 dere
1232 2356 1306 2401 non
1330 2355 1485 2422 possum.
1542 2332 1810 2427 lmpugnandus
1831 2340 1941 2431 igitur
1962 2344 2028 2415 tibi
2043 2345 2118 2416 est?

84 2456 166 2513 ante
181 2453 216 2512 et
236 2453 317 2530 post
337 2441 417 2509 data
433 2438 496 2507 illa
517 2461 703 2531 responsa,
733 2462 780 2509 an
795 2440 838 2508 de
854 2436 959 2507 nobis
981 2434 1078 2506 iudi-
1128 2430 1262 2502 Verum
1278 2432 1307 2502 si
1323 2433 1429 2503 officii
1444 2432 1513 2504 mei
1530 2436 1576 2505 sit
1590 2436 1798 2529 impugnare
1812 2465 1936 2514 omnes
1948 2468 2027 2533 cos,
2051 2446 2115 2542 qui

84 2556 143 2614 cet
158 2568 199 2612 ex
213 2535 353 2611 schedis
368 2562 454 2631 quas
477 2532 729 2611 circumierunt
751 2539 917 2633 privatim
935 2532 1077 2607 hostes?
1127 2528 1217 2602 mihi
1238 2536 1283 2603 de
1305 2533 1384 2603 aliis
1408 2534 1501 2604 male
1522 2535 1681 2609 iudicare
1708 2540 1891 2630 videntur,
1923 2546 1952 2614 si
1978 2548 2046 2634 sic,
2079 2564 2116 2619 et

82 2642 251 2714 Fuerunt
265 2636 394 2712 horum
408 2638 676 2730 Responsorum
692 2665 795 2713 causa
822 2639 905 2711 irati
922 2639 1027 2709 nobis
1042 2652 1076 2709 et
1127 2656 1189 2705 vos
1207 2630 1299 2704 mihi
1318 2635 1551 2727 impugnandi
1574 2630 1691 2726 eritis,
1724 2643 1807 2735 quia
1830 2646 1875 2715 de
1896 2639 2056 2718 Luthero
2079 2666 2116 2723 et

82 2744 150 2815 alii
169 2741 310 2839 quidam
324 2740 430 2814 amici
443 2743 616 2813 etsratrcs
631 2746 735 2834 longe
751 2738 1076 2820 observandissimi,
1126 2734 1205 2807 aliis
1221 2732 1383 2807 iudicatis
1400 2738 1497 2830 quod
1511 2738 1583 2809 scio
1597 2736 1850 2823 secushabere.
1899 2743 1952 2818 At
1968 2744 2113 2822 Christo

84 2845 171 2941 quis
188 2845 307 2939 itaque
322 2844 417 2933 apud
434 2842 514 2914 illos
527 2860 562 2919 et
578 2868 640 2915 vos
657 2847 779 2927 video,
803 2846 917 2916 nostri
934 2841 1075 2919 consilii
1126 2838 1213 2910 olim
1234 2838 1352 2909 iudice
1373 2836 1441 2931 ipsi
1464 2864 1607 2936 quoque
1628 2845 1843 2934 agnoscetis,
1877 2872 1982 2942 quam
2007 2852 2115 2943 longe

84 2947 261 3019 rationem
292 2948 336 3016 de
357 2942 552 3037 Responsis
579 2946 657 3018 istis
679 2960 750 3019 tam
775 2947 867 3017 male
890 2960 1000 3032 stare,
1041 2956 1077 3015 et
1126 2942 1172 3011 als
1190 2940 1289 3010 omni
1313 2940 1441 3032 pietate
1464 2941 1509 3011 sit
1530 2941 1625 3014 istud
1648 2949 1745 3040 quod
1758 2938 1967 3019 Laetam
1988 2955 2115 3027 scribis

84 3048 148 3119 illa
162 3047 202 3118 in
215 3044 364 3121 Francia
379 3070 505 3139 parurn
521 3042 658 3129 adhue,
684 3050 778 3144 quod
794 3047 938 3143 quidem
953 3042 1076 3132 audio,
1125 3042 1283 3113 dissidiis
1296 3041 1489 3115 excitandis
1506 3056 1542 3115 et
1556 3044 1719 3119 fovendis
1734 3063 1869 3120 natum.
1917 3048 2115 3145 Evangelio
2171 3044 2174 3049 ¹

83 3152 130 3221 sd
152 3147 190 3222 id
213 3150 448 3244 consecrejad
477 3152 574 3242 quod
598 3153 679 3221 data
708 3163 812 3231 sunt,
846 3148 968 3218 malim
999 3171 1074 3217 non
1125 3140 1260 3217 Christi
1279 3143 1360 3216 lesu
1381 3144 1564 3216 excitando
1593 3162 1629 3220 et
1653 3149 1808 3221 fovendo
1830 3163 1935 3224 natus
1958 3167 2029 3242 est,
2061 3154 2113 3231 mi

82 3246 180 3327 dara
229 3244 278 3322 At
294 3275 377 3322 vero
401 3251 457 3321 vel
476 3250 516 3321 in
536 3274 573 3323 se
590 3254 678 3323 adeo
692 3252 784 3322 male
799 3250 959 3322 consulta
979 3261 1076 3335 sunt,
1124 3244 1351 3339 Bullingere‚
1386 3245 1429 3316 id·
1453 3271 1582 3340 operae
1609 3248 1716 3323 etiam
1746 3253 1932 3347 praestitit.
1994 3253 2113 3351 lmpe-

82 3353 143 3423 vel
163 3366 283 3425 tamen
308 3351 483 3424 dederunt
505 3348 674 3427 Ecclesiis
696 3352 837 3435 damni,
874 3352 957 3447 quia
984 3375 1075 3422 neu·
1125 3348 1257 3422 tentius
1281 3361 1406 3421 tractet
1424 3350 1645 3424 adversarios
1663 3365 1736 3425 tam
1747 3354 1837 3427 false
1858 3356 1927 3449 ipsi
1942 3358 2113 3471 opinione

81 3469 181 3529 uum
202 3469 421 3547 compertum
446 3450 579 3541 habeo,
609 3480 685 3527 non
706 3468 851 3548 apparet
879 3448 968 3523 milri
989 3477 1074 3523 cau-
1123 3451 1277 3523 creditos
1307 3472 1415 3543 quem
1447 3474 1561 3527 veros.
1634 3450 1726 3526 Hoc
1740 3469 1860 3528 tamen
1891 3482 2016 3530 verum
2049 3476 2116 3555 est,

80 3579 158 3627 sam
173 3579 216 3625 ex
231 3551 288 3627 his
304 3557 428 3638 luisse,
460 3580 525 3628 cur
543 3569 727 3649 tantopere
749 3576 931 3646 ungamur.
979 3551 1073 3623 Nam
1124 3550 1241 3643 ipsum
1272 3550 1366 3620 nulli
1397 3556 1556 3641 unquam
1585 3554 1719 3625 bellurn
1751 3556 1914 3629 intulisse
1946 3560 2114 3653 priorem.
2152 3612 2155 3617 -

80 3658 117 3729 id
133 3657 223 3729 ialso
237 3658 361 3730 falsius
376 3669 446 3743 est,
475 3659 604 3751 cuique
618 3657 657 3725 in
673 3655 793 3728 Gallia
807 3653 990 3724 occasione
1006 3648 1073 3721 ho-
1123 3648 1340 3724 l'rovocstus
1353 3662 1406 3719 est
1420 3673 1440 3720 a
1454 3648 1626 3741 Papam,
1656 3670 1866 3747 provocatus
1883 3672 1935 3729 est
1957 3684 1978 3731 a
1991 3655 2115 3732 Maa-

79 3783 159 3831 rom
173 3754 445 3848 Responsorum
460 3758 597 3851 aliquid
611 3758 758 3849 periculi
774 3769 929 3826 creatum
953 3753 1072 3825 luisse.
1121 3774 1205 3821 sero
1225 3763 1260 3821 et
1280 3738 1565 3839 Caralostadio‚
1597 3777 1678 3825 eum
1703 3780 1774 3850 quo
1796 3774 1831 3841 et
1849 3760 1963 3831 lacere
1974 3762 2114 3856 putavit

78 3854 128 3933 Bt
147 3858 328 3953 siquidem
351 3857 549 3930 Pontificiis
568 3854 655 3929 haec
676 3856 862 3951 Responsa
889 3880 963 3925 non
985 3878 1073 3925 eon·
1123 3848 1341 3947 Zsingls'am
1366 3867 1402 3926 et
1423 3844 1773 3954 Oeeohmpadium5
1804 3854 1872 3931 hos
1888 3861 1982 3933 inter
1995 3859 2115 3935 hostes

79 3962 277 4042 reduntur,
312 3984 424 4054 quum
440 3959 588 4051 capitale
602 3959 710 4031 inerit
725 3982 817 4054 quae
836 3960 875 4030 in
890 3957 942 4027 eis
956 3956 1071 4028 conti-
1121 3952 1432 4027 Carolostadianos
1446 3949 1592 4043 habuit,
1621 3983 1733 4052 quum
1750 3961 1855 4032 ctiam
1871 3962 1969 4053 (licet
1989 3966 2113 4035 mode-

79 4061 399 4154 nenturproliteri3
425 4063 626 4132 nonsolum
637 4057 952 4155 Lutheranumsed
964 4058 1070 4129 etiam
1121 4057 1226 4151 stiur)
1247 4057 1386 4150 priores·
1408 4072 1528 4130 tamen
1547 4060 1759 4132 sententiam
1779 4058 2021 4135 Luthersnam
2036 4066 2112 4139 vel·

76 4152 331 4239 Ermmiannm
345 4184 439 4247 esse,
464 4163 538 4235 imo
554 4187 629 4234 non
645 4188 774 4255 purum
792 4177 877 4255 puto
892 4158 1070 4253 Papistam
1120 4158 1282 4235 limrent.
1331 4156 1398 4229 His
1413 4173 1533 4231 temen
1546 4184 1621 4231 non
1634 4185 1761 4237 excuso
1774 4164 1843 4235 viri
1857 4164 2115 4261 impetentium,
2155 4259 2159 4265 Ι

78 4288 176 4351 esse,
207 4280 241 4336 et
256 4264 292 4335 id
308 4261 424 4336 modis
438 4266 605 4337 omnibus
621 4265 798 4357 profiteri,
827 4264 911 4335 satis
924 4265 967 4333 ad
984 4284 1070 4352 sup-
1120 4263 1181 4331 sed
1202 4261 1287 4356 quia
1309 4259 1383 4331 seio
1405 4257 1602 4333 Dominum
1625 4260 1743 4335 lesum
1762 4292 1843 4339 eum
1867 4292 1955 4360 pure
1970 4270 2111 4363 praedi-

78 4366 227 4458 plicium
243 4367 322 4438 tote
364 4365 486 4452 Nunc,
511 4391 592 4437 cum
606 4390 683 4452 eos,
707 4366 966 4460 quilugerunt,
991 4362 1070 4434 Rex
1120 4378 1341 4457 cessentque
1365 4362 1567 4454 praedicare
1585 4361 1819 4463 (exceptaque
1843 4368 1910 4443 ista
1934 4370 2111 4464 importu-

79 4479 225 4538 revocat
262 4470 343 4539 data
374 4467 498 4549 venia,
540 4467 766 4560 excipiuntur
793 4462 1070 4540 sacramentarii.
1119 4464 1230 4537 nitate
1251 4464 1289 4533 iu
1303 4464 1537 4555 adversarios)
1560 4466 1665 4537 etiam
1687 4470 1825 4550 vivere,
1856 4472 2113 4567 quiadenique
2147 4548 2151 4557 ,
2272 4496 2276 4503 ’

75 4566 129 4642 At
141 4592 232 4663 quae
245 4561 353 4651 huius
367 4569 406 4639 in
416 4569 546 4639 nostris
555 4570 732 4660 responsis
746 4591 868 4654 causa,
890 4592 970 4638 eum
980 4561 1069 4637 Phi·
1119 4581 1255 4637 tantum
1284 4565 1471 4637 universae
1498 4562 1676 4640 Ecclesiae
1703 4570 1779 4641 eius
1802 4572 1942 4642 labores
1967 4576 2110 4664 profue-
2200 4641 2208 4656 ,

73 4670 195 4762 lippus
210 4694 324 4741 meam
340 4671 465 4762 probet
485 4670 524 4741 in
540 4673 714 4744 sententia
729 4666 972 4745 Eucharistiae
989 4693 1068 4739 mo·
1118 4683 1225 4752 runt,
1256 4691 1320 4759 ego
1346 4690 1420 4737 non
1442 4690 1586 4761 possum
1615 4694 1688 4740 non
1712 4673 1915 4761 gravissime
1941 4675 2111 4767 accipere,

73 4770 294 4843 decetionem
311 4787 345 4843 et
360 4795 423 4862 ego
438 4773 664 4843 concordiam
681 4775 720 4842 in
741 4797 779 4842 re
801 4796 874 4843 esse
891 4771 984 4841 inter
1002 4794 1068 4838 nos
1119 4793 1209 4863 qnae
1224 4783 1279 4853 tu,
1303 4766 1529 4859 Bullingere,
1552 4766 1642 4841 mihi
1657 4772 1819 4866 alioquin
1834 4774 1978 4865 ingenio
1993 4794 2112 4864 natus,

71 4872 266 4967 profitear?
315 4873 385 4947 Sed
409 4875 494 4969 satis
515 4876 559 4945 de
582 4870 649 4949 his.
701 4873 750 4946 At
767 4874 892 4948 Gallos
916 4873 1065 4941 sineex-
1117 4871 1167 4940 sic
1183 4873 1292 4941 audes
1315 4871 1468 4941 scribere
1494 4873 1538 4940 de
1550 4868 1729 4957 Luthero,
1760 4875 1822 4969 qui
1846 4888 2032 4969 tantopere
2050 4880 2108 4948 in·

71 4974 237 5067 ceptione
251 4976 409 5047 lubricos
426 4988 462 5046 et
477 4975 620 5047 fallaces
637 4976 735 5049 sacis.
786 4975 868 5046 Scio
884 4989 918 5045 te
934 4975 969 5042 id
991 4996 1064 5040 non
1116 4994 1223 5065 quam
1239 4969 1417 5043 Ecclesiae
1428 4969 1496 5041 Dei
1511 4975 1760 5044 commodavit.
1812 4973 2107 5052 Namutdesola

71 5077 259 5167 exspiritu
274 5072 411 5148 Christi
429 5078 553 5151 iacere.
604 5075 748 5157 lsenim
766 5079 966 5153 nosdocet,
1000 5097 1066 5143 nos
1115 5072 1279 5142 versione
1295 5071 1497 5142 Bibliorum
1519 5074 1663 5166 loquar,
1695 5091 1848 5173 quantus
1874 5080 1905 5151 is
1920 5077 2110 5152 thesaurus

71 5202 113 5248 cx
135 5192 264 5251 natura
289 5202 331 5249 ex
361 5204 473 5274 aequo
497 5177 802 5267 omnes'perditos
824 5201 915 5261 esse,
948 5176 1064 5264 ipsum
1115 5173 1189 5245 est?
1238 5170 1413 5243 Existimo
1427 5175 1523 5242 enirn
1535 5198 1596 5246 vos
1608 5174 1866 5268 nonlnficiari,
1888 5207 1995 5275 quam
2010 5183 2105 5252 mul-

68 5294 189 5351 autem
207 5282 253 5351 ad
267 5281 567 5371 regenerationem
586 5280 721 5349 nullam
744 5292 884 5368 gentem
900 5277 1062 5351 abiicere.
1114 5290 1148 5348 ta
1165 5277 1203 5344 in
1220 5290 1333 5345 vestra
1352 5276 1513 5347 versione
1528 5277 1725 5352 desiderata
1740 5305 1878 5376 semper
1891 5282 1975 5369 sint,
1998 5284 2106 5355 etiam

70 5378 244 5459 Attamen
275 5374 360 5479 quia
393 5406 550 5475 peccasse
580 5384 669 5454 adeo
699 5375 757 5453 hic
789 5381 895 5453 nobis
928 5380 1064 5465 videor,
1113 5379 1159 5450 ab
1178 5377 1255 5473 ipso
1279 5371 1580 5473 oecolampadio,
1619 5396 1655 5455 et
1674 5395 1714 5455 ut
1728 5407 1826 5457 nunc
1845 5382 1948 5455 video
1966 5385 2012 5457 ab
2026 5385 2107 5484 ipso
