4748 6022
90 2691 382 2798 Ioaobimum
419 2705 738 2799 camerarium
786 2711 831 2797 in
876 2708 1040 2796 edendo
1078 2710 1304 2798 Volumine
1350 2707 1632 2819 epistolarum,
1663 2707 1747 2792 sibi
1789 2704 2123 2793 aMelanthone

92 2928 406 3038 inscriptorum,
436 2929 635 3037 temporis
659 2935 701 3013 et
725 2928 935 3015 hominum
956 2950 1153 3042 magnam
1175 2927 1380 3015 habuisse
1401 2927 1624 3036 rationem,
1651 2948 1788 3034 neque
1818 2926 1951 3038 igitur
1980 2944 2123 3005 omnes

92 3144 384 3230 Melanthonis
420 3146 626 3254 epistolas
665 3144 749 3228 sibi
787 3108 970 3255 scriptas
1010 3143 1219 3259 edidisse,
1262 3143 1399 3230 editas
1428 3151 1565 3230 autem
1601 3150 1788 3228 mutasse
1820 3148 1861 3226 et
1894 3140 2126 3247 mutilasse,

92 3361 218 3447 dubio
247 3368 374 3447 earet.
443 3356 565 3464 Quod
598 3382 681 3469 quo
711 3362 852 3474 magis
880 3360 1090 3476 dolebam,
1126 3387 1177 3447 eo
1204 3360 1440 3448 studiosius
1470 3360 1749 3473 inquirebam,
1787 3384 1843 3446 an
1874 3355 2126 3470 apographa

91 3579 160 3661 vel
191 3573 380 3662 fortasse
408 3573 679 3687 autographa
707 3584 995 3684 superessent.
1062 3575 1153 3660 Sed
1182 3585 1351 3683 praeter
1383 3598 1509 3658 unum
1541 3575 1613 3655 vel
1642 3576 1816 3658 alterum
1844 3569 2151 3709 apographon,

95 3791 198 3877 nihil
228 3797 438 3899 repertum
466 3795 534 3874 est
563 3786 729 3874 illarum
759 3791 1030 3897 epistolarum
1058 3791 1103 3875 in
1132 3790 1413 3877 bibliothecis.

236 4110 315 4221 ht,
357 4104 469 4217 quod
503 4130 590 4192 non
629 4131 921 4221 speraveram,
962 4110 1117 4195 evenit.
1187 4112 1274 4196 lter
1311 4118 1409 4194 ante
1446 4109 1668 4196 trienninm
1698 4108 1907 4195 Dresdam
1943 4105 2130 4215 facienti,

94 4327 192 4414 mihi
216 4326 272 4411 ab
301 4324 469 4409 homine
498 4322 620 4409 docto
647 4322 822 4409 nuntius
851 4325 1010 4411 allatus
1037 4332 1124 4440 est,
1152 4325 1445 4413 ltlelanthonis
1473 4327 1744 4438 autographa
1773 4327 2044 4435 epistolarum
2072 4320 2128 4403 ad

96 4541 379 4629 Camerarinm
416 4564 518 4626 esse
555 4540 715 4624 Rornae
754 4542 800 4658 in
836 4542 1090 4628 bibliotheca
1127 4542 1341 4651 Principis
1378 4541 1530 4654 voigi.
1609 4542 1731 4648 Quod
1767 4544 1839 4629 nbi
1873 4542 2130 4649 audiveram,
2236 4586 2241 4591 -

94 4759 234 4842 statim
255 4740 412 4873 rogavi
435 4756 640 4842 hominem
655 4758 936 4843 doctissimum
962 4768 1004 4844 et
1027 4760 1243 4845 literarum
1263 4762 1578 4872 peritissimum,
1608 4760 1663 4845 D.
1679 4757 1938 4848 Aemilium
1951 4756 2130 4857 Brauon,

96 4971 355 5085 Gothannm,
397 4972 470 5059 din
504 4973 585 5059 iam
613 4970 773 5062 Romae
803 4974 1051 5089 degentem,
1090 4981 1138 5062 ut
1172 4976 1286 5062 huno
1319 4935 1516 5064 codicemv
1532 4976 1892 5090 autographornm
1919 4975 2131 5062 conferret

95 5217 185 5279 oum
222 5190 331 5277 libro
368 5185 499 5305 edito,
535 5192 658 5280 ouius
686 5191 901 5299 exemplar
932 5191 971 5274 ei
1004 5193 1111 5280 misi.
1186 5192 1270 5298 Qui
1305 5194 1481 5305 quidem.
1504 5194 1703 5304 precibus
1738 5197 1842 5280 meis
1877 5190 2128 5279 satisfacere
2251 5194 2255 5205 '

94 5408 277 5498 libenter
307 5405 487 5522 studuit,
519 5408 701 5495 codicem
730 5409 775 5493 in
801 5406 1055 5494 bibliotheca
1080 5408 1303 5523 chigiana
1330 5414 1510 5523 invenit,
1540 5410 1637 5523 sed,
1674 5410 1874 5522 quidquid
1905 5412 2131 5497 tentaverit
