4748 6022
183 172 258 247 ast
539 160 799 239 SCRIPTA
832 158 910 238 AD
942 155 1136 235 VlTAM
1167 153 1244 232 ET
1277 152 1514 237 OBITUM
1544 155 1844 240 munaum
2135 170 2219 248 232

184 344 429 435 obsignaverat
443 360 481 409 se
497 338 695 431 expediret,
718 338 779 408 sed
802 335 963 422 comitis,
977 348 1095 431 'quem
1112 355 1168 403 se·
1219 331 1463 423 superioribus
1478 331 1605 404 diebus
1619 357 1701 404 cum
1711 331 1915 410 loecbimus
1929 334 2051 412 adbuc
2063 342 2212 433 adesset,

181 472 261 517 cum
275 447 467 514 adduxerat
481 441 687 510 invaletudo
702 439 851 523 obstitit,
864 438 926 533 qui
944 461 1007 531 per
1020 429 1167 530 hauc¹²)
1219 456 1256 503 se
1277 434 1318 503 in
1342 457 1382 505 ea
1405 435 1578 528 opinione
1598 436 1708 507 fuisse
1730 439 1889 527 dicebat,
1914 464 2045 515 nervos
2067 458 2210 519 nutum

181 572 261 620 cum
287 546 399 617 literis
424 543 497 612 illis
520 542 642 614 itineri
661 564 698 610 se
721 542 819 610 solus
839 540 1060 612 committere
1091 561 1167 609 non
1219 559 1261 605 ex
1275 536 1489 608 laceratione
1504 538 1666 608 dolorem
1683 541 1836 625 sentire,
1860 542 1933 616 Sed
1957 569 2034 615 rem
2049 546 2153 621 aliter
2168 572 2208 622 se

181 649 315 742 potuit,
343 670 424 716 curn
447 640 556 715 huius
580 635 688 736 opera
709 646 754 713 ad
778 665 836 711 eas
861 643 1089 735 perferendas
1111 641 1166 710 uti
1218 632 1372 729 bebere,
1398 638 1506 732 idque
1521 662 1558 709 se
1573 663 1615 709 ex
1628 639 1691 723 iis,
1718 668 1808 738 quae
1824 660 1905 719 tum
1919 645 1959 717 in
1975 670 2012 717 se
2027 649 2207 743 experire-

180 751 306 840 vellct,
331 747 402 821 Sed
425 770 492 818 nos
514 746 755 817 existimamus
773 744 897 814 divino
914 744 1065 814 consilio
1090 765 1165 811 rem
1218 751 1278 809 tur
1293 739 1448 821 discere,
1468 753 1503 812 et
1516 764 1647 812 nervos
1660 744 1766 815 etiam
1782 748 1930 822 aliunde
1948 749 2109 822 dolorem
2125 776 2210 846 per-

180 853 433 944 gubernatam,
458 873 505 919 ne
521 849 613 919 mori
628 847 764 920 videret
788 871 889 932 eum,
914 869 1020 941 quem
1044 858 1164 937 postea
1218 840 1356 933 cipere,
1388 845 1503 937 deque
1516 843 1773 919 ¹dissolutionis
1795 850 1835 920 iu
1857 865 1986 923 natura
2007 875 2114 925 ausu
2139 854 2210 925 ali-

179 968 361 1025 mortuum
377 951 531 1044 aspicere
546 975 622 1020 non
636 950 772 1043 potuit,
787 961 829 1020 ut
844 948 1028 1023 referetur.
1079 942 1166 1016 Dis·
1218 943 1306 1037 quid
1327 943 1539 1032 disserebat,
1574 959 1617 1018 ut
1640 947 1795 1042 intelligi
1816 954 1928 1045 possit
1951 949 2010 1025 bis
2031 956 2138 1027 rebus
2155 950 2211 1055 ⁸⁴)

181 1058 284 1127 cessit
310 1056 421 1147 igitur
443 1068 521 1124 tum
546 1047 745 1124 loaclrimus
769 1045 838 1120 boc
860 1051 1001 1137 animo,
1035 1064 1076 1122 ut
1102 1047 1164 1143 qui

174 1157 288 1255 'quam
305 1158 461 1249 primum
476 1169 566 1226 esset
584 1176 807 1239 reversurus,
830 1166 865 1224 et
877 1154 981 1224 valde
995 1152 1166 1236 solicitus,

181 1261 270 1356 quid
303 1262 348 1331 de
383 1282 593 1352 paroxysmo
631 1256 784 1327 instante
809 1269 899 1326 esset
917 1256 1099 1340 futurum,
1130 1266 1166 1324 et

180 1386 385 1459 quanquam
407 1360 654 1429 metuebantur
677 1357 816 1441 omnia,
841 1370 960 1428 tamen
984 1359 1030 1428 ad
1053 1355 1164 1424 mini·

127 1512 133 1525 „
179 1489 280 1537 mum
296 1477 377 1533 ante
391 1462 581 1554 septimum
595 1482 846 1555 paroxysmum
866 1455 976 1528 nihili
992 1455 1165 1550 gravioris

178 1566 385 1637 mutationis
427 1564 660 1637 metuebatur.
720 1558 933 1632 Praesertim
973 1584 1052 1631 cum
1088 1560 1163 1650 pri-

180 1669 286 1737 diana
309 1667 367 1736 dic
390 1665 498 1737 talem
526 1690 607 1736 eum
622 1663 852 1748 vidissemus,
876 1675 1037 1755 utsupra
1055 1685 1163 1752 expo-

180 1771 325 1841 suimus.
381 1766 530 1837 Miserat
545 1762 615 1838 huc
632 1762 895 1837 lllustrissimus
909 1762 1079 1856 Princeps
1086 1762 1164 1836 An-

178 1867 338 1942 haltinus
353 1863 555 1940 loachimus
569 1882 633 1942 etc.
649 1891 715 1962 pro
733 1867 919 1938 affectione
933 1890 1012 1957 erga
1022 1864 1068 1941 D.
1076 1861 1164 1936 Phi-

179 1973 318 2065 lippum
341 1971 595 2061 benignissima
621 1993 705 2055 sua,
735 1968 903 2063 quicum
930 1970 1076 2055 viseret,
1128 1965 1162 2038 ls

179 2076 284 2144 etiam
307 2075 375 2144 sub
400 2072 493 2143 idem
521 2087 659 2165 tempus
680 2067 765 2141 hinc
790 2071 1011 2158 discedebat,
1045 2082 1086 2141 ut
1117 2070 1163 2139 de

177 2175 382 2246 valetudine
404 2170 564 2267 Philippi
584 2172 742 2265 Principi
771 2196 837 2243 suo
860 2174 1024 2257 referret,
1055 2168 1163 2241 Hunc

178 2278 288 2370 igitur
301 2278 455 2366 legatum
474 2289 550 2347 tum
570 2277 620 2346 ita
637 2297 709 2344 ase
725 2273 926 2346 dimittebat
948 2289 989 2347 ut
1003 2271 1163 2365 Principi

177 2381 312 2473 optime
322 2375 347 2463 ζ’
354 2375 370 2474 )
392 2391 594 2471 precaretur
614 2376 733 2447 verbis
759 2377 968 2448 testantibus
983 2400 1160 2448 summurn

177 2506 258 2573 erga
282 2482 384 2552 illum
409 2478 611 2572 Principem
633 2479 791 2550 studium
812 2502 932 2564 suum,
957 2492 992 2549 et
1007 2478 1101 2569 piam
1128 2493 1162 2551 et

175 2584 386 2657 submissam
402 2606 523 2652 curam
536 2583 582 2651 de
596 2578 702 2652 rebus
724 2575 832 2651 huius
849 2580 1044 2663 universis,
1070 2605 1161 2674 quae

174 2688 251 2758 sine
265 2684 431 2779 lacrymis
444 2684 568 2755 audire
581 2705 688 2751 nemo
704 2695 854 2774 poterat.

288 2785 400 2857 Paulo
426 2799 505 2878 post
526 2784 766 2855 afferebantur
780 2784 903 2855 literae
919 2806 961 2854 ex
974 2781 1160 2872 Helvetiis,

175 2889 307 2984 quibus
327 2887 548 2958 scribebatur
568 2883 774 2958 Romanum
802 2885 1005 2979 pontificem
1028 2885 1169 2959 Conci-¹

174 2992 264 3062 lium
281 2990 419 3077 moliri,
446 2991 491 3060 ad
507 3014 614 3086 quam
628 2988 919 3080 significationem
936 2989 998 3059 ille
1011 2990 1050 3060 in
1066 2987 1158 3062 hauc

173 3096 283 3164 ferme
307 3092 519 3164 sententiam
542 3093 796 3184 respondebat,
820 3105 864 3163 ut
881 3092 1032 3178 diceret,
1063 3092 1158 3164 mori

174 3197 244 3267 sibi
259 3197 387 3266 melius
400 3217 490 3278 esse,
512 3219 619 3291 quam
633 3186 678 3264 ad
694 3194 885 3265 concilium
903 3195 1044 3276 venire,
1072 3219 1155 3264 nam

145 3287 151 3295 ⁴
173 3322 264 3393 quae
280 3298 525 3370 distractiones
541 3310 618 3369 tum
642 3312 756 3369 essent
778 3299 937 3381 futurae,
964 3297 1055 3369 etin
1070 3312 1157 3391 quot

172 3415 290 3492 partes
305 3400 492 3472 discessuri
511 3412 642 3485 essent,
667 3401 730 3495 qui
753 3401 933 3492 puriorem
954 3399 1154 3470 doctrinam

171 3503 440 3595 profiterentur,
466 3502 568 3574 facile
592 3525 694 3594 posse
713 3502 892 3573 aestimari
914 3525 956 3571 ex
979 3502 1155 3592 praesenti

172 3617 264 3675 statu
278 3627 418 3691 rerum,
445 3606 508 3701 qui
523 3618 605 3676 ante
618 3605 740 3675 oculos
754 3617 842 3676 esset
856 3604 1037 3675 omnibus
1066 3604 1154 3677 Mox

169 3708 238 3778 sub
249 3702 376 3776 horam
391 3720 550 3779 octavam
566 3707 778 3778 matutinam
795 3707 904 3777 febris
923 3721 1020 3778 sexto
1039 3708 1155 3799 coepit

169 3807 472 3904 παροξυνθῆναι,
495 3820 601 3902 atque
625 3822 701 3879 tum
719 3809 848 3880 astanti
867 3809 1076 3878 cuidamad
1102 3810 1154 3880 le-

169 3910 303 3982 ctulum
336 3914 500 4003 propius,
545 3907 612 3981 hac
645 3925 747 3982 nocte
773 3909 892 4006 inquit
926 3910 1076 4000 cogitavi
1110 3911 1153 3981 de

168 4013 285 4084 stultis
307 4014 607 4107 disputationibus
635 4036 779 4098 eorum,
811 4012 875 4107 qui
898 4026 1030 4103 negant
1056 4015 1152 4107 quod

168 4109 332 4186 Christus
355 4132 504 4188 mortem
531 4115 752 4200 extimuerit,
784 4115 855 4186 imo
884 4130 918 4187 et
945 4116 1064 4187 timuit
1091 4115 1152 4186 ille

117 4231 121 4239 ·
167 4229 318 4290 mortem
336 4217 475 4287 dicebat
493 4230 529 4288 et
551 4231 649 4289 tanto
664 4218 921 4312 magisquanto
941 4218 1074 4288 melius
1093 4218 1153 4288 in-

168 4317 302 4390 tellexit
320 4317 408 4413 quid
427 4319 473 4388 sit
497 4319 610 4403 mori,
638 4344 743 4412 quam
767 4344 833 4390 nos
856 4319 1009 4409 cogitare
1025 4313 1151 4412 possu-

167 4442 266 4500 mus,
291 4432 325 4491 et
336 4420 502 4494 solemus.
553 4416 672 4514 Atque
689 4416 757 4492 hoc
773 4424 850 4492 loco
866 4423 983 4492 obiter
996 4424 1152 4491 referen-

166 4523 273 4606 dum,
299 4517 391 4592 banc
412 4522 652 4617 quaestionem
679 4545 760 4593 eum
782 4522 945 4593 ultimam
967 4522 1006 4590 in
1028 4518 1153 4595 ethicis

166 4624 466 4715 disputationibus
485 4626 559 4697 suis
584 4624 725 4716 publice
757 4623 999 4717 proposuisse,
1049 4622 1152 4715 Quo-

165 4729 274 4796 modo
290 4728 455 4799 voluntas
471 4730 510 4799 in
519 4724 661 4801 Christo
676 4727 890 4797 formidante
905 4741 1055 4797 mortem
1065 4752 1152 4798 con·

165 4843 268 4918 gruat
291 4852 371 4900 cum
389 4832 571 4903 voluntate
595 4830 731 4901 aeterni
750 4827 883 4913 Patris,
910 4852 1017 4921 quam
1037 4843 1151 4901 morte

165 4932 332 5022 abreptus
345 4932 592 5025 inexplicatam
609 4933 775 5027 reliquit,
795 4956 881 5003 cum
899 4931 979 5001 aliis
1000 4933 1038 5001 in
1063 4934 1150 5004 scri-

166 5034 235 5124 ptis
249 5035 360 5126 ipsius
376 5060 415 5106 ea
427 5036 512 5106 satis
526 5035 744 5129 explicetur?
795 5032 959 5125 Quadam
980 5036 1085 5106 ctiam
1110 5061 1151 5112 ex

196 5269 243 5338 22)
262 5270 313 5324 Ed.
329 5273 352 5327 t.
369 5273 453 5327 tunc.

196 5355 246 5420 28)
263 5354 313 5412 Ed.
328 5359 354 5413 t.
371 5359 477 5425 oysteino
488 5355 565 5409 dene.
660 5419 661 5423 Ἰ

1217 1062 1293 1165 npn
1306 1058 1383 1118 tum
1397 1047 1554 1142 primum
1569 1049 1802 1140 cogitationes
1818 1055 1918 1129 illius
1937 1057 2105 1151 occupari
2126 1081 2209 1131 cse-

1217 1170 1321 1239 prese.

1319 1280 1446 1355 Postea
1462 1308 1586 1356 rursus
1603 1286 1637 1356 ei
1658 1286 1698 1358 in
1716 1304 1874 1363 mentem
1889 1292 2054 1368 veniebat
2076 1298 2122 1369 de
2136 1294 2210 1371 Ca·

1216 1384 1362 1456 merarii
1384 1387 1458 1457 filia
1480 1401 1640 1474 mortua,
1663 1390 1726 1462 illa
1750 1392 1796 1463 de
1870 1418 1889 1463 a
1913 1398 2210 1488 supradiximus,

1215 1486 1375 1557 fortassis
1397 1504 1541 1581 aspectu
1567 1490 1672 1561 etiam
1692 1418 1945 1568 maritillutus
1958 1499 2003 1570 de
2024 1495 2092 1572 hac
2106 1525 2208 1572 com-
2235 1559 2241 1571 .

1217 1590 1451 1675 monefactus,
1465 1591 1528 1684 qui
1544 1615 1655 1684 prope
1669 1595 1800 1667 lectum
1815 1596 1992 1682 astiterat,
2009 1596 2093 1673 huic
2105 1602 2204 1674 enim

1216 1690 1278 1760 ille
1293 1706 1388 1778 tum,
1415 1688 1515 1765 Uxor
1529 1708 1589 1766 tua
1608 1719 1678 1788 qua
1694 1711 1806 1770 aetate
1830 1712 1925 1785 erat,
1952 1716 1989 1775 et
2004 1704 2103 1797 quali
2123 1729 2205 1777 cor·

1216 1816 1321 1884 pore,
1348 1808 1383 1864 et
1406 1805 1525 1864 tamen
1542 1819 1648 1889 quam
1672 1798 1745 1869 levi
1766 1817 1947 1873 momento
1970 1805 2205 1896 extingueba-

1215 1906 1293 1981 tur,
1307 1896 1377 1967 fuit
1392 1894 1490 1967 illius
1505 1898 1652 1971 morbus
1668 1901 1807 1976 dicebat
1824 1927 1898 1974 non
1909 1904 2094 1979 dissimilis
2109 1934 2201 1997 meo,

1215 2020 1298 2065 nam
1327 1996 1487 2090 splenem
1510 1994 1675 2072 similiter
1700 2004 1792 2074 male
1823 2005 1987 2077 affectum
2021 2004 2200 2099 habuisse,

1215 2093 1306 2167 mibi
1328 2098 1403 2170 visa
1425 2113 1498 2186 est,
1524 2115 1559 2172 et
1576 2126 1641 2194 ego
1656 2103 1777 2200 iuquit
1790 2106 1922 2177 ibidem
1940 2110 2100 2183 dolorem
2117 2136 2201 2184 sen-
2238 2168 2243 2179 ,

1215 2199 1286 2281 tio,
1317 2198 1434 2273 Tanta
1466 2216 1585 2275 tamen
1614 2207 1781 2278 debilitas
1811 2207 1882 2280 mei
1904 2213 2064 2303 corporis
2088 2229 2201 2287 estex

1215 2302 1366 2375 obscura
1381 2328 1498 2386 causa,
1521 2307 1571 2375 sic
1586 2307 1682 2376 enim
1698 2308 1890 2382 iudicabat.
1938 2308 1986 2382 Et
2002 2313 2108 2406 paulo
2121 2331 2204 2388 ante

1214 2428 1294 2475 cum
1308 2404 1347 2474 in
1364 2406 1533 2477 lectulum
1550 2408 1797 2496 decumberet,
1822 2413 1852 2482 si
1869 2437 1966 2483 mors
1982 2438 2058 2486 non
2074 2431 2127 2488 est
2146 2418 2203 2488 di·

1214 2508 1333 2591 cebat,
1365 2509 1469 2579 valde
1490 2510 1607 2599 gravis
1630 2525 1684 2583 est
1707 2505 1794 2583 haec
1808 2515 2009 2604 castigatio,
2034 2520 2203 2591 morbum

1213 2608 1428 2701 significans.
1487 2606 1577 2682 Erat
1597 2611 1636 2681 in
1657 2615 1791 2706 pariete
1812 2615 1945 2687 lectulo
1962 2620 2125 2711 proximo
2142 2635 2203 2693 ta-

1212 2713 1298 2783 bula
1310 2710 1413 2783 affixa
1428 2714 1617 2784 continens
1633 2714 1810 2807 picturam
1824 2706 2011 2809 regionum
2024 2717 2204 2818 Europae,

1212 2838 1318 2908 quam
1338 2839 1420 2886 cum
1445 2815 1702 2911 aliquantisper
1715 2818 1862 2891 intentis
1877 2823 1990 2893 oculis
2004 2824 2204 2915 aspexisset,

1211 2913 1337 2989 Postea
1352 2940 1544 2988 conversus
1560 2920 1606 2990 ad
1619 2932 1774 2993 astantes
1788 2936 1824 2994 et
1836 2925 1992 2995 suaviter
2006 2925 2130 2998 ridens
2142 2927 2202 2999 in-

1210 3020 1308 3113 quit,
1337 3015 1379 3093 V
1376 3013 1560 3115 irdungus
1582 3023 1763 3116 quondam
1788 3021 1907 3120 (cuius
1923 3048 2030 3119 supra
2045 3030 2201 3103 mentio-

1210 3145 1291 3190 nem
1313 3119 1479 3218 fecimus)
1505 3124 1681 3215 praedixit
1700 3120 1793 3196 mibi
1814 3148 1855 3196 ex
1878 3129 1999 3211 astris,
2030 3154 2089 3201 me
2108 3155 2200 3205 nau-

1208 3223 1361 3313 fragium
1394 3226 1571 3296 facturum
1607 3226 1647 3295 in
1682 3228 1773 3297 mari
1803 3223 1986 3319 Balthico,
2019 3230 2094 3303 lam
2120 3257 2198 3306 non

1208 3326 1314 3419 longe
1339 3327 1462 3397 absum
1489 3328 1622 3397 amari
1643 3328 1726 3410 illo,
1754 3342 1828 3401 erat
1848 3331 1945 3403 enim
1961 3325 2041 3426 pars
2054 3335 2198 3406 tabulae

1209 3452 1268 3511 ea,
1294 3452 1363 3524 qua
1380 3423 1450 3499 hoc
1463 3428 1687 3522 depingitur,
1712 3431 1842 3504 lectulo
1857 3434 2027 3526 proxima·
2074 3426 2077 3432 ¹

1286 3560 1423 3634 lnterea
1442 3559 1590 3635 horrore
1605 3564 1726 3635 febrili
1744 3566 1928 3640 desinente
1942 3592 2023 3640 cum
2038 3583 2199 3644 aestuare

1208 3664 1391 3758 inciperet,
1416 3665 1546 3736 accidit
1561 3665 1593 3737 ei
1610 3669 1704 3760 quod
1721 3691 1828 3761 supra
1842 3670 2055 3765 scripsimus,
2079 3687 2120 3747 ut
2138 3673 2199 3744 in·

1206 3780 1261 3837 tra
1283 3767 1474 3857 stragulam
1497 3792 1600 3839 crura
1623 3769 1806 3841 continere
1829 3796 1905 3842 non
1931 3787 2068 3866 posset,
2100 3778 2198 3872 quod

1206 3881 1324 3939 autem
1353 3869 1586 3941 nudationem
1610 3872 1716 3941 talem
1739 3896 1841 3944 suam
1863 3876 2020 3968 conspici
2044 3878 2199 3971 graviter

1206 3971 1331 4054 ferret,
1359 3985 1395 4043 et
1416 3971 1536 4063 plures
1551 3985 1626 4043 tum
1645 3976 1690 4045 ad
1710 3997 1791 4046 eum
1807 3976 1994 4049 visendum
2009 3981 2196 4067 convenis-

1204 4085 1304 4159 sent,
1337 4096 1417 4144 cum
1441 4075 1594 4167 quadam
1616 4077 1853 4148 commotione
1873 4080 2034 4169 dicebat,
2068 4082 2198 4177 quine

1205 4198 1262 4245 me
1286 4173 1474 4247 receditis?
1500 4199 1591 4271 quae
1609 4201 1677 4257 ¹vox
1695 4178 1734 4248 in
1749 4203 1853 4252 causa
1868 4180 1955 4269 fuit,
1980 4196 2022 4254 ut
2034 4184 2197 4282 plerique

1205 4291 1326 4370 postea
1349 4277 1548 4349 timidiores
1572 4293 1687 4352 essem
1711 4280 1750 4352 iu
1769 4307 1810 4352 eo
1824 4282 1990 4370 visendo,
2016 4310 2125 4380 eaque
2138 4288 2199 4358 die

1205 4380 1326 4450 minor
1347 4392 1436 4450 esset
1460 4380 1650 4452 visentium
1666 4383 1877 4478 frequentia.
1926 4381 2123 4461 Desinebat
2136 4383 2197 4461 bic

1206 4505 1436 4574 paroxysmus
1457 4497 1539 4555 aute
1552 4485 1832 4576 pomeridianam
1849 4488 2063 4576 secundam,
2086 4502 2128 4560 ut
2141 4492 2221 4561 e's-‘

1204 4596 1258 4654 set
1279 4582 1383 4675 louge
1403 4607 1509 4678 quam
1530 4589 1740 4677 praecedens
1756 4588 1939 4681 proximus
1955 4605 1989 4663 ct
2003 4590 2146 4662 brevior
2164 4606 2198 4663 et

1204 4685 1340 4769 lenior,
1364 4687 1402 4755 in
1421 4711 1493 4780 quo
1509 4702 1544 4760 et
1558 4688 1687 4760 deiecit
1702 4689 1837 4784 aliquid
1855 4693 1971 4764 adusti
1995 4717 2198 4764 excremen-

1204 4787 1251 4873 ti,
1275 4788 1419 4878 nigrum
1442 4813 1588 4881 prorsus
1609 4804 1645 4862 et
1666 4792 1732 4863 sub
1752 4793 1859 4863 finem
1880 4795 2083 4890 paroxysmi
2104 4795 2197 4868 lenis

1204 4892 1315 4962 sudor
1337 4913 1401 4983 per
1423 4906 1536 4963 totum
1564 4916 1692 4988 corpus
1713 4894 1901 4983 existebat,
1926 4897 2049 4990 pulsus
2075 4896 2196 4992 etiam,

1204 4990 1340 5066 Urinae
1374 5007 1408 5063 et
1436 5008 1570 5065 caetera
1596 4996 1636 5066 in
1663 5020 1801 5070 summa
1827 5000 1993 5070 universa
2020 4998 2197 5074 eiusmodi

1204 5109 1306 5168 erant
1329 5096 1449 5190 qualia
1471 5120 1545 5168 esse
1566 5098 1712 5188 debent,
1738 5126 1829 5197 quae
1851 5101 2003 5174 infebri
2016 5126 2115 5197 spem
2130 5102 2198 5175 bo-

1237 5350 1288 5422 24)
1304 5353 1403 5416 redeas]
1419 5349 1471 5408 Ed.
1485 5353 1508 5409 l.
1526 5357 1630 5415 verbm
