1483 1683
232 151 270 169 993

422 195 526 211 'Seoundm

284 230 393 254 Quicunque
405 230 461 253 igitur
467 230 536 248 venerit
547 230 567 247 in
575 230 699 252 Academiam,
710 235 728 249 et

232 257 290 275 studia
303 262 334 274 sua
346 256 375 279 pie
388 256 482 274 instituere
495 256 552 277 volet,
565 256 643 279 primum
652 256 727 279 cogitata

232 282 267 300 Dei
278 282 379 303 voluntate,
398 285 414 299 et
427 282 522 304 implorato
537 281 575 299 eius
590 282 668 304 auxilio,
685 288 727 300 mox

230 307 325 326 Rectorem
331 306 436 325 Academiae
444 307 524 327 accedat,
537 310 554 324 et
560 313 626 325 nomen
635 313 687 325 suum
696 313 726 330 pe-

231 336 257 351 tat
269 333 331 351 referri
344 333 391 351 inter
402 333 521 351 studiosorum
530 332 614 354 nomina,
627 336 643 351 et
652 333 727 356 promit-

232 362 258 376 tat
264 364 283 376 te
291 358 360 381 legibus
368 358 433 376 nostris
441 358 603 381 obtemperaturum
612 364 654 376 esse.
678 358 725 381 Quia

231 390 264 401 nec
272 383 366 402 honestum
374 387 409 405 est,
422 389 454 401 ncc
463 387 521 401 tutum
530 383 607 406 Reipub.
614 384 675 406 vagari
683 384 727 401 ado—

231 409 344 430 lescentiam,
354 412 384 427 aut
391 409 439 427 ullos
446 408 527 426 homines
537 409 555 426 in
562 409 673 430 civitatibus,
687 409 725 427 sine

232 435 284 452 certic
292 435 428 457 magistratibus.
455 434 479 452 Et
487 433 535 452 Deus
542 434 581 451 vult
591 435 653 452 rudem
668 438 685 452 et
697 435 726 452 in-

231 460 300 477 firmam
308 463 382 478 aetatem
390 460 427 482 regi
435 460 504 482 legum,
516 460 651 482 magistratuum
663 464 680 478 et
692 460 725 478 do-

231 485 310 503 centium
318 485 418 503 autoritate.
436 485 502 503 Rector-
509 488 569 503 autem
577 485 596 502 in
604 485 683 503 editione
692 492 725 503 no-

231 511 296 531 minis,
309 511 372 528 sitatis
380 514 405 528 est
412 514 459 528 aetas
467 510 583 528 adolescentie
590 514 611 528 ut
621 511 644 528 sit
655 512 670 529 ei
680 517 725 534 opus

231 536 315 553 familiari
329 539 439 559 praeceptore
445 550 451 557 ‚
467 536 536 553 iubebit
550 542 590 553 eum
605 536 725 554 commendari

231 561 284 579 alicui
292 567 313 579 ex
322 562 344 579 iis
352 561 383 585 qui
391 562 474 584 privatim
481 562 551 579 docent.

441 604 515 621 Tertia.

284 640 376 658 Interdum
385 641 437 658 etiam
445 639 464 658 hi
474 641 506 664 qui
514 641 586 658 uomina
595 647 626 659 sua
634 642 680 664 apud
689 641 727 659 Re-

231 670 298 684 ctorem
307 666 410 687 ediderunt,
420 669 507 689 vagantur
514 667 553 684 aine
561 667 621 684 studio
629 666 727 688 literarum,

231 697 264 709 nec
271 692 344 713 docent,
357 697 390 709 nec
398 692 470 709 discunt
479 690 561 710 honestas
568 695 623 713 artes,
636 698 668 710 nec
680 692 726 710 ullae

232 717 359 740 praelectiones
366 717 447 740 publicas
454 717 536 735 audiunt.

283 747 336 765 Tales
349 747 364 765 si
377 746 483 771 deprehensi
493 748 569 770 suerint,
580 748 672 766 indicandi
685 752 727 766 sunt

232 773 364 795 magistrat-ihm
379 773 451 796 oppidi,
463 776 483 791 nt
495 774 551 792 sciant
559 780 589 791 cns
598 773 676 797 hospites
684 780 727 795 esse,

231 799 300 817 alienos
308 798 331 816 ab
340 798 403 816 ordine
414 797 529 819 scholastico,
540 805 572 816 nec
579 799 662 817 fruentur
670 799 726 822 privi-

231 824 282 847 legiis
293 822 409 845 Academiae,
425 827 456 841 aut
468 824 483 840 si
497 824 590 842 infirmitas
606 825 678 845 aetatis,
696 828 727 842 aut

231 850 353 870 coutumacia,
369 849 403 867 alia
416 849 489 867 consilia
501 850 608 872 postulabit,
628 856 648 867 ex
658 850 727 868 Acade-

232 875 267 892 mia
275 878 293 892 et
301 875 368 898 oppido
376 875 465 892 discedere
474 878 565 897 cogentur.

441 917 524 938 cun-n..

282 953 307 972 Et
315 954 398 977 privatim
407 957 424 972 et
433 955 503 978 publice
512 955 569 978 prima
578 958 625 972 aetas
632 955 728 977 diligenter

232 980 289 997 discat
297 979 437 998 Grammaticam
449 980 533 1001 latinam,
546 980 664 1001 Dialecticen,
677 979 727 998 Rhe-

231 1004 300 1023 tot-icen
308 1008 325 1022 et
333 1011 419 1022 summam
428 1005 519 1023 doctrinae
523 1005 644 1026 Christianae,
655 1006 727 1029 publice

233 1036 275 1048 vero
283 1036 345 1048 omnes
352 1030 383 1054 qui
391 1034 484 1048 versantur
491 1031 510 1048 in
521 1031 585 1049 studiis
593 1030 727 1054 philosophicis,

232 1055 307 1073 audiant
322 1055 354 1073 has
370 1056 497 1078 praelectiones
514 1056 532 1074 in
551 1057 616 1080 quibus
632 1057 727 1074 traduntur

232 1080 326 1099 Elementa
334 1081 425 1099 doctrinae
434 1082 456 1099 de
463 1082 534 1099 circulis
545 1082 659 1103 coelestibus,
671 1082 726 1100 eolle-

232 1110 260 1124 cta
272 1113 282 1124 a
292 1106 359 1124 loanne
372 1107 394 1124 de
404 1112 454 1124 sacro
462 1107 527 1129 Busto,
538 1106 665 1129 Arinhxuefiea,
678 1107 726 1132 Phy-

232 1132 279 1153 sica.
292 1132 385 1150 Secundus
393 1132 438 1150 liber
446 1132 512 1152 Plinii,
522 1136 539 1150 et
548 1132 647 1151 Aristotelia
655 1132 724 1151 Ethica.

233 1157 263 1175 llli
276 1163 319 1175 vero
331 1158 364 1181 qui
372 1157 471 1180 Megisten-ii
483 1157 602 1181 philosophici
611 1159 684 1181 gradum
694 1165 726 1181 pe-

233 1182 284 1200 tituri
298 1187 349 1204 sunt,
367 1187 397 1201 aut
410 1183 478 1207 alioqui
493 1184 626 1206 locupletiorem
636 1184 725 1207 cognitio-

233 1213 274 1225 nem
284 1207 410 1231 Philosophiae
421 1209 516 1232 adpetunt,
533 1209 631 1232 adiungant
642 1210 664 1227 ad
674 1215 726 1232 prae-

233 1233 327 1254 lectiones,
344 1239 419 1256 quamm
431 1234 466 1252 iam
478 1235 545 1253 mentio
556 1235 601 1253 sacta
612 1239 647 1256 est,
663 1234 725 1253 Eucli-

232 1259 278 1279 den,
288 1257 387 1276 Theoricas
394 1259 514 1282 planetarum,
527 1264 545 1278 et
553 1266 635 1283 magnam
643 1264 725 1278 constru-

233 1284 310 1301 ctionem
318 1283 410 1302 Ptolemei.
420 1298 422 1300 v
435 1284 522 1308 Cupimm
529 1286 576 1302 enim
587 1286 676 1303 studiosos
687 1292 724 1303 non

233 1312 302 1327 tantum
313 1309 385 1327 inanem
396 1309 503 1328 eruditionis
513 1310 595 1328 umbram
606 1311 641 1329 ubi
654 1311 725 1328 circun-

234 1335 285 1355 dare,
298 1335 328 1352 sed
338 1340 397 1352 veram
406 1333 540 1358 Philosophiam
553 1335 652 1359 percipere,
665 1340 682 1354 et
694 1341 725 1353 or-

233 1360 276 1378 dine
284 1366 315 1383 per
324 1364 370 1378 artes
378 1360 429 1381 duci,
442 1361 490 1384 quod
499 1364 516 1378 et
528 1361 603 1384 singulis
612 1361 656 1379 utile
667 1364 692 1379 est
702 1362 724 1378 ad

234 1385 342 1408 agnitionem
350 1386 429 1403 veritatis
442 1392 476 1409 qua
485 1386 553 1408 regitur
560 1386 597 1404 vita
603 1400 608 1407 ,
621 1390 638 1404 et
646 1387 668 1404 ad
677 1390 724 1404 recte

233 1411 357 1432 indicandum,
377 1415 394 1429 et
405 1411 496 1429 communi
506 1412 553 1429 vitae
563 1412 681 1430 necessarium
693 1415 725 1434 est,

234 1442 279 1460 quae
290 1443 327 1455 non
339 1440 395 1460 potent
406 1442 465 1454 carere
477 1441 514 1455 arte
526 1438 641 1459 numerandi,
657 1441 675 1456 et
685 1443 724 1455 rne-

258 1463 348 1480 Muta-u.
356 1464 409 1480 Orsa.
416 1463 458 1480 Van..
465 1463 489 1480 X.

460 167 463 169 Α
477 150 633 174 ALLOQUIA
645 150 684 170 ET
700 149 813 170 Bnnvns
828 149 1005 170 CONCIONES.

1211 152 1250 171 994

755 194 821 215 uendi,
834 194 877 212 anni
885 194 964 214 ratione,
976 193 1125 217 cosmographia,
1138 195 1219 213 doctrina
1227 196 1249 214 de

755 223 819 238 natura
829 220 909 244 corporis
919 218 1004 241 humani,
1020 223 1038 237 et
1048 220 1104 237 initiis
1112 220 1156 238 artis
1163 220 1249 243 Medicae,

755 249 773 263 et
785 246 871 263 virtutum
884 245 1010 268 descriptione.
1035 244 1104 263 Harum
1118 249 1207 264 tantarum
1220 253 1248 264 re-

754 277 794 289 rum
806 272 926 294 cognitionem
942 271 1058 288 necessariam
1071 271 1127 292 vitae,
1143 272 1199 290 sciant
1210 276 1248 290 stu-

754 297 800 314 diosi
808 300 869 315 nostro
877 296 938 314 ordini
947 296 1030 314 tuendam
1039 299 1056 314 et
1065 297 1196 320 propagandam
1205 303 1247 316 esse.

960 339 1041 360 Quinta.

802 375 826 394 Et
833 376 875 399 quia
883 376 941 393 fontes
952 376 1044 394 doctrinae
1051 374 1141 394 Ecclesiae
1152 377 1246 395 contineu-

752 405 781 419 tur
788 401 844 419 literis
852 400 927 419 Ebraeis
935 404 952 419 et
960 400 1044 424 Graecis,
1058 399 1090 418 has
1098 408 1169 425 qunque
1177 402 1246 420 discant

752 427 789 448 illi,
806 427 838 450 qui
849 433 868 444 se
878 430 984 450 praeparant
995 427 1017 444 ad
1030 427 1128 444 docendam
1142 426 1245 446 Ecclesiam.

752 452 821 470 Graece
829 458 872 470 vero
883 452 954 475 linguae
966 452 1054 475 coguitio,
1067 452 1119 469 etiam
1132 452 1154 469 ad
1162 452 1246 471 Philono—

752 477 812 501 phiam
820 477 958 501 percipiendam,
966 481 983 495 et
992 478 1014 495 ad
1023 476 1116 495 historiam
1123 480 1202 496 veterum
1211 479 1245 496 im-

751 503 842 526 periorum
851 504 991 525 cognoscendam
999 503 1096 520 necessaria
1106 506 1138 521 est.
1165 503 1207 521 ldeo
1217 504 1246 521 in-

752 529 828 551 geniosis
836 532 852 546 et
860 529 985 551 adpetentibus
996 528 1073 546 solidum
1081 528 1200 546 eruditionem
1208 535 1245 547 non

752 554 857 577 negligenda
865 557 897 572 est.

965 596 1032 613 Sexta.

803 633 912 652 Exercitinm
922 634 1063 657 disputationum
1078 634 1143 652 multae
1160 635 1246 653 utilitates

753 660 815 678 adfert.
841 659 945 677 Adsuesacit
955 659 1004 677 enim
1012 660 1101 677 studiosos
1108 663 1129 677 ut
1137 666 1164 678 res
1171 660 1245 678 intrica-

753 689 779 703 tas
789 686 809 703 in
819 685 882 703 breves
897 685 1030 706 conclusiones,
1047 688 1064 703 et
1076 685 1193 709 Syllogismos
1206 689 1246 709 apte

753 711 845 729 includere
856 711 933 733 possint,
946 714 964 728 et
972 710 1041 733 placida
1050 711 1156 733 opinionum
1167 711 1246 733 collatio,

753 737 818 754 multas
829 742 857 753 res
866 736 950 753 obscuras
960 736 1006 753 eruit
1014 739 1031 754 et
1038 736 1130 759 patefacit,
1143 740 1160 754 et
1168 737 1246 754 dexteri-

752 765 805 779 tatem
814 762 872 779 adfert
879 761 899 779 in
906 762 1040 784 respondendo,
1052 764 1070 779 et
1078 761 1097 779 in
1108 761 1158 779 omni
1165 768 1246 780 sermone

753 787 859 805 comitatem.
885 786 928 804 Ideo
940 793 977 804 non
986 787 1044 804 omitti
1056 787 1184 809 disputationes
1195 788 1246 805 volu-

753 819 798 831 mus.
817 812 843 830 Ut
850 815 909 830 autem
918 815 936 830 et
943 812 997 830 latine
1005 812 1094 830 scribendi
1103 813 1205 830 exercitium
1214 811 1246 830 ha-

753 838 807 856 beant
823 837 937 859 scholastici,
957 838 1031 856 alternis
1048 838 1177 861 disputationes
1193 838 1246 856 insti-

753 866 827 881 tuantur
837 869 847 881 a
858 863 958 886 Magistro,
971 867 988 881 et
1000 863 1098 881 recitentur
1111 869 1120 880 a
1132 862 1247 882 Scholasticis

754 889 896 907 declamationes.
923 888 947 906 Et
963 888 1046 911 Magistri
1062 889 1094 912 qui
1106 888 1246 911 Grannnaticen,

753 913 871 935 Dialecticcn,
887 917 918 931 aut
928 912 1038 932 Rhetoricen
1052 915 1135 936 tradunt,
1161 914 1203 933 item
1215 916 1246 938 qui

753 940 818 957 latinos
838 942 869 956 aut
889 944 961 961 graecos
984 939 1079 961 scriptores
1099 940 1245 962 interpretantur,

753 965 839 982 mandent
845 964 957 982 auditoribus
964 967 984 982 ut
991 964 1068 982 scribant
1078 967 1096 982 et
1105 965 1178 982 recitent
1185 965 1245 983 decla-

753 990 845 1009 mationes.
870 989 924 1007 Nulla
931 993 989 1007 autem
997 989 1094 1012 disputatio
1102 993 1133 1007 aut
1141 990 1246 1009 declamatio

753 1019 863 1039 proponatur
871 1015 951 1038 publice,
963 1021 1001 1032 non
1013 1015 1090 1038 inspecta
1103 1021 1112 1032 a
1121 1014 1203 1038 Decano,
1216 1020 1247 1034 aut

753 1041 845 1064 Magistrin
855 1046 931 1064 quorum
941 1040 1027 1058 iudicium
1036 1040 1190 1063 probatDecanur.
1208 1041 1247 1059 No-

753 1067 812 1084 lumus
820 1066 867 1084 enim
879 1066 961 1083 materias
972 1066 1032 1084 futiles
1042 1069 1059 1084 et
1070 1064 1152 1084 honestas
1163 1068 1246 1090 proponi,

753 1093 837 1110 nolumus
848 1095 866 1110 et
877 1092 956 1114 sugillari
965 1098 1066 1115 quenquam
1079 1091 1098 1109 in
1110 1090 1143 1109 hae
1149 1091 1246 1110 Academia

752 1118 855 1138 docentem,
871 1120 902 1135 aut
918 1117 1010 1135 manifesta
1027 1117 1152 1134 criminatione
1167 1117 1247 1139 lacerari,

752 1146 770 1161 et
777 1143 850 1160 accendi
857 1142 954 1160 discordias
962 1141 996 1159 hoc
1003 1148 1053 1160 more
1061 1142 1165 1165 disputandi
1175 1147 1206 1161 aut
1213 1144 1245 1161 de—

752 1168 851 1189 clamandi,
864 1168 896 1192 qui
904 1168 994 1185 institutus
1003 1171 1038 1188 αἱ,
1051 1171 1071 1185 ut
1084 1168 1140 1191 prosit
1150 1169 1172 1186 ad
1185 1169 1246 1186 erudi-

752 1194 829 1215 tionem,
842 1197 859 1211 et
868 1194 890 1211 ad
899 1193 981 1211 virtutem
990 1193 1088 1214 iuventuti,
1101 1199 1138 1211 uon
1146 1197 1166 1211 ut
1177 1194 1244 1212 livido-

752 1226 792 1237 rum
800 1219 898 1237 adfectibus
906 1225 925 1236 ac
933 1218 1042 1242 petulantiae
1048 1218 1118 1236 serviat.

914 1287 947 1304 De
964 1285 1083 1303 moribus.

938 1327 1004 1343 Prima
1018 1327 1055 1342 lex.

802 1360 906 1379 Conventus
917 1358 1018 1377 scholastici
1029 1362 1076 1376 recte
1087 1358 1165 1376 instituti
1176 1362 1193 1376 et
1204 1359 1244 1376 sue-

752 1390 795 1404 runt
807 1387 850 1404 olim
863 1390 881 1404 et
894 1391 930 1403 esse
939 1385 1005 1402 debent
1014 1384 1128 1407 praecipuum
1136 1389 1199 1406 agmen
1209 1383 1244 1402 Et·-

751 1412 813 1429 clesiac
821 1411 860 1430 Dei.
888 1411 915 1428 lbi
924 1411 971 1428 euim
983 1410 1063 1427 doctrina
1074 1409 1154 1427 coelestis
1166 1409 1245 1427 custodi-

751 1441 789 1457 tur,
801 1440 819 1455 et
830 1437 939 1460 gubernante
950 1435 1019 1478 Spitgtau
1032 1439 1092 1453 sancto
1100 1433 1201 1453 Catholicae
1209 1434 1244 1453 Ec-
