4748 6022
109 299 198 378 665-

123 472 191 548 Νο.
214 468 300 547 375.

111 574 320 608 Μ

214 683 295 755 Apud
311 676 439 740 Vincent.
458 698 486 754 p.
501 681 563 739 stt.

889 546 890 549 ’
932 555 1102 590 Μ

371 860 430 931 En·
455 863 605 932 Homeri
632 856 759 955 odyss.
779 856 839 935 ln.

116 1035 223 1112 Τοῖος
244 1022 319 1127 γὰρ
344 1022 430 1108 νόος
454 1024 556 1100 ἐστὶν
578 1024 808 1121 ἐπιχθονίων
834 1018 1072 1125 ἀνθρώπων,

115 1131 209 1207 01ον
234 1128 293 1238 ἐπ’,
317 1119 418 1227 ἦμαρ
445 1128 556 1228 ἄγησι
582 1127 704 1228 πατὴρ
732 1126 925 1228 dodanim
947 1128 1102 1199 θεῶντι.

112 1253 213 1321 Talis
230 1271 327 1317 mens
346 1242 532 1317 hominnm
552 1262 603 1318 est
621 1249 735 1342 qualis
752 1250 894 1320 fortuna
910 1246 1072 1332 dierum,

113 1353 229 1442 Quam
249 1349 357 1419 variis
373 1351 510 1420 vicibus
527 1351 648 1420 divina
665 1351 821 1443 potentia
840 1363 965 1422 mutat.

961 1884 1099 1914 Μ

123 1788 188 1858 Νο.
210 1785 295 1859 376.

112 1882 319 1919 m

215 2000 294 2073 Apud
308 1997 434 2054 vincent.
449 2016 476 2070 p.
492 1998 548 2053 189.

281 2125 583 2261 neeromantia,
608 2190 659 2243 eo
684 2169 922 2264 Empedocle.

105 2344 246 2415 Ἄλλοτε
268 2331 338 2428 μὲν
356 2326 522 2430 φιλότητι
540 2326 784 2431 συνερχόμὲν’
810 2339 860 2418 εἲς
881 2336 922 2408 ἓν
937 2331 1098 2421 ἅπαντα,

111 2443 239 2514 ἄλλοτε
275 2432 313 2509 d’
346 2429 395 2508 αὖ
434 2429 511 2525 δίχ’
545 2432 681 2507 ἕκαστα
714 2432 928 2532 φορεύμενα
963 2433 1101 2518 νείκεος

621 2535 732 2627 ἔχθει.

109 2650 156 2738 τῇ
178 2636 251 2736 μὲν
268 2635 481 2741 γίγνονται,
514 2631 579 2707 καὶ
601 2635 647 2707 οὔ
667 2657 797 2732 σφισιν
814 2631 1097 2728 ἐμπεδοςαίαίν,

109 2751 156 2840 τῇ
179 2740 204 2816 d
206 2740 217 2768 ³
242 2735 487 2814 ἀλλάσσονται
501 2735 548 2808 τὰ
566 2731 764 2833 διάμιιερες
786 2733 872 2810 οὐδ’
890 2735 970 2831 ἅμα
987 2733 1099 2839 λήγει.

113 2879 233 2967 lungit
251 2899 349 2945 amor
364 2852 577 2964 quandoqn}
590 2869 759 2941 elementa
777 2884 811 2940 et
822 2871 955 2943 semina
968 2898 1098 2962 rerum,

110 2975 299 3052 Dissiliunt
315 2977 406 3046 odiis
422 2975 542 3041 eadem
557 2971 725 3045 certantia
742 2995 883 3055 rursus,

109 3084 167 3155 sic
184 3106 239 3151 res
256 3079 367 3170 gignit
383 3096 501 3151 amor,
527 3075 586 3140 sed
604 3096 680 3141 non
696 3073 860 3143 durabile
874 3074 1069 3167 quidquam

108 3183 291 3265 Nascitur,
316 3180 425 3273 inque
440 3175 532 3244 vices
549 3186 734 3246 mutantur
747 3188 872 3246 cuncta
887 3177 1049 3248 subinde.

96 3431 510 3455 ¹.......---—-—-·--·

128 3624 196 3696 No.
224 3614 309 3696 377.

111 3718 324 3754 m

915 3709 1088 3741 Μ

213 3829 293 3902 Apud
313 3826 438 3881 Vincerat.
458 3842 486 3895 p.
499 3821 560 3876 139,

144 4006 340 4098 Inscriptio
362 4004 403 4072 in
427 4003 561 4068 nnuc
583 3995 700 4065 Arato
724 3997 896 4088 Sicyonio
919 3997 1057 4086 posito.

106 4153 249 4239 flooldi
268 4147 339 4246 pio
357 4142 421 4222 καὶ
444 4144 564 4216 ἄεθλα
583 4138 647 4214 καὶ
668 4138 691 4235 ἡ
713 4138 795 4236 περὶ
811 4136 962 4225 ίλλοίδος
984 4139 1091 4232 ἀλκὰ,

156 4254 264 4334 τοῦδ’
289 4246 428 4349 ἀνδρὸς
448 4239 577 4340 στήλος
597 4237 781 4316 πλάθεται
802 4239 1014 4341 ἡρακλίονς.

106 4362 208 4461 ἡμεῖς
226 4356 264 4434 δ’
288 4349 401 4430 εἰκόν’
427 4348 540 4446 ἄρατε
560 4340 651 4419 τεὰν
672 4339 820 4417 νόστοιο
840 4342 1032 4440 τυχόντες,

157 4457 347 4555 στάσαμεν
373 4448 458 4527 ἀντ’
483 4446 615 4543 ἀρετᾶς
638 4441 704 4540 ἠδὲ
731 4442 980 4530 δικαιοσύνας.

106 4571 270 4661 σωτῆρος
295 4562 456 4652 σωτῆρσι
478 4551 599 4635 θοοῖς,
639 4545 698 4622 ὅτι
717 4545 869 4646 πατρίδι
891 4555 940 4646 τᾷ
965 4557 1015 4647 σᾷ

157 4664 310 4759 δαίμονι
336 4664 408 4756 σῷ,
433 4650 546 4727 θείαν
569 4650 723 4733 ὤπασας
746 4647 937 4746 εὐνομίαν.

433 4811 437 4818 ’
533 4788 570 4855 ld
595 4806 656 4856 est:

102 4918 214 4994 Venit
228 4913 271 4984 ad
285 4902 476 4980 Herculeas
490 4928 691 5000 quanquam
705 4917 766 4973 tna
788 4903 880 4972 lama
896 4905 1090 4990 columnas,

153 5023 253 5093 Dum
266 5009 415 5105 patriam
430 5027 548 5076 servas
560 5006 690 5099 inclyte
705 5001 813 5076 Arate
827 5017 938 5073 tuam:

101 5127 176 5200 Nos
191 5137 309 5193 mmen
326 5108 417 5182 hanc
431 5120 581 5178 statuam
596 5129 660 5196 pro
678 5104 840 5175 libertate
855 5117 1011 5194 recepta,

151 5217 306 5294 Virtutis
321 5224 446 5284 testem
460 5207 607 5279 fecimus
619 5229 697 5276 esse
711 5219 804 5278 tuae.

98 5319 308 5406 Communis
323 5313 389 5387 tibi
407 5335 486 5384 cum
502 5308 570 5380 diis
584 5304 822 5422 servatoribus
838 5316 912 5373 esto

148 5428 219 5503 Hie
233 5419 370 5504 honor,
391 5416 432 5486 in
446 5411 593 5506 patriam
610 5431 692 5479 nam
706 5406 765 5502 pia
778 5429 857 5479 rura
869 5408 989 5479 resera.

832 284 1157 373 CARMINUM
1215 282 1322 360 Lttt.
1342 275 1450 417 Π..

2062 295 2144 369 715116

1166 452 1234 525 Νο.
1256 455 1343 529 878.
1443 490 1446 494 ·

1159 548 1372 591 m

1256 669 1339 737 Apud
1359 667 1485 725 vincent.
1504 689 1530 742 p.
1547 671 1606 729 ttt.

1962 563 2132 597 W

1261 844 1390 915 (trotio
1414 845 1598 936 Apollinis
1622 847 1728 941 opud
1752 853 2029 930 callimachum.

1152 1003 1286 1077 Contra
1304 1002 1441 1080 hostem
1460 1013 1546 1082 lient
1564 1020 1765 1089 communia
1785 1021 1916 1112 praelis
1934 1023 2055 1103 nobis,
2127 1039 2130 1042 ’

1153 1105 1285 1180 Celtica
1302 1136 1383 1180 cum
1400 1127 1523 1184 contm
1542 1112 1699 1188 Graecos
1714 1143 1798 1210 gens
1816 1124 1907 1206 bella
1925 1125 2099 1211 movebit,
2175 1178 2180 1188 1

1153 1207 1324 1282 Titanum
1341 1215 1497 1302 soboles,
1523 1230 1678 1289 extremo
1693 1224 1837 1293 cardine
1855 1239 1969 1297 terrae

1151 1307 1294 1394 Effusa,
1319 1312 1509 1409 Hesperias
1525 1312 1559 1389 et
1574 1322 1673 1390 sedes
1687 1321 1790 1394 effera
1805 1325 1963 1420 linquet,

1151 1409 1348 1485 Continuus
1361 1421 1555 1514 densasque
1571 1422 1670 1490 nives
1686 1439 1725 1494 ut
1740 1449 1901 1519 spargere
1917 1425 2051 1498 Bruma

1151 1515 1278 1586 Flante
1294 1520 1383 1590 solet
1399 1517 1546 1610 Borea,
1558 1523 1701 1594 venient
1717 1531 1766 1596 sic
1781 1531 1920 1619 agmina
1935 1530 2053 1600 densa.

1149 1613 1232 1686 Non
1251 1611 1368 1690 tamen
1386 1616 1471 1692 haee
1487 1625 1627 1695 stolidis
1646 1624 1784 1699 Galatis
1807 1633 1863 1701 via
1886 1632 1998 1702 fausta
2022 1632 2140 1703 lutura

1659 1742 1720 1800 est.
1776 1748 1781 1756 ¹

1176 2184 1239 2256 No.
1262 2185 1348 2260 579.

1159 2279 1371 2321 Μ

1252 2386 1335 2463 Apn'd
1353 2392 1481 2450 vincent.
1500 2415 1527 2469 p.
1544 2401 1606 2454 ttt.

1957 2291 2129 2324 Μ

1166 2564 1322 2658 dippeus
1346 2569 1424 2637 Titi
1443 2569 1662 2644 flaminii
1684 2594 1891 2666 suspersam
1911 2579 1953 2647 in
1982 2581 2117 2671 templo

1302 2667 1488 2758 Delphico
1509 2693 1595 2745 οιιιο
1614 2671 1690 2745 lonc
1703 2680 1977 2770 inscriptiones

1147 2827 1376 2924 Tyndaridae
1390 2832 1532 2920 fratres,
1557 2860 1708 2930 qnorum
1724 2839 1793 2908 tuit
1807 2839 1939 2935 inclyta
1958 2852 2086 2931 virtus,

1196 2930 1369 3002 Custodes
1386 2933 1480 3004 inter
1495 2960 1583 3029 quos
1602 2942 1708 3009 modo
1727 2938 1852 3031 Sparta
1872 2943 1968 3016 colit.

1145 3029 1274 3120 Leges,
1297 3033 1480 3123 Libertas,
1505 3053 1539 3109 et
1554 3036 1626 3109 Pax
1643 3054 1725 3112 sunt
1740 3043 1871 3133 optima
1889 3046 2001 3133 dona,

1196 3133 1292 3206 llaec
1310 3133 1465 3207 Graecae
1480 3140 1576 3227 genti
1593 3143 1653 3214 dat
1671 3142 1774 3214 Titus
1790 3143 1987 3219 Aeneades·

1149 3406 2135 3441 Μ

1144 3599 1212 3670 Νο.
1237 3599 1324 3672 880.

1150 3694 1322 3724 Μ

1952 3708 2124 3742 m

1245 3809 1328 3882 Apud
1352 3807 1477 3867 Vincent.
1499 3831 1525 3884 p.
1542 3813 1601 3870 ttt.

1143 3993 1283 4062 Hector
1308 3988 1412 4083 opud
1431 3995 1580 4066 Homer.
1603 3995 1647 4067 li.
1666 3993 1728 4071 lb.
1750 3996 1977 4074 adhortatur
1997 4007 2131 4078 Ptoio-

1337 4117 1430 4181 οισι,
1453 4104 1496 4166 tot
1508 4118 1577 4188 pro
1595 4103 1729 4190 patrio
1746 4099 1934 4176 dienioent.

1141 4254 1302 4329 Conserti
1315 4279 1422 4327 naves
1435 4260 1565 4330 animis
1580 4261 1783 4354 ingentibus
1801 4266 1895 4339 inter

1142 4357 1304 4451 Quisque
1318 4381 1380 4429 suo
1397 4375 1550 4453 pugnate
1564 4363 1663 4450 loco,
1688 4389 1753 4436 nec
1768 4370 1914 4440 vulnere
1930 4371 2130 4469 quisquam,

1142 4460 1214 4532 Seu
1231 4460 1355 4530 mortis
1370 4461 1481 4550 fngiat
1495 4463 1645 4556 pavidus
1660 4467 1851 4539 formidine
1867 4471 2000 4562 victus,
2041 4477 2043 4480 ’

1142 4562 1213 4634 Sed
1229 4562 1357 4647 iaceat,
1381 4563 1410 4631 si
1426 4589 1531 4657 quem
1547 4567 1611 4636 fati
1625 4591 1701 4637 sors
1715 4572 1805 4640 dura
1821 4575 1985 4662 peremit,

1140 4661 1211 4733 Pro
1228 4663 1340 4754 patria
1357 4688 1524 4755 magnum
1542 4670 1649 4738 decus
1664 4685 1715 4741 est
1732 4674 1947 4762 profundere
1963 4676 2088 4767 vitam,

1139 4762 1229 4832 Nam
1245 4765 1376 4858 reliqui
1395 4768 1486 4836 cives
1505 4785 1625 4840 nostra
1640 4771 1771 4839 virtute
1787 4785 1974 4860 teguntur,

1138 4862 1189 4935 Et
1203 4865 1319 4934 salvae
1335 4867 1466 4937 interea
1484 4883 1629 4952 matres,
1655 4869 1799 4962 natique
1815 4875 2030 4964 manebunt,

1140 4963 1214 5052 Qui
1229 4981 1313 5036 sunt
1326 4970 1447 5037 aetatis
1462 4982 1629 5038 venturae
1646 4970 1800 5057 semina,
1821 4986 1857 5044 et
1869 4977 1978 5049 urbis.

1138 5062 1288 5157 Templa
1311 5082 1474 5153 manent,
1506 5071 1667 5161 legesque
1687 5071 1796 5159 bona,
1827 5075 2024 5173 pietasque,
2057 5108 2123 5174 pu.

1650 5173 1806 5265 dorque,

1136 5263 1184 5338 Et
1199 5280 1282 5337 tunc
1298 5270 1447 5362 quisque
1467 5271 1540 5341 suis
1556 5273 1680 5367 rebus,
1705 5276 1896 5373 fundisque
1913 5282 2072 5371 fruetur,

1134 5368 1224 5440 Cum
1242 5370 1335 5462 pulsi
1351 5370 1485 5460 fugient
1499 5367 1616 5446 hostes
1635 5376 1673 5446 in
1691 5379 1803 5470 patria
1820 5403 1937 5470 regna.
