4748 6022
220 245 302 320 661

222 411 296 491 sea
311 413 458 487 custode
471 408 549 483 Deo
563 432 665 482 casus
678 410 925 502 superabimus
939 435 1075 500 omnes,

276 517 457 589 Placatum
472 516 585 607 pietas
599 513 630 582 si
645 514 752 584 modo
767 527 887 584 nostra
903 513 997 586 facit.

225 614 274 693 Et
287 618 419 716 quibus
432 617 559 689 officiis
574 615 685 706 possit
700 615 864 708 flectique
882 615 1034 709 colique,

276 720 348 794 Hic
363 719 521 812 exempla
537 718 630 788 liber
645 717 737 788 iusta
755 718 933 811 sequenda
947 717 1058 792 dabit.

227 822 286 898 Sit
301 825 383 896 licet
400 822 536 894 utilitas
551 843 607 890 res
620 833 734 910 gestas
749 842 852 890 nosse
869 814 1084 911 prophanas,

279 925 413 1001 Utilior
427 939 547 997 tamen
563 934 614 993 cst
629 923 806 1015 perlegere
821 922 887 994 ista
903 921 1015 992 labor.

230 1331 298 1406 No.
314 1331 401 1404 669.

238 1428 412 1461 w

1005 1421 1220 1457 m

332 1546 413 1619 Apud
432 1542 558 1602 vincent.
576 1563 603 1617 p.
618 1541 659 1599 16.

453 1717 463 1730 “
580 1699 867 1796 lnProplsetos.

233 1853 270 1930 Ο
285 1859 424 1930 utinam
439 1855 571 1927 Vatum
587 1853 775 1947 praeconia
789 1852 905 1922 dicere
919 1875 1071 1943 possem,

282 1956 459 2033 Accendit
473 1982 627 2052 quorum
643 1968 783 2048 pectora
798 1978 886 2044 pura
900 1953 1018 2026 Dens:

230 2060 425 2135 Doctrinae
444 2073 486 2134 ut
501 2062 615 2130 lucem
631 2071 861 2142 renovarent,
887 2070 992 2150 atque
1008 2060 1177 2128 docerent

284 2164 376 2255 Quis
393 2187 532 2235 summo
546 2160 641 2255 patri
655 2159 701 2232 sit
717 2160 929 2229 tribuendus
944 2155 1073 2235 honor.

230 2265 281 2339 Hi
299 2268 472 2361 populum
490 2264 529 2334 in
544 2266 650 2335 rebus
663 2261 783 2333 dubiis
795 2285 933 2348 rexere,
957 2263 1115 2334 levantes

282 2366 444 2442 Consilio
461 2367 574 2458 gentis
589 2366 701 2436 multa
716 2364 848 2457 pericla
864 2386 959 2438 suae.
1058 2464 1067 2482 ι

233 2471 436 2543 Venturum
452 2469 588 2541 aeterni
604 2483 729 2541 natum
752 2466 909 2537 cecinere
931 2478 1099 2558 parentis,

282 2572 446 2646 Crimina
461 2586 503 2643 ut
516 2572 677 2642 ablueret
690 2581 810 2639 nostra
828 2591 954 2639 cruore
969 2593 1047 2639 suo.

232 2674 341 2750 Hunc
358 2688 504 2769 propter
518 2671 629 2765 recipi
644 2671 843 2741 docuerunt
859 2683 959 2754 vota,
986 2691 1177 2763 precesque

283 2777 363 2849 Hoc
380 2781 468 2846 duce
485 2777 666 2846 iusserunt
677 2769 821 2843 Numen
836 2771 935 2840 adire
952 2772 1073 2864 patris,

233 2878 463 2972 Censuraque
485 2901 548 2948 sua
569 2876 756 2971 frenarunt
770 2896 881 2971 ¹saepe
898 2870 1101 2970 Tyrannos,

165 3041 167 3045 a
283 2979 333 3054 Et
348 2980 473 3077 populi
487 3001 605 3050 mores
620 2975 830 3049 continuere
846 2975 911 3050 sui.

237 3382 305 3456 No.
330 3378 418 3453 640.

248 3479 420 3509 Μ

338 3598 419 3673 Apud
436 3597 563 3654 vincent.
583 3615 611 3668 p.
628 3595 666 3650 u.

602 3763 649 3829 In
671 3759 850 3830 Psaanos.

237 3908 328 3983 Saxa
344 3885 465 3981 sciunt
481 3905 608 3978 Vatem
628 3907 774 3977 traxisse
789 3903 994 4000 Amphiona
1012 3925 1130 4000 cantu,

289 4008 339 4084 Ut
353 4022 505 4082 strueret
519 4004 657 4079 Thebis
672 4011 811 4080 moenia
830 4010 943 4102 prima
962 4012 1045 4082 suis.

235 4111 359 4184 Maius
374 4137 462 4205 opus
477 4111 554 4181 heri
568 4111 719 4183 Davidis
733 4113 890 4201 carmine
905 4129 1054 4203 constat,

288 4212 364 4303 Qui
378 4208 488 4285 trahit
503 4215 547 4283 ad
570 4238 747 4286 summum
764 4231 902 4310 pectora
919 4234 1038 4290 nostra
1054 4216 1181 4293 Deum.

237 4314 344 4388 Nunc
357 4315 546 4384 servatoris
562 4331 684 4387 narrat
699 4320 885 4410 praeconia
901 4316 1049 4407 Christi,

159 4418 165 4428 “
289 4417 407 4508 Quem
425 4416 521 4486 canit
536 4430 679 4486 aeterno
694 4421 739 4488 de
752 4423 913 4509 genitore
928 4436 1054 4496 satum.

238 4519 344 4593 Nunc
359 4532 439 4610 apte
457 4517 627 4608 gemitus,
652 4532 686 4588 et
700 4523 806 4590 verba
824 4525 1001 4613 precantia
1019 4525 1139 4610 tradit,

238 4602 243 4611 ι
289 4624 348 4695 Ad
364 4645 543 4693 summum
557 4633 694 4714 patrem
711 4646 799 4715 qnae
812 4636 872 4693 tua
887 4638 970 4695 vota
988 4621 1129 4698 vehant.

182 4784 189 4799 ,
237 4725 344 4799 Nunc
358 4726 467 4797 instas
483 4724 577 4796 vitae
591 4725 700 4815 leges,
725 4749 928 4821 poenasque
943 4730 1131 4818 malorum,

289 4825 339 4901 Et
353 4829 523 4921 promissa
539 4828 635 4900 canit
651 4827 806 4920 praemia
823 4852 950 4919 magna
974 4833 1051 4924 piis.
1190 4900 1192 4904 ,

238 4929 336 5004 Haec
352 4931 460 5020 igitur
476 4926 619 5002 Cithara
636 4946 687 5001 est
707 4932 751 5001 ad
773 4944 931 5024 tempora
948 4937 1126 5028 quaelibet
1141 4952 1235 5030 apta,

291 5030 483 5126 Aureaque
499 5033 537 5100 in
554 5035 719 5107 manibus
738 5057 878 5128 semper
892 5030 1053 5107 habenda
1067 5039 1146 5131 piis.

947 182 1274 320 connisum
1323 244 1432 326 nin.
1465 248 1539 330 ιν.

1269 414 1337 488 Νο.
1360 417 1455 497 stt.

1282 516 1453 546 m

1374 633 1454 703 Apud
1467 632 1598 695 Vincent
1613 656 1639 710 p.
1653 639 1690 694 42
1703 660 1745 715 sq.

1462 797 1646 871 Dedistn
1674 806 1829 879 Ioannis
1854 808 2082 901 Baptistae:

1273 914 1377 996 „Non
1393 933 1493 1002 potest
1509 926 1567 986 sibi
1583 925 1677 989 bomo
1699 951 1816 1019 sumere
1832 938 2014 1020 quicquam,
2038 944 2100 1005 nisi
2114 942 2224 1008 datum
2237 951 2277 1013 sit

1374 1026 1403 1083 ei
1420 1045 1437 1083 a
1452 1021 1550 1094 Deo.’'
1602 1024 1673 1093 lob.
1691 1031 1722 1093 3.

1273 1162 1417 1236 Nullius
1434 1180 1486 1240 est
1505 1170 1614 1242 foelix
1632 1188 1780 1247 conatus
1795 1193 1829 1251 ct
1846 1181 1946 1252 utilis
1961 1208 2142 1281 unquam,

1324 1264 1526 1342 Consilium
1540 1272 1571 1343 si
1588 1298 1662 1346 non
1678 1279 1807 1373 detque
1822 1282 1989 1380 iuvetque
2002 1286 2110 1365 Deus.

1275 1367 1380 1442 Tunc
1404 1371 1504 1445 iuvat
1528 1374 1592 1446 ille
1616 1392 1754 1468 autem,
1785 1407 1865 1454 cum
1898 1412 1998 1460 mens
2026 1392 2096 1464 sibi
2130 1403 2275 1475 conscia

1334 1513 1336 1517 ·
1789 1486 1876 1556 rect'

1325 1572 1492 1648 Mandati
1503 1579 1612 1649 officii
1629 1605 1777 1655 munera
1793 1513 1889 1659 iusti,
1899 1590 1994 1665 lacit.

1273 1673 1322 1749 Et
1334 1677 1441 1749 simul
1456 1682 1628 1768 auxilium
1644 1690 1821 1775 praesenti
1834 1715 1854 1760 a
1870 1697 2018 1769 numine
2031 1695 2168 1779 Christi

1325 1778 1463 1865 Poscit,
1488 1795 1523 1853 et
1537 1780 1694 1874 expectat
1710 1812 1784 1860 non
1799 1794 1985 1869 dubitante
1999 1800 2080 1879 tide.

1275 1880 1317 1954 si
1332 1884 1500 1975 procedet
1515 1909 1605 1977 opus
1618 1888 1773 1961 faustum
1787 1897 1992 1993 populoque
2008 1904 2154 2002 tibique,

1326 1983 1435 2054 Navis
1453 2000 1489 2057 et
1502 2012 1587 2059 aura
1602 2002 1683 2061 tuae
1695 1995 1773 2062 vela
1791 2002 1945 2070 secunda
1961 2000 2076 2092 vehet,

1277 2086 1521 2181 lnvictamquc
1536 2087 1605 2162 Dei
1617 2093 1776 2165 dextram
1792 2099 1846 2168 vis
1860 2103 1963 2174 nulla
1978 2109 2130 2201 repellet,

1326 2185 1462 2261 Omnia
1480 2207 1651 2283 cogentur
1668 2199 1792 2269 cedere
1809 2225 1920 2293 prona
1936 2203 2025 2281 Deo.

1277 2291 1357 2386 lpsa
1373 2293 1498 2374 etiam,
1525 2298 1687 2389 quamvis
1702 2302 1882 2377 adamanti
1903 2308 2014 2380 incisa
2026 2313 2202 2406 seruntur,

1329 2391 1420 2465 Cum
1437 2396 1590 2487 petimus
1605 2401 1735 2473 cedunt
1750 2403 1822 2475 iata
1837 2431 1957 2481 severa
1972 2410 2063 2486 Deo.

1275 2495 1349 2568 Nec
1363 2493 1460 2566 Deus
1477 2511 1529 2568 est
1545 2523 1678 2571 numen
1694 2501 1885 2581 Parcarum
1903 2537 2041 2588 carcerc
2056 2518 2232 2610 clausum,

1333 2595 1449 2687 Quale
1468 2602 1658 2689 putabatur
1672 2602 1814 2679 Stoicus
1830 2635 1902 2684 esse
1918 2611 2025 2690 Deus

1278 2696 1357 2791 lpse
1370 2713 1487 2792 potest
1500 2703 1587 2773 solis
1596 2729 1727 2778 currus
1747 2707 1910 2787 inhibere
1926 2713 2098 2809 volantes,

1329 2798 1408 2894 lpse
1423 2803 1521 2876 velut
1535 2810 1699 2909 scopulos
1712 2810 1860 2887 flumina
1875 2832 1967 2891 stare
1981 2821 2092 2901 iubet.

1278 3011 2278 3056 Ἣ

1279 3140 1347 3212 Νο.
1365 3143 1453 3219 342.

1287 3239 1459 3268 Μ

2093 3263 2272 3295 m

1368 3356 1449 3428 Apud
1468 3355 1599 3417 vincent.
1613 3380 1640 3434 p.
1655 3365 1702 3420 161
1715 3385 1758 3440 sq.

1379 3474 1385 3489 Ι
1524 3523 1598 3593 De·
1611 3521 1711 3598 dioto
1738 3531 1873 3602 &niue
1899 3553 1930 3607 c.
1945 3532 2027 3610 dib:

1282 3633 1404 3716 „Dabit
1423 3641 1509 3701 robis
1530 3639 1682 3709 Dominus
1703 3671 1812 3732 panem
1836 3667 1951 3718 arctum
1971 3672 2001 3721 et
2025 3681 2134 3748 squam
2155 3681 2185 3729 st
2211 3692 2277 3733 non

1383 3744 1460 3804 sinet
1479 3749 1599 3809 avolare
1613 3746 1809 3817 Dootorem.'’

1283 3882 1499 3980 Quanquam
1514 3894 1620 3965 urbes
1636 3912 1670 3968 et
1686 3924 1793 3991 regna
1810 3921 1939 3993 ruunt,
1964 3923 1999 3982 et
2011 3914 2113 3985 nulla
2131 3913 2291 3995 videtur

1332 3986 1525 4063 Doctrinae
1540 4000 1638 4067 sedes
1655 4002 1757 4074 lirina
1770 4006 1888 4078 sutura
1905 4012 2000 4101 piae:

1282 4089 1366 4160 Non
1383 4104 1502 4163 tamen
1521 4092 1585 4168 has
1599 4101 1692 4174 inter
1705 4103 1869 4179 Christus
1885 4113 2029 4203 periisse
2046 4119 2169 4190 ruinas

1332 4187 1486 4283 Agmina
1502 4224 1593 4292 quae
1607 4205 1749 4279 discunt
1764 4211 1929 4302 dogmata
1945 4242 2027 4289 vera
2044 4222 2151 4294 sinet:

1282 4293 1353 4367 Sed
1370 4296 1470 4371 dahit
1486 4295 1679 4396 hospitium
1694 4312 1816 4398 nobis,
1841 4317 2009 4412 donoque
2030 4326 2190 4399 modeste

1333 4394 1412 4468 Hoc
1426 4400 1520 4476 inter
1535 4406 1637 4479 iussit
1652 4423 1748 4482 tanta
1764 4416 1893 4505 pericla
1908 4420 1992 4496 frui.

1283 4497 1344 4572 Sic
1361 4504 1471 4592 patris
1486 4510 1623 4579 aeterni
1638 4513 1764 4584 dicunt
1778 4518 1981 4592 dulcissima
1998 4530 2117 4613 verba,

1333 4598 1407 4672 Nos
1421 4630 1544 4680 omnes
1558 4635 1697 4705 semper
1711 4641 1801 4710 quae
1816 4624 2019 4698 meminisse
2037 4633 2147 4705 decet.

1283 4700 1473 4776 Ductorem
1490 4734 1613 4782 verum
1637 4741 1815 4814 panesque
1831 4728 2014 4821 undasque
2029 4733 2201 4823 salubres,

1336 4804 1489 4882 Munera
1503 4817 1565 4884 sed
1581 4819 1778 4891 vobiscum
1794 4850 1896 4897 cruce
1917 4845 2013 4903 tanta
2029 4838 2135 4913 daho·
2172 4906 2175 4910 i

1284 4904 1367 4978 Non
1389 4924 1508 4984 tamen
1531 4942 1720 4991 aerumnae
1735 4940 1872 4998 vestrae
1886 4931 1963 5002 sine
1981 4937 2052 5008 fine
2068 4941 2281 5028 manebunt,

1282 5020 1285 5027 '
1336 5009 1423 5083 Mox
1438 5019 1552 5091 aderit
1566 5023 1701 5095 cunctis
1716 5043 1807 5097 meta
1825 5045 1955 5105 statuta
1971 5041 2085 5123 malis,

1286 5109 1433 5185 Aeterni
1448 5135 1593 5210 gnatum
1608 5127 1719 5215 patris
1737 5143 1795 5201 tua
1811 5132 1949 5207 lumina
1966 5158 2122 5230 cernent,

1336 5214 1467 5291 Laetus
1483 5228 1616 5296 aeterni
1630 5229 1710 5299 luce
1725 5231 1843 5303 fruere
1860 5233 1939 5312 Dei.

1286 5315 1384 5389 Haec
1401 5346 1479 5414 spes
1494 5327 1643 5401 discenti
1658 5333 1791 5404 tribuat
1808 5338 1932 5410 solatia
1950 5359 2060 5416 certa:

1339 5417 1443 5496 Irrita
1460 5449 1534 5525 non
1548 5430 1729 5515 heutvota
1745 5436 1918 5534 laborque
1934 5445 1996 5538 pii.
