4748 6022
88 369 97 383 „
155 268 229 345 996
608 264 922 361 ALLOQUIA
977 266 1050 344 ΕΤ
1100 265 1348 346 3191997198Δ
1385 264 1742 345 CONCIONES.

156 443 283 513 clesiae
298 443 472 514 sententia
496 466 569 512 una
589 457 623 514 et
643 454 835 534 perpetua,
861 455 896 511 et
918 443 1145 513 secumcon-
1298 439 1581 514 pronunciamus
1595 454 1711 511 autem
1731 439 1892 531 periuros
1913 452 1948 510 et
1963 439 2114 508 infames
2129 430 2212 510 eos'

70 604 71 607 ,
158 545 313 615 sentiens
338 559 561 636 propagatur.
615 542 671 613 lbi
694 544 952 614 controversias
975 544 1145 634 gravissi·
1199 544 1262 636 qui
1285 545 1414 616 retenti
1434 545 1602 615 mandato
1621 540 1785 615 Rectoris
1810 565 1872 613 seu
1886 538 2035 625 Aresto,
2055 555 2096 613 ut
2119 567 2187 611 vo-

159 669 236 716 mas
260 645 427 736 explicari
451 646 690 717 etdiiudicari
713 658 930 718 necesseest.
982 644 1039 716 lbi
1058 669 1146 715 con·
1197 659 1298 733 cant,
1324 661 1446 718 contra
1464 646 1683 716 voluntatem
1699 641 1864 718 Rectocis
1886 636 2190 714 hincdiscedunt.

160 748 240 819 silia
256 749 300 816 de
310 749 477 818 omnibus
488 749 580 819 vitae
593 748 753 837 partibus
766 760 999 839 quaeruntur.
1026 745 1146 835 Quare
1197 744 1287 817 Item
1312 749 1375 842 qui
1405 749 1563 838 legitime
1588 747 1817 818 condemnati
1840 745 2098 837 contumaciter
2125 749 2191 816 de-

161 850 334 933 sciamus,
359 852 460 923 etad
487 846 553 919 hos
576 863 714 919 nostros
738 861 859 918 coetus
875 849 1053 939 pertinere
1078 844 1147 919 hoc
1199 863 1348 921 trectant
1374 850 1600 921 autoritatem
1624 871 1692 918 nec
1706 847 1891 918 sententiis
1905 872 2029 940 parere
2046 849 2189 920 volunt.

161 951 294 1021 dictum
310 950 396 1058 lfilii
409 950 635 1023 DeiDomini
651 950 766 1019 nostri
782 948 861 1019 Iesu
876 946 1027 1021 Christi:
1055 948 1147 1021 Ubi·
1298 967 1340 1040 si
1361 992 1466 1062 quem
1495 969 1600 1038 estem
1621 959 1961 1059 deprehenderimus
1994 967 2034 1035 5„
2061 967 2190 1038 diebu,

162 1072 302 1145 “mque
324 1054 396 1123 <¹¹¹⁰
419 1067 479 1123 ³¹¹2
502 1067 572 1123 “²⁸
595 1053 794 1141 milegast
827 1065 910 1122 ⁵⁰⁰¹
942 1053 979 1119 5¹¹
1000 1054 1147 1169 999999
1198 1070 1315 1150 festis,
1342 1095 1417 1140 non
1439 1057 1552 1141 solere
1572 1071 1618 1138 ad
1644 1068 1850 1138 concionem
1873 1064 2128 1158 Evangelicam
2156 1084 2191 1140 et

163 1154 328 1270 ῐῃθθχῐῐ]
350 1156 467 1225 [ῐὶθᾶῙο
483 1176 715 1270 ⁸⁰¹¹¹¹¹¹⁸J¹ffl²
742 1166 782 1222 ¹¹¹
798 1154 836 1221 in
853 1154 1011 1245 templis,
1037 1168 1085 1224 11³
1107 1177 1147 1225 1¹¹
1199 1197 1424 1243 communem
1439 1172 1677 1262 precationem
1691 1163 1871 1239 Ecclesiae
1886 1169 1925 1238 iu
1944 1172 2076 1263 templo
2102 1197 2190 1241 con-

165 1250 297 1325 ⁸⁰l¹⁰¹¹⁵
325 1258 460 1347 ³ss⁰l¹5⁰
486 1252 575 1340 Del»
614 1268 723 1324 l¹ffl0f
744 1252 833 1338 Dssis
866 1257 970 1339 fidesss
1006 1268 1041 1325 0⁸
1065 1279 1147 1325 vera
1200 1289 1361 1364 gregatae
1395 1276 1575 1359 accedere,
1605 1272 1794 1363 puniemus
1825 1294 1906 1342 eum
1939 1286 2001 1342 aut
2034 1297 2191 1358 carcere,

165 1358 344 1427 invocatio
366 1357 579 1440 excitentur,
605 1371 639 1426 et
664 1352 874 1426 adhibeatur
898 1357 1082 1444 diligentia
1109 1358 1147 1426 in
1200 1390 1260 1446 em
1278 1376 1514 1465 ignominiose
1536 1375 1748 1447 exelueiene,
1799 1369 1848 1443 Εῑ
1862 1368 1929 1442 hec
1949 1375 1988 1443 in
2002 1399 2041 1443 ee
2061 1372 2101 1444 hp
2128 1376 2191 1469 qui

2110 267 2188 340 996

165 1457 324 1527 moribus
341 1459 502 1548 regendis
517 1459 732 1528 conveniens
752 1458 933 1527 domicilio
953 1459 1022 1531 dei.

267 1555 382 1629 Valde
402 1561 511 1650 igitur
532 1563 737 1630 detestanda
762 1574 812 1630 est
833 1561 1028 1629 multorum
1053 1559 1148 1628 insa-

165 1661 243 1744 nia,
269 1662 332 1752 qui
348 1676 474 1753 putant
489 1685 545 1746 se,
571 1686 651 1731 cum
669 1663 707 1729 in
724 1658 931 1731 Academias
947 1663 1149 1745 mittuntur,

164 1762 333 1833 liberatos
353 1765 423 1834 iam
450 1763 640 1833 domestica
665 1762 851 1853 disciplina
879 1764 977 1833 velut
1002 1787 1150 1844 carcere,

164 1864 259 1934 mitti
275 1864 313 1933 in
330 1863 526 1959 Gymnasia
550 1865 729 1948 licentiae,
755 1860 874 1935 ethos
898 1879 1039 1934 nostros
1063 1889 1150 1933 con-

165 1978 293 2036 ventus
315 1967 495 2037 somniant
520 1989 592 2035 esse
617 1966 851 2055 gladiatorum
878 1963 1147 2061 autCyclopnm

167 2068 324 2155 agmina,
350 2081 412 2138 aut
425 2065 633 2138 helluonum
649 2068 829 2149 sodalitia,
851 2068 890 2135 in
906 2069 1035 2162 quibus
1051 2069 1150 2159 cupi-

169 2169 296 2239 ditates
314 2169 464 2240 effrenas
486 2169 562 2239 sine
578 2169 662 2239 ullis
675 2169 827 2239 vinculis
850 2170 999 2261 impune
1022 2193 1151 2257 ragen-

167 2284 244 2353 tur,
268 2272 399 2343 multos
422 2271 590 2363 exemplis
611 2271 729 2361 pravis
750 2285 1002 2363 corrumpunt,
1028 2272 1151 2341 civita-

167 2384 245 2442 tum
269 2374 563 2467 tranquillitatem
586 2375 750 2458 turbant,
770 2373 970 2463 impediunt
992 2396 1151 2443 necesso-

169 2473 222 2543 ria
239 2476 361 2545 studia
383 2474 586 2561 doctrinae,
612 2475 767 2567 denique
781 2475 890 2544 variis
912 2476 1028 2544 modis
1043 2476 1152 2544 dede-

168 2589 291 2645 corant
315 2571 480 2664 Scholas,
504 2591 539 2648 et
561 2589 690 2647 nocent
711 2574 866 2669 Reipub.
891 2591 926 2647 et
944 2578 1067 2648 dolore
1087 2578 1153 2647 ad·

169 2676 294 2749 ficiunt
310 2676 482 2770 Spiritum
501 2694 661 2750 sanctum
675 2679 713 2748 in
729 2679 832 2748 honis
849 2680 1037 2749 mentibus.

244 2777 483 2871 Praecipimus
498 2781 606 2870 igitur
621 2781 808 2866 omnibus,
827 2794 867 2850 ut
880 2782 1033 2870 cogitent
1049 2803 1152 2848 man·

170 2879 251 2948 dato
274 2878 343 2948 Dei
369 2877 607 2952 scholasticos
634 2896 829 2952 conventus
860 2883 1041 2951 institutos
1068 2905 1153 2964 esse,

171 2992 204 3048 et
231 2981 269 3049 in
292 2982 341 3051 eis
362 2982 441 3053 Deo
466 2984 691 3051 serviendum
717 3007 801 3051 csse.
854 2980 938 3052 ldeo
965 3007 1039 3052 non
1064 2983 1151 3052 alias

168 3082 262 3172 leges
286 3085 520 3175 proponimus
541 3108 648 3176 quam
673 3107 760 3176 quas
781 3080 879 3153 Deus
898 3085 972 3175 ipse
995 3085 1153 3169 tradidit,

171 3196 205 3253 et
222 3181 403 3255 Rectrices
417 3210 558 3256 morum
576 3209 648 3254 esse
663 3186 788 3257 voluit.
841 3184 896 3257 Sit
918 3210 1043 3256 norma
1058 3187 1152 3257 vitae

168 3279 385 3376 Decalogus,
412 3313 516 3379 quem
539 3289 603 3357 etsi
629 3311 753 3357 omnes
772 3282 935 3357 homines
957 3312 1095 3379 semper
1112 3289 1152 3357 in

162 3401 360 3483 conspectu
374 3384 504 3459 habere
521 3391 668 3474 debent,
694 3403 811 3459 tamen
827 3414 891 3458 nos
909 3391 971 3484 qui
987 3392 1024 3458 in
1041 3391 1152 3459 literis

153 3574 155 3578 A
170 3512 367 3573 versamur,
383 3485 473 3561 hanc
490 3493 535 3560 oh
553 3516 692 3561 causam
708 3492 913 3581 praecipue,
938 3507 977 3562 ut
992 3492 1151 3561 testimo-

170 3590 229 3659 nia
255 3594 299 3661 de
320 3589 397 3661 Deo
424 3608 458 3662 et
480 3595 699 3665 voluntatem
719 3594 793 3663 eius
817 3595 1011 3679 discamus,
1038 3609 1152 3664 atten-

170 3693 240 3762 tius
255 3695 477 3763 considerare
491 3721 595 3787 quam
615 3709 747 3764 ceteros
767 3718 905 3764 necesse
920 3708 982 3767 est.

159 3784 164 3796 ’
272 3790 325 3864 Ac
342 3793 434 3867 Deus
449 3799 592 3890 quidem
611 3797 684 3886 ipse
701 3799 829 3865 vindex
849 3810 918 3876 est,
946 3813 979 3867 et
997 3821 1078 3865 suere
1100 3797 1152 3865 le·

169 3897 221 3986 gis
237 3912 476 3988 contemptum
495 3895 716 3968 horribiliter
731 3899 852 3989 punit,
888 3900 979 3968 sicut
993 3923 1074 3989 sepe
1088 3903 1152 3968 ad-

167 3999 285 4068 firmat
309 4002 395 4090 ipse.
457 3997 505 4070 Et
531 4001 700 4090 scriptum
736 4013 803 4069 est:
847 3998 1003 4069 Verebar
1032 4001 1152 4070 omnia

125 4156 133 4167 .
168 4125 275 4190 opera
290 4127 366 4171 mea
389 4104 500 4172 sciens
516 4104 610 4195 quod
634 4126 708 4169 non
724 4102 836 4193 parcis
854 4102 1095 4195 delinquenti,
1120 4118 1153 4172 et

169 4203 301 4271 multae
319 4206 539 4275 tristissimae
554 4205 766 4273 calamitates
782 4227 913 4295 poenae
926 4220 1010 4275 sunt
1025 4201 1151 4275 huma-

162 4327 298 4388 norum
313 4307 495 4379 scelerum.
518 4307 604 4403 ¹Sed
621 4322 740 4376 tamen
755 4321 788 4376 et
806 4307 1046 4396 magistratum
1055 4306 1152 4378 Deus

160 4406 246 4475 ·vult
265 4409 443 4474 custodem
462 4432 534 4476 esse
550 4408 773 4499 disciplinae,
801 4423 834 4478 et
850 4404 1035 4479 cohercere
1051 4425 1152 4501 petu-

168 4508 335 4589 lantiam,
362 4521 395 4576 ct
414 4509 580 4596 castigare
594 4523 816 4577 contumaces
835 4511 944 4581 iubet.

269 4607 353 4677 ldeo
373 4623 407 4678 et
436 4634 519 4690 nos,
555 4609 636 4701 quia
659 4605 809 4677 Scholae
833 4633 914 4677 suos
947 4609 1151 4697 magitratus

168 4707 311 4794 habent,
337 4736 455 4781 severe
471 4712 658 4800 puniemus
673 4710 868 4803 omnesqui
883 4711 1074 4779 admittunt
1090 4713 1151 4779 de-

168 4816 269 4903 licta,
295 4840 385 4907 quae
406 4815 542 4903 legibus
565 4813 716 4905 publicis
741 4814 950 4905 puniuntur.
1001 4810 1054 4883 Ac
1077 4813 1151 4904 pri-

111 4918 127 4995 l
167 4941 266 4984 mum
282 4912 486 5005 prophanus
508 4930 542 4986 et
557 4918 645 4985 alios
667 4916 866 5009 quiveram
889 4916 1086 4985 doctrinam
1108 4921 1150 4986 de

165 5014 242 5088 Deo
258 5032 441 5085 sonantem
456 5020 494 5087 in
512 5015 668 5088 Ecclesia
685 5034 822 5101 nostra,
849 5032 909 5087 aut
925 5031 1150 5088 contemnere

165 5145 202 5190 se
217 5121 428 5203 ostendunt,
454 5136 515 5190 aut
529 5136 772 5212 corrumpunt.
809 5120 896 5188 ltem
914 5119 1150 5212 Magos‚per-

165 5224 283 5306 iuras,
304 5223 398 5292 'etin
417 5222 585 5291 familiari
606 5247 767 5293 sermone
782 5247 913 5291 nomen
930 5223 999 5293 Dei
1018 5224 1055 5290 in
1070 5248 1150 5292 exe-

165 5325 385 5396 crationibus
415 5339 643 5417 usurpantes,
692 5339 732 5396 nt
761 5349 837 5395 mos
874 5339 924 5396 est
956 5325 1149 5418 impiorum

161 5423 360 5497 hominum.
410 5429 413 5432 ⁴

1201 1478 1364 1569 privatim
1380 1479 1548 1548 erudiunt
1567 1477 1824 1558 adolescentes,
1849 1477 2092 1548 adsuefaciunt
2107 1500 2193 1548 suos

1203 1581 1382 1650 auditores
1404 1582 1447 1648 ad
1473 1579 1531 1670 pia
1563 1577 1748 1657 exercitia,
1787 1589 1822 1647 et
1851 1579 2015 1648 accedere
2046 1603 2107 1649 eos
2141 1581 2189 1649 ad

1200 1704 1424 1754 communem
1443 1681 1680 1774 precationem
1699 1693 1836 1769 cogant.

1593 1853 1787 1922 Secunde.

1304 2002 1485 2072 Praestent
1523 2000 1627 2069 etiam
1665 1995 1892 2085 Scholastici,
1936 2002 2195 2089 gratitudinem

1203 2105 1506 2197 praeceptoribus,
1541 2125 1714 2171 memores
1736 2102 1880 2171 divinae
1901 2094 2196 2174 comminationis

1203 2209 1242 2276 in
1263 2230 1334 2300 qua
1352 2206 1497 2281 dicitur:
1528 2201 1611 2274 Non
1632 2205 1771 2274 recedet
1792 2205 1928 2274 malurn
1954 2227 1975 2273 a
1996 2205 2104 2274 domo
2132 2207 2196 2273 in-

1203 2311 1304 2400 grati.
1358 2306 1435 2377 Imo
1453 2306 1656 2397 omnesqui
1670 2306 1786 2377 studia
1800 2306 1984 2376 literarum
1999 2307 2195 2377 mediocri·
2229 2350 2232 2355 -

1203 2427 1258 2483 ter
1277 2410 1400 2480 colunt
1417 2404 1554 2478 honore
1574 2407 1750 2482 adliciant.

1305 2508 1383 2581 Etsi
1400 2510 1493 2579 enim
1510 2503 1596 2578 haec
1612 2523 1734 2579 nostra
1751 2509 1881 2581 militia
1902 2532 1976 2578 non
2003 2510 2197 2600 magnifica

1204 2615 1344 2698 multis,
1368 2613 1431 2706 qui
1445 2623 1583 2683 tantum
1604 2610 1802 2702 voluptates
1821 2625 1883 2682 aut
1904 2633 1989 2702 opes
2006 2613 2195 2682 admiran-

1204 2730 1278 2786 tur:
1314 2728 1432 2784 tamen
1453 2737 1519 2782 nos
1542 2713 1691 2783 sciamus
1713 2714 1838 2803 ingens
1855 2716 1962 2784 decus
1979 2736 2072 2796 esse,
2097 2740 2195 2798 vera,

1205 2830 1317 2901 recta,
1351 2829 1385 2886 et
1406 2816 1572 2885 salutaria
1603 2814 1754 2889 fideliter
1773 2819 1900 2887 docere
1922 2829 1956 2887 et
1980 2815 2085 2885 tueri.
2144 2813 2194 2887 Et

1204 2915 1300 2989 hunc
1316 2917 1474 2987 laborem
1489 2913 1668 2987 Ecclesiae
1684 2931 1718 2987 et
1734 2918 1915 2989 communi
1929 2915 2122 2987 hominum
2140 2918 2193 2985 vi·

1204 3036 1259 3092 tae
1273 3019 1397 3090 utilem
1416 3042 1500 3092 esse.
1551 3015 1605 3087 De
1621 3043 1692 3110 quo
1716 3019 1804 3091 dicit
1819 3017 1967 3091 Paulus:
1993 3017 2117 3092 Labor
2132 3044 2192 3091 ve-

1205 3137 1277 3194 ster
1292 3148 1365 3193 uon
1384 3135 1435 3192 est
1452 3120 1569 3190 inanis
1587 3119 1626 3188 in
1647 3118 1817 3194 Domino.

1623 3311 1772 3386 Tertia.

1304 3453 1395 3526 Cum
1422 3477 1562 3524 necesse
1585 3456 1631 3525 sit
1657 3456 1695 3524 in
1729 3455 1931 3526 civitatibus
1965 3481 2190 3526 communem

1204 3556 1498 3652 tranquillitatem
1515 3558 1624 3642 tueri,
1650 3580 1767 3627 severe
1781 3559 1971 3648 puniemus
1986 3563 2111 3628 omnes
2128 3584 2192 3629 au-

1205 3676 1298 3732 tores
1325 3660 1562 3744 tumultuum,
1587 3674 1799 3749 grassatores
1819 3673 2017 3730 nocturnos
2041 3663 2192 3732 etdiur-

1207 3787 1292 3847 nos,
1319 3762 1526 3844 sediciosos,
1553 3761 1694 3830 turbam
1720 3776 1972 3845 convocantes,
2004 3788 2191 3856 oppugna-

1206 3879 1299 3934 tores
1320 3863 1480 3948 aedium,
1505 3865 1618 3947 fures,
1647 3865 1930 3947 defraudatores,
1953 3866 2190 3956 depopulato·

1205 3991 1260 4036 res
1284 3961 1492 4064 hortorum,
1531 3979 1564 4034 et
1591 3990 1734 4058 quoquo
1757 3967 1865 4035 modo
1888 3968 2092 4058 petulanter
2112 3969 2190 4037 aliis

1204 4068 1374 4137 iniuriam
1410 4069 1596 4150 facientes,
1632 4081 1695 4137 aut
1725 4068 1947 4140 detrimentis
1980 4070 2073 4140 alios
2101 4072 2189 4140 adli-

1204 4172 1346 4241 cientes.

1306 4284 1358 4356 Ac
1373 4287 1502 4356 diserte
1516 4288 1724 4355 mandamus
1739 4310 1784 4354 ne
1799 4287 1879 4379 quis
1892 4286 2001 4356 alium
2019 4301 2190 4378 provocet

1204 4391 1248 4460 ad
1271 4390 1534 4466 dimicandum,
1566 4402 1629 4458 ant
1652 4389 1759 4458 domo
1784 4402 1904 4458 evocet
1936 4390 1978 4457 ad
2010 4389 2189 4458 dimican-

1204 4494 1310 4575 dum,
1323 4515 1412 4560 neve
1428 4505 1639 4581 provocatus
1655 4491 1864 4559 assentiatur
1879 4492 2101 4581 provocanti.
2137 4490 2188 4561 Ac

1203 4593 1406 4662 meminerit
1432 4607 1581 4685 uterque
1613 4615 1650 4660 sc
1674 4616 1758 4660 voce
1781 4591 1923 4672 divina,
1960 4595 2098 4664 scilicet
2124 4589 2189 4664 hac

1204 4696 1279 4782 lege
1300 4716 1368 4786 qua
1392 4691 1489 4762 Deus
1514 4718 1632 4783 pacem
1657 4717 1740 4763 cura
1761 4695 2031 4783 magistratuum
2052 4698 2190 4765 muniri
2208 4696 2214 4707 '

1203 4797 1301 4879 vult,
1334 4795 1498 4877 retineri,
1531 4819 1576 4864 ne
1597 4795 1652 4862 vel
1671 4797 1708 4863 in
1733 4818 1853 4886 suam,
1888 4797 1945 4865 vel
1973 4797 2012 4865 in
2042 4799 2190 4870 alterins

1199 4897 1395 4991 perniciem
1425 4921 1551 4976 ruens,
1583 4909 1713 4965 terram
1748 4898 1919 4988 sanguine
1944 4896 2082 4974 iniuste
2113 4905 2190 4975 lusu

1204 5001 1356 5095 polluat,
1384 5000 1539 5070 acicam
1566 4996 1632 5068 Dei
1660 4999 1786 5070 irritet.

1302 5118 1465 5213 Cumque
1479 5119 1584 5191 valde
1601 5119 1838 5209 periculosum
1863 5120 1908 5191 sit
1928 5121 1967 5188 in
1985 5121 2191 5196 civitatibus

1201 5223 1332 5313 pacatis
1366 5222 1530 5291 eiaculari
1557 5220 1681 5308 globos
1706 5221 1913 5311 plumbeos,
1946 5238 2009 5295 aut
2036 5227 2188 5306 similes,

1201 5321 1430 5416 prohibemus
1453 5325 1530 5393 illas
1551 5323 1781 5394 iaculationes
1806 5337 1839 5393 et
1862 5326 1994 5396 severis
2018 5332 2189 5424 exemplis

1112 5433 1116 5439 ’
1200 5427 1431 5519 petulantiam
1446 5427 1486 5495 in
1499 5422 1567 5498 hoc
1583 5449 1710 5517 genere
1724 5426 1928 5533 puniemus.
