4748 6022
164 306 235 377 931
617 286 931 384 ALLOQUIA
984 286 1056 362 ET
1107 278 1343 359 BREVES
1395 268 1753 350 CONClONES.
1879 323 1884 342 .
2124 267 2203 344 ⁹32

177 475 245 549 No.
262 472 321 544 16.
900 465 1159 550 14.εφι.1535.
1209 455 1237 525 si
1254 453 1511 544 significemus,
1535 470 1602 519 uos
1616 469 1657 515 ea
1672 467 1812 515 summo
1828 440 1947 514 studio
1965 453 2197 511 conservatu-

166 570 332 599 Μ
929 562 1140 595 Μ
1210 581 1269 628 ros
1283 579 1369 626 esse.

237 691 257 755 ψ
276 687 317 740 Ee
330 681 487 805 npo5rsplo
499 679 528 734 tn
541 679 607 735 eod.
626 678 827 748 obenanartp.
844 677 891 732 97.
908 706 943 720 -
960 676 1098 749 'Mugtnt
1113 674 1158 730 ad·
1313 657 1475 728 Primum
1499 653 1609 743 igitur
1623 651 1760 741 agimus
1781 645 1911 737 gratias
1924 640 2003 715 Deo
2027 655 2064 712 et
2087 645 2201 713 domi-

272 754 373 826 scripu
404 761 530 853 ‘⁸⁰⁰¹n',
545 750 641 804 ‘²⁸²⁰‘
662 768 762 817 ¹²¹²¹¹¹¹⁹
779 746 1042 820 ‘¹¹¹²·'²9⁰⁸‘²P¹'⁰¹¹¹
1055 748 1162 802 ‘'⁶¹⁰¹''
1213 786 1261 832 no
1277 774 1401 830 nostro
1419 755 1497 826 lesu
1512 752 1675 837 Christo,
1699 752 1763 845 qui
1787 772 1855 818 nos
1870 748 2013 817 vocavit
2036 748 2085 815 ad
2107 746 2201 837 agni-

276 823 676 962 ”iitiliiltepiilitaelsuehsonis
696 883 927 956 chirographum,
947 885 1020 958 quod
1038 884 1096 955 ipse
1115 885 1156 938 ut·
1214 865 1350 936 tionem
1358 858 1544 948 Evangelii
1560 858 1615 928 sui
1631 857 1668 924 in
1683 850 1750 923 hac
1765 847 1902 936 schola;
1927 843 2098 919 namhoc
2116 873 2204 918 mar-

309 972 354 1015 tro
367 960 433 1014 mibi
447 959 556 1024 obtulit,
576 975 605 1009 ez
620 974 675 1026 quo
689 974 751 1023 erga
764 973 807 1006 me
825 974 876 1010 sus
890 955 1081 1010 benevolentia
1093 954 1164 1009 mibi
1215 960 1394 1056 garithum
1411 987 1492 1032 vere
1510 961 1639 1029 scimus
1659 956 1927 1027 anteferendum
1945 974 2020 1021 ωε
2038 951 2205 1021 omnibu,

308 1034 831 1166 heiii‘ii'stinlllliuiiliriiiiii¹⁰⁰¹¹
857 1025 945 1096 stylus
968 1033 1160 1113 ‘mmm'
1217 1068 1298 1139 aliis
1322 1068 1430 1136 rebus
1456 1062 1666 1133 coelestibus
1684 1072 1720 1129 et
1735 1053 1911 1128 humanis.
1962 1051 2059 1124 Cum
2087 1067 2203 1124 autem

1218 1170 1425 1259 magnitudo
1438 1162 1546 1237 huius
1562 1162 1721 1234 beneficii
1734 1160 1865 1253 exponi
1887 1157 2007 1227 verbis
2028 1180 2106 1240 nou
2127 1180 2206 1247 pos-

178 1280 419 1373 (Grotiorum
457 1277 555 1345 ontio
589 1278 631 1346 iu
661 1274 896 1364 promotione
931 1277 1165 1346 Hieron.
1217 1273 1284 1357 sit,
1311 1293 1453 1341 oramus
1474 1265 1613 1359 Deum,
1639 1281 1680 1337 ut
1700 1265 1739 1332 in
1760 1264 1865 1333 nobis
1885 1274 2057 1352 perpetuo
2082 1273 2207 1346 augeat

362 1377 550 1449 Wellert‘
577 1374 614 1447 d.
644 1374 702 1450 14.
729 1381 837 1468 Sept.
864 1373 993 1468 1535.)
1218 1375 1326 1444 animi
1351 1372 1623 1462 gratitudinem,
1651 1369 1781 1437 deinde
1802 1380 1843 1436 ut
1865 1365 1964 1433 iuvet
1987 1384 2075 1446 nos,
2108 1373 2208 1429 utre

1218 1478 1293 1568 ipsa
1306 1476 1462 1568 aliquam
1478 1474 1624 1562 gratiam
1645 1471 1857 1551 referamus,
1887 1465 2052 1533 videlicet
2077 1476 2120 1532 ut
2139 1486 2208 1531 no-

545 1645 554 1661 .
684 1645 692 1660 .
1014 1656 1017 1660 ,
1108 1645 1116 1661 ,
1219 1581 1300 1650 stris
1320 1578 1448 1647 studiis
1472 1574 1707 1664 Evangelium
1730 1572 1904 1640 loeliciter
1919 1578 2134 1659 propagetur
2157 1565 2204 1634 ad

178 1661 424 1743 Pmcepwr‘s
441 1659 575 1730 ΜΨ
600 1639 884 1714 uthmdemm
905 1668 1004 1733 agam
1028 1662 1168 1735 3²³¹¹³⁸2
1218 1681 1367 1772 gloriam
1392 1674 1525 1750 Christi
1556 1693 1590 1747 et
1612 1678 1656 1745 ad
1680 1677 1831 1745 salutem
1853 1669 2043 1742 Ecclesiae.
2101 1663 2208 1735 Hanc

103 1814 105 1818 ,
181 1750 246 1821 etsi
270 1749 432 1867 intelligo
465 1762 605 1865 tantam.
632 1771 707 1816 esse
719 1747 1011 1864 'magnitudinem
1035 1744 1164 1817 horum
1219 1785 1315 1852 enim
1336 1782 1484 1870 gratiam
1511 1781 1585 1870 ipse
1607 1777 1758 1869 reposcit
1781 1800 1861 1846 cum
1889 1775 1937 1843 ait
1958 1766 2144 1840 Christus:
2171 1768 2210 1835 in

181 1851 453 1934 beneficwmm’
478 1852 523 1917 de
545 1850 675 1967 ‘ludim
692 1851 881 1968 d¹⁶⁰¹¹f³⁰¹¹f
908 1864 978 1934 ⁰⁵¹²
1004 1849 1166 1969 ”tff‘una
1220 1881 1287 1955 hoc
1311 1884 1528 1974 glorificatur
1551 1895 1652 1974 pater
1674 1903 1795 1962 meus,
1819 1892 1859 1948 nt
1878 1877 2031 1944 lructum
2051 1871 2211 1941 multum

180 1949 337 2025 humana
352 1977 437 2021 voce
451 1976 516 2043 pro
531 1953 701 2038 dignitate
717 1952 882 2041 explicari
901 1966 1067 2022 etornan
1087 1977 1168 2042 pos-
1219 1988 1361 2070 feratis,
1392 1999 1427 2054 et
1450 1984 1539 2051 fiatis
1562 1983 1632 2052 mei
1654 1980 1832 2072 discipuli·
1882 1977 1953 2048 Nee
1980 1998 2068 2043 vem
2106 1972 2213 2064 quic,

183 2056 274 2141 sint,
299 2069 417 2125 tamen
437 2055 504 2123 erit
519 2068 653 2123 vestrae
673 2055 863 2144 sapientiae
879 2068 984 2146 atque
1000 2048 1167 2124 humani·
1218 2115 1325 2182 quam
1347 2087 1528 2156 ardentius
1549 2101 1731 2176 optamus,
1755 2108 1862 2176 quam
1884 2071 2038 2153 atham
2054 2075 2214 2164 gratiam

183 2158 264 2228 tatis
277 2158 433 2228 officium
451 2181 569 2225 meum
593 2157 754 2247 probare.
804 2153 920 2223 Valde
943 2169 1058 2225 autem
1082 2179 1169 2245 gau·
1215 2182 1664 2279 'Deoreddmpossimuso

113 2335 120 2342 ,
182 2261 249 2329 deo
264 2256 355 2328 mihi
371 2258 689 2352 aliquamoblatam
707 2259 1011 2328 esseoccasionem
1026 2260 1168 2349 publice
1319 2290 1715 2379 Deindeagnoscimus’
1739 2278 2209 2356 „osdehemeverenfiam

67 2456 69 2459 ·
184 2362 423 2480 *humandae
457 2384 554 2428 '⁰⁰³⁰
590 2361 784 2479 muniatis
811 2383 890 2450 Ψ
917 2356 1009 2478 haic
1031 2361 1169 2473 Aemi*
1219 2378 2211 2486 etgratitndinemsnmmam‚velutangelisDei,dorto-

182 2488 309 2583 mmfn’
343 2478 377 2533 ‘i
397 2487 600 2580 quanquam
628 2463 706 2531 leve
727 2465 870 2534 ”detur
892 2463 1068 2544 ⁰ffi⁰¹¹¹¹¹¹’
1102 2459 1168 2531 h⁰‘
1217 2500 1417 2586 ribus,per
1432 2518 1520 2587 quos
1536 2495 1640 2562 uobis
1654 2490 1751 2562 Deus
1764 2492 1913 2561 coeleste
1929 2507 2064 2556 munus
2079 2484 2211 2574 impar·

182 2568 468 2685 mierbomin
491 2579 639 2682 gramini
664 2567 828 2683 reddele'
855 2579 972 2633 tamen
996 2589 1059 2634 *³⁰⁸
1082 2588 1169 2684 ¹⁰5⁰
1201 2601 1290 2671 tiit.
1315 2599 1455 2669 Scimus
1471 2593 1633 2665 hominos
1649 2597 1694 2663 ab
1709 2589 1916 2663 hominibus
1936 2588 2082 2664 nullum
2099 2584 2210 2652 maius

182 2692 263 2788 cum
288 2670 326 2737 ιὰ
351 2669 410 2737 fiat
431 2691 469 2735 ¹¹¹
492 2691 658 2786 i⁰⁵p¹⁰¹¹⁸
682 2681 797 2737 ”⁰⁵¹⁸
814 2663 1170 2784 grad⁰⁸fth⁰¹¹qf¹³2
1219 2700 1430 2772 beneficium
1444 2699 1720 2789 accipereposse,
1732 2722 1837 2791 quam
1848 2688 2210 2764 communicationem

138 2815 143 2822 ·
183 2795 223 2839 sn
245 2796 323 2862 ipso
343 2769 476 2888 templo
503 2783 596 2887 inter
617 2792 714 2887 aras,
741 2794 819 2838 cum
840 2763 1075 2886 quo-dtnhoc
1094 2792 1170 2860 ¹P⁵⁰
1221 2803 1427 2896 praesertim
1444 2802 1604 2870 coelestis
1617 2801 1808 2870 doctrinae.
1861 2793 1915 2867 Ac
1936 2817 2022 2863 vere
2039 2786 2110 2859 hoe
2130 2812 2207 2857 mu-

185 2873 298 2961 gradu
322 2873 441 2964 aliqua
463 2885 550 2941 insit
574 2870 718 2959 rehgro,
765 2870 834 2964 (est
859 2895 956 2939 emm
982 2873 1100 2940 aditus
1125 2871 1170 2938 ad
1222 2901 1333 3000 nus¹)
1356 2905 1524 2974 debemus
1550 2898 1772 2993 hisopfimis
1795 2900 1899 2983 viris,
1925 2896 2025 2990 quod
2052 2916 2127 2961 non
2153 2914 2208 2959 so·

187 2973 446 3044 sanctissimum
472 2972 711 3041 ministerium
746 2968 972 3067 Evangelii),
1004 2996 1049 3040 ne
1079 2968 1172 3042 hanc

444 3074 452 3090 .
925 3075 933 3090 .
1144 3075 1152 3090 ,
1221 3010 1297 3079 lum
1311 3008 1461 3077 fideliter
1476 3028 1541 3074 nos
1552 3007 1692 3090 docent,
1707 3005 1769 3073 sed
1780 3003 1886 3072 etiam
1899 2999 1985 3094 quia
2005 2994 2208 3085 ingentibus

188 3087 561 3145 commemorationem
582 3073 696 3141 levem
719 3097 795 3143 esse
817 3076 975 3163 ducatis,
1014 3077 1075 3144 sed
1098 3098 1172 3144 exi-

1223 3110 1475 3181 certaminibus
1496 3132 1535 3175 ac
1563 3107 1730 3198 periculis
1755 3108 1900 3175 student
1920 3121 2117 3191 repurgare
2146 3098 2208 3164 do·

297 3278 307 3296 ,
348 3279 357 3295 ,
1226 3214 1395 3294 ctrinam,
1421 3234 1548 3278 ornare
1563 3204 1697 3279 Christi
1714 3208 1862 3298 gloriam
1884 3220 1920 3276 et
1942 3201 2131 3273 consulere
2156 3221 2208 3265 sa-

184 3278 391 3381 P¹⁰fi⁶¹⁸⁰¹·.
1223 3316 1290 3385 luti
1306 3312 1495 3384 Ecclesiae.
1546 3310 1648 3381 Hanc
1669 3312 1836 3380 virtutem
1860 3308 2061 3395 intelligere
2080 3324 2147 3369 nos
2169 3322 2208 3367 ac

286 3409 335 3483 Et
349 3415 494 3507 quidem
512 3407 580 3481 hoe
596 3414 741 3504 publico
762 3413 967 3483 testimonio
990 3439 1056 3485 nos
1081 3415 1174 3484 serio
1226 3415 1388 3487 venerari
1411 3429 1446 3484 et
1468 3440 1509 3482 ex
1531 3415 1651 3482 animo
1674 3436 1792 3482 amare
1823 3410 2008 3493 convenit,
2039 3403 2210 3498 quemad-

188 3516 388 3605 obligamus
405 3516 558 3607 primum
582 3511 761 3585 Ecclesiae
784 3512 940 3599 Christi,
968 3518 1097 3586 deinde
1119 3512 1175 3586 his
1224 3521 1370 3588 modum
1392 3529 1513 3586 monet
1534 3540 1600 3584 nos
1615 3541 1682 3584 vox
1699 3509 1908 3607 prophetae:
1933 3536 2042 3605 quarn
2064 3503 2210 3598 speciosi

184 3619 473 3710 praeceptoribus
506 3618 655 3702 nostris,
707 3642 860 3710 qnorum
895 3620 1093 3690 ministerio
1129 3622 1174 3688 ad
1223 3624 1330 3712 pedes
1354 3616 1683 3708 Evangelizantium
1705 3642 1837 3709 pacem.
1890 3612 1969 3685 Etsi
1991 3614 2089 3683 enim
2112 3606 2209 3699 impii

186 3721 405 3812 agnitionem
435 3715 570 3790 Christi
601 3720 828 3810 pervenimus
853 3723 952 3790 etad
977 3718 1175 3811 huncgra-
1225 3748 1301 3793 non
1324 3723 1544 3811 intelligant,
1577 3734 1746 3813 quantam
1767 3722 1878 3788 'decus
1900 3717 2007 3788 sitin
2034 3735 2116 3784 vera
2138 3710 2210 3800 pio-

186 3825 273 3893 dum
305 3822 544 3892 sanctissimae
573 3822 768 3893 functionis
790 3823 904 3893 vocati
933 3847 1075 3907 sumus,
1109 3848 1175 3893 nos
1225 3824 1572 3914 tate,magnitudine
1589 3822 1854 3905 animi,studio
1870 3815 2078 3890 illustrandi
2090 3809 2210 3883 Evan-

186 3925 307 3996 omnia
322 3924 438 3995 studia
455 3937 574 3994 nostra
592 3925 637 3991 ad
653 3920 831 3993 Ecclesiae
854 3926 1001 3994 salutem
1024 3926 1174 3995 collatu·
1225 3929 1328 4018 gelii,
1353 3941 1472 3997 tamen
1495 3949 1560 3993 nos
1575 3925 1861 4009 meminerimus,
1887 3919 1952 3992 has
1966 3936 2085 3993 tantas
2099 3917 2209 3984 virtu·

186 4050 247 4099 ros
268 4051 363 4112 esse,
399 4042 433 4098 et
453 4026 687 4097 reverentiam
714 4040 749 4095 et
775 4027 887 4095 animi
919 4029 1172 4117 gratitudinem
1225 4044 1277 4100 tes
1291 4044 1327 4099 et
1340 4026 1416 4098 Deo
1433 4027 1646 4117 gratissimas
1667 4041 1700 4097 et
1717 4021 1974 4118 pulcherrimas
1989 4021 2210 4111 maximeque

187 4130 273 4223 ipsis
289 4129 576 4221 praeceptoribus
593 4138 729 4198 surmna
747 4128 815 4198 fide
839 4131 1068 4220 praestituros
1090 4155 1176 4216 esse,
1225 4131 1364 4202 anobis
1377 4133 1545 4200 amandas
1561 4142 1597 4199 et
1611 4130 1777 4199 colendas
1791 4153 1875 4202 esse.
1926 4124 1986 4197 Ad
2010 4123 2095 4197 haec
2115 4119 2211 4192 Pau-

187 4256 227 4301 ac
241 4246 452 4326 sequuturos
471 4231 510 4299 in
533 4232 699 4301 omnibus
720 4232 903 4302 doctrinae
923 4235 1175 4303 controversiis
1225 4235 1281 4304 lus
1298 4258 1421 4304 eorum
1440 4233 1596 4324 pericula
1609 4232 1671 4326 qui
1688 4234 1817 4302 docent
1832 4230 1951 4324 inquit
1966 4228 2114 4320 gloriam
2136 4249 2210 4294 esse

188 4356 311 4402 eorum
329 4335 574 4404 auctoritatem
600 4348 634 4403 et
660 4334 811 4420 iudicia,
831 4360 896 4405 nec
922 4335 999 4405 sine
1025 4336 1176 4407 consilio
1224 4350 1399 4419 nostram,
1425 4330 1493 4404 hoc
1510 4348 1561 4404 est
1575 4334 1832 4420 audientium'
1858 4332 1950 4402 Nam
1968 4344 2116 4423 propter
2136 4329 2207 4418 glo-

187 4436 347 4527 ipsorum
357 4437 515 4506 derebus
528 4437 705 4525 ambiguis
715 4436 1176 4528 pronuntiaturos,Deum-
1224 4439 1334 4521 riam,
1366 4432 1434 4507 hoc
1456 4451 1507 4507 est
1533 4430 1691 4506 salutem
1708 4451 1865 4506 nostram
1891 4430 1961 4503 hoc
1993 4434 2152 4505 tolerant
2178 4444 2209 4500 et

187 4562 257 4630 que
273 4561 479 4631 precamur,
504 4552 544 4608 ut
567 4563 633 4608 nos
654 4538 792 4630 Spiritu
816 4556 936 4611 sancto
948 4541 1121 4630 gubernet
1142 4554 1175 4611 et
1225 4541 1484 4632 perpetiuntur.
1543 4535 1646 4607 Esset
1676 4554 1792 4609 autem
1818 4537 2029 4622 crudelitas,
2061 4558 2137 4604 non
2159 4533 2208 4603 vi·

187 4640 384 4726 confirmet,
398 4641 633 4732 neapuritate
642 4637 839 4731 Evangelii,
859 4667 964 4734 quam
975 4641 1176 4727 didicimus,
1224 4642 1343 4710 cissim
1363 4665 1481 4709 amare
1500 4663 1577 4722 eos,
1598 4639 1679 4732 qui,
1704 4655 1744 4711 ut
1760 4641 1804 4709 de
1822 4640 1925 4709 nobis
1942 4641 2035 4708 bene
2051 4661 2208 4707 merean-

184 4768 344 4839 unquam
369 4744 601 4818 discedamus.
659 4742 812 4814 Basilius
844 4744 977 4838 inquit,
1015 4744 1083 4814 sibi
1114 4769 1175 4834 pa·
1224 4757 1302 4829 tur,
1328 4742 1515 4812 acerrimas
1536 4743 1781 4811 dimicationes
1798 4742 1997 4834 suscipiunt
2019 4755 2055 4812 et
2077 4741 2207 4831 gravis-

185 4862 281 4918 trum
304 4848 525 4939 superiorum
550 4846 749 4918 doctrinam
772 4842 888 4917 adhuc
905 4845 1065 4921 ἔναυλον
1091 4870 1175 4933 esse,
1224 4847 1330 4916 simas
1345 4869 1530 4915 aerumnas
1545 4846 1732 4916 sustinent.

185 4942 255 5016 hoc
271 4963 341 5032 est,
367 4974 469 5021 aures
484 4948 601 5021 adhuc
614 4972 805 5043 personare
822 4973 906 5019 voce
921 4967 1071 5041 patrum.
1120 4949 1173 5022 lta
1323 4947 1402 5019 Hoc
1418 4949 1490 5018 dixi
1508 4972 1584 5016 non
1606 4951 1700 5040 qnod
1722 4947 1873 5016 arbitrer
1896 4940 1989 5015 hanc
2013 4947 2205 5016 orationem

187 5049 294 5119 nobis
315 5050 421 5119 etiam
439 5067 609 5144 perpetuo
627 5054 870 5144 personabunt
890 5076 992 5122 aures
1015 5048 1080 5123 hac
1107 5054 1173 5122 do·
1223 5065 1340 5123 tantae
1360 5049 1504 5120 virtutis
1522 5050 1720 5118 mercedem
1747 5072 1839 5130 esse,
1869 5049 1928 5118 sed
1952 5061 1993 5117 ut
2019 5047 2204 5131 voluntatis

186 5151 299 5224 ctrina
314 5148 522 5242 Evangelii,
548 5179 652 5249 quam
671 5150 779 5224 huius
794 5152 971 5225 Ecclesiae
995 5157 1173 5246 guberna·
1196 5207 1199 5271 ι
1222 5179 1262 5225 ac
1277 5154 1402 5224 iudicii
1416 5153 1529 5222 nostri
1555 5153 1848 5243 significationem
1871 5150 2030 5244 aliquam
2048 5152 2205 5224 ostende·

184 5270 278 5324 tores
294 5255 400 5324 uobis
414 5257 650 5330 tradiderunt.
706 5254 785 5327 Hoc
799 5257 903 5329 initio
920 5281 1093 5347 exponere
1109 5284 1173 5326 vo·
1196 5280 1198 5287 ·
1221 5280 1308 5342 rem,
1322 5257 1418 5350 quod
1427 5255 1571 5348 quidem
1583 5258 1627 5325 ad
1638 5254 1837 5346 exemplum
1854 5254 2036 5345 pertinere
2051 5250 2207 5327 indicavi.

183 5358 247 5427 lui.
307 5356 389 5427 Non
419 5357 512 5426 enim
545 5359 690 5427 aliunde
717 5361 834 5429 verius
863 5361 1016 5451 intelligi
1048 5375 1172 5452 potest,

183 5460 329 5530 maximi
342 5461 418 5531 lieri
435 5486 453 5532 a
472 5461 576 5532 nobis
589 5455 696 5531 huius
713 5458 853 5533 scholae
870 5464 1050 5549 beneficia,
1063 5486 1169 5558 quam
1194 5454 1198 5550 l
1257 5490 1284 5558 1)
1305 5488 1372 5543 eod.
1386 5486 1443 5545 ob.
1457 5487 1540 5544 hstes
1552 5488 1665 5559 magis,
1681 5489 1756 5562 quod
1771 5487 1902 5543 nendum
1917 5498 1967 5546 „g

185 3177 355 3262 stimetis,
387 3201 464 3245 eam
489 3177 534 3246 ab
557 3174 692 3268 optimo
717 3189 752 3246 et
775 3176 1027 3246 candidissimo
1052 3178 1173 3246 animo
