4748 6022
146 225 225 308 66⁷

148 398 314 526 Qec

218 586 291 659 Opp.
310 584 378 641 Mel.
396 582 480 640 Basil.
500 584 534 639 T.
549 579 584 637 V.
603 567 707 654 pjttt.
743 574 873 630 Vinceot.
888 593 916 649 p.
931 575 991 630 tat.
1057 668 1061 673 .

925 489 1138 524 m

235 745 486 840 Epitaphium
511 749 560 818 D.
586 747 712 835 casp.
740 737 1052 812 Lindemann.

151 897 221 969 Hic
237 899 302 968 sita
317 894 535 967 Lindemani
550 905 633 964 sunt
648 889 778 979 frigida
794 884 959 979 Casparis
974 909 1072 968 ossa,

203 999 279 1089 Qui
293 998 434 1071 Medica
450 997 566 1067 clarus
582 993 717 1065 Doctor
733 992 771 1059 in
789 1005 863 1059 arte
878 989 957 1058 fuit.

150 1103 200 1176 Et
214 1102 383 1197 quoniam
399 1098 533 1189 insigni
547 1096 729 1167 doctrinae
744 1091 952 1161 adiunxerat
968 1111 1094 1174 usum,

159 1214 163 1223 “
202 1205 369 1278 Saxonici
382 1201 567 1273 Medicum
584 1197 732 1286 contigit
749 1215 822 1262 esse
837 1192 959 1263 Ducis.

151 1309 309 1379 Tantum
326 1307 381 1375 illi
395 1325 582 1397 perperere
603 1303 710 1370 decus
723 1318 910 1389 moresque
921 1292 1095 1385 fidesque,

199 1408 351 1500 Egregia
368 1420 542 1502 quantum
562 1402 677 1473 laudis
693 1401 738 1469 ab
754 1412 827 1468 arte
843 1396 936 1470 tulit.

152 1513 274 1602 Quare
286 1523 496 1604 perpetuum
514 1505 577 1578 tali
594 1504 732 1575 ratione
745 1500 924 1583 favorem,

206 1613 343 1685 ludicio
361 1611 493 1684 meruit
506 1606 685 1701 Principis
702 1605 764 1674 ille
779 1602 879 1675 boni.

155 1717 300 1788 Pectore
314 1741 388 1787 non
404 1715 484 1785 ficto
501 1736 635 1784 numen
656 1710 805 1780 coeleste
823 1705 975 1787 colebat,

206 1818 260 1889 Te
274 1820 412 1906 fontem⁴
426 1815 583 1887 medicae
600 1808 742 1886 Christe
757 1809 933 1899 professus
947 1803 1036 1895 opis.

152 1919 248 2011 Ergo
267 1922 405 1992 animae
420 1919 530 2011 ipsius
545 1917 717 1986 concedas
733 1909 884 1979 maxime
898 1902 1056 1987 Christe,

203 2022 245 2094 ln
261 2024 396 2115 gremio
411 2035 451 2092 ut
465 2020 562 2088 vivat
575 2040 650 2086 nou
661 2013 836 2084 moritura
855 2023 928 2081 tuo.

1005 2215 1145 2228 “o—n—

153 2239 202 2247 ·--
211 2219 1004 2244 ‘mm-affl

154 2366 223 2436 No.
242 2355 328 2431 155.

165 2457 334 2490 »ον-ν

226 2540 301 2611 Opp.
319 2534 387 2592 atet.
404 2530 485 2589 Basil.
503 2530 537 2584 T.
551 2528 586 2585 V.
604 2545 632 2599 p.
645 2527 707 2584 838.
744 2522 871 2579 Vincerat.
889 2542 916 2594 p.
930 2496 988 2577 188.

291 2689 536 2792 Epitaphium
559 2695 681 2762 loon.
709 2709 734 2758 a
760 2685 1007 2782 Minqoi'tz.

154 2837 223 2908 Hic
238 2833 377 2909 tumulo
395 2826 536 2922 placida
553 2825 739 2894 defunctus
753 2833 868 2890 morte
883 2815 1051 2903 loannes,

206 2934 419 3027 Mingvitiae
433 2929 547 3020 gentis
565 2925 675 3017 gloria
691 2946 830 2993 summa
846 2921 961 2992 cubat.

157 3044 231 3134 Qui
249 3037 388 3131 generis
400 3033 524 3104 titulos
538 3029 636 3100 auxit
652 3024 794 3097 virtutis
810 3017 967 3106 honore,

208 3144 327 3234 Quam
343 3158 480 3227 semper
494 3153 671 3202 summum
685 3127 838 3197 credidit
853 3147 926 3192 esse
946 3125 1062 3196 decus.
1113 3139 1115 3143 ·

157 3248 272 3342 lpsius
288 3245 327 3313 in
346 3238 514 3332 gravibus
529 3231 716 3326 prudentia
732 3228 871 3319 cognita
885 3227 1009 3311 rebus,
1082 3253 1088 3259 ·

205 3346 255 3420 Et
269 3367 370 3415 mens
384 3338 533 3411 consilio
547 3336 669 3428 plena,
702 3333 841 3426 fideque
857 3330 937 3400 fuit.

155 3448 311 3545 Eloquia
330 3443 427 3515 flexit
441 3461 651 3530 magnorum
663 3447 804 3525 pectora
821 3428 978 3519 Regum,

206 3549 356 3624 Artibus
371 3561 407 3616 et
420 3542 555 3614 cunctis
571 3537 693 3607 floruit
709 3534 770 3603 ille
785 3547 896 3619 togae.

154 3652 204 3727 Et
217 3655 299 3748 pins
311 3652 356 3720 ad
374 3645 507 3737 patriae
521 3638 671 3732 respexit
685 3635 870 3705 commoda
888 3655 1044 3723 semper,

207 3755 326 3847 Atque
342 3763 446 3818 autor
459 3742 571 3814 dubio
587 3755 746 3829 tempore
760 3736 857 3828 pacis
875 3747 958 3805 erat.

67 3899 70 3903 ⁴
157 3857 278 3947 Quare
292 3849 453 3922 difficiles
465 3844 566 3915 aulae
581 3843 785 3910 moderator
800 3833 956 3906 habenas

207 3938 374 4030 Santonici
392 3947 482 4020 rexit
501 3942 762 4034 consiliumque
777 3936 899 4012 Ducis.

155 4059 252 4152 Ergo
266 4059 369 4129 illum
387 4049 548 4148 quamvis
563 4044 791 4139 properantia
805 4045 875 4112 fata
893 4039 1070 4115 tulerunt,

205 4159 361 4232 Virtutis
373 4158 479 4226 durat
495 4150 606 4241 gloria
621 4169 746 4237 magna
763 4159 894 4217 tamen.

157 4265 217 4339 Tu
232 4285 374 4361 quoquc
388 4260 451 4328 des
464 4251 713 4330 illi'coelestis‚
746 4247 876 4339 gaudia
888 4245 1001 4329 vitae,

207 4368 309 4458 Quae
323 4361 426 4457 petiit
442 4358 534 4429 votis
550 4355 702 4425 maxime
716 4346 857 4422 Christe
872 4347 952 4439 piis.

899 4560 936 4566 ...,-
951 4554 1147 4566 ...-..-...-.--

958 4715 1008 4756 an.
1026 4691 1121 4754 1539.

929 4783 1141 4815 Μ

157 4710 225 4778 No.
244 4700 329 4777 156.

164 4801 334 4833 Μ

229 4889 309 4960 Apud
324 4886 449 4938 Vincent.
464 4879 565 4951 pat..
588 4875 635 4945 qui
648 4872 762 4946 margini
778 4871 934 4953 {decriptiu
955 4884 1054 4935 „anno
1071 4862 1147 4920 15⁸9.

257 4949 471 5014 Francoiordiae
491 4944 525 5000 ad
545 4943 712 5011 Moenum'fi
747 4941 880 4994 Etiamne
896 4938 962 4990 Mel.
979 4935 1070 4988 select.
1088 4932 1147 4985 De·

261 5028 340 5084 clam.
354 5021 436 5075 Tom.
451 5015 491 5086 ll,
504 5032 532 5084 p.
547 5011 608 5066 217.

371 5160 432 5240 Ad
451 5155 661 5233 studiosam
686 5156 936 5263 inventutem.

158 5315 196 5388 Si
213 5313 321 5381 decus
336 5297 516 5372 Ausoniae
533 5285 843 5394 linguaesretinere
859 5279 1006 5352 studetis

208 5414 248 5487 si
263 5405 391 5501 cupitis
406 5411 500 5473 recte
510 5393 620 5466 verba
635 5388 745 5460 latina
758 5384 877 5499 loqui,

885 209 1211 301 CARMINUM
1261 209 1369 287 LIB.
1394 209 1452 282 ΙΙ.

936 393 1143 479 (rn.1538?)
1191 381 1287 456 Cura
1302 383 1348 456 sit
1363 408 1383 453 a
1399 383 1528 455 teneris
1544 379 1677 452 Vatum
1693 406 1902 474 cognoscere
1917 388 2065 481 scripta,

2107 213 2182 293 668

1243 482 1391 580 Eloquii
1410 487 1526 557 fontes
1542 481 1609 554 hos
1625 486 1711 555 sciat
1727 510 1799 557 esse
1815 512 1915 579 puer.

1191 586 1332 659 Horum
1347 587 1550 679 pectoribus
1568 600 1685 658 motus
1701 587 1799 660 Deus
1813 589 1946 661 indidit
1964 612 2069 661 acres.

1243 690 1511 784 sublimemque
1527 689 1625 759 dedit
1638 688 1744 761 Musa
1760 716 1887 763 canora
1904 718 2044 764 sonum.

1193 792 1327 863 Verum
1343 815 1416 862 non
1432 792 1516 862 satis
1533 805 1584 862 est
1597 791 1720 881 legisse
1736 800 1896 885 poc'mata
1912 809 2070 880 tantum,
2106 822 2114 872 ὲ

1246 894 1399 965 Accedat
1415 894 1541 963 studiis
1554 894 1663 963 altera
1679 918 1763 966 cura
1778 896 1860 966 tuis.

1193 995 1243 1068 Ut
1258 997 1371 1067 doctis
1384 995 1505 1085 digitis
1521 996 1677 1087 exempla
1694 998 1858 1088 effingere
1873 1012 2001 1083 certes,

1244 1097 1378 1189 Cogere
1394 1097 1481 1167 etin
1499 1121 1666 1168 numeros
1682 1102 1790 1171 verba
1803 1102 1919 1171 soluta
1936 1125 2060 1174 novos.

1193 1202 1262 1273 Hic
1276 1203 1379 1270 labor
1394 1200 1528 1289 ingenii
1543 1199 1635 1271 vires
1653 1201 1817 1296 acuitque
1832 1204 2014 1296 fovetque,

1242 1302 1340 1372 Hinc
1355 1303 1455 1372 venit
1471 1302 1603 1395 eloquii
1621 1303 1741 1394 copia,
1774 1305 1906 1391 forma,
1936 1305 2044 1376 nitor.

1192 1406 1271 1477 Hoc
1288 1405 1318 1475 si
1333 1407 1534 1492 languescet
1546 1404 1723 1490 studium,
1757 1406 1788 1474 si
1803 1407 1926 1495 ignara
1941 1408 2108 1478 iuventus

1241 1507 1323 1577 Non
1341 1507 1495 1598 perferre
1510 1507 1605 1577 volet
1619 1509 1735 1578 taedia
1748 1507 1853 1599 longa
1872 1507 1971 1603 styli:

1193 1608 1263 1679 Hei
1280 1605 1370 1679 mihi
1384 1632 1474 1701 quae
1491 1609 1606 1678 clades
1619 1610 1773 1703 reliquas
1787 1611 1916 1681 iterum
1936 1611 2063 1681 obruet
2080 1623 2172 1681 artes
2197 1645 2199 1649 ’

1243 1709 1432 1781 Barbaries
1446 1713 1610 1783 tenebras
1626 1707 1771 1783 invehet
1785 1726 1860 1784 atra
1876 1736 1998 1784 novas.

1193 1811 1253 1885 Ad
1270 1812 1376 1883 Vates
1392 1812 1500 1902 igitur
1511 1812 1638 1883 docilis
1652 1818 1848 1885 revocanda
1865 1812 2053 1893 Iuventus,

1245 1913 1340 1985 Hinc
1359 1916 1427 1984 sibi
1445 1915 1617 1984 sermonis
1635 1916 1770 1985 lumina
1784 1919 1877 1988 clara
1895 1912 2021 1988 trahat.

1194 2016 1242 2090 Et
1256 2041 1460 2112 quanquam
1477 2017 1655 2088 oblectent
1673 2021 1884 2115 numerique
1899 2020 2048 2113 sonique
2064 2019 2186 2107 legen·

1705 2133 1793 2189 iem:

1244 2218 1380 2291 Rerum
1395 2219 1533 2289 animos
1541 2219 1702 2308 gravitas
1716 2222 1796 2311 plus
1813 2236 1931 2292 tamen
1947 2224 2022 2313 ipsa
2038 2221 2142 2313 capit.

936 2342 1002 2439 (m,
1019 2348 1102 2414 1538
1112 2340 1148 2439 a)
1164 2336 1166 2342 ’
1194 2320 1365 2393 Naturam
1381 2343 1501 2390 rerum
1516 2333 1627 2391 totam
1640 2320 1787 2410 pinxere
1802 2321 1942 2396 Poene,

935 2439 1144 2470 m
1245 2420 1295 2493 Et
1309 2446 1449 2491 morum
1467 2444 1557 2515 quae
1574 2422 1619 2492 sit
1635 2446 1761 2493 norma
1776 2428 1973 2519 sequenda,
1997 2427 2144 2493 docent.¹

1195 2524 1245 2595 Hi
1260 2536 1547 2594 monstraverunt
1561 2523 1652 2593 coeli
1668 2525 1806 2616 fastigia
1821 2527 1993 2618 primum,

1246 2627 1330 2696 Non
1344 2626 1533 2714 mergenda
1548 2626 1638 2693 mari
1656 2650 1745 2719 quae
1759 2625 1944 2722 Cynosura
1960 2639 2078 2710 notat,

1196 2729 1245 2802 Ut
1261 2740 1404 2799 teneant
1421 2740 1529 2797 metas
1543 2727 1699 2798 errantia
1714 2730 1830 2801 sidera
1846 2746 1974 2816 certas,

1246 2830 1425 2921 Signifero
1440 2824 1579 2899 Phoebi
1594 2853 1684 2923 quae
1700 2831 1747 2901 sit
1757 2832 1796 2901 in
1813 2834 1899 2902 orbe
1914 2833 1982 2902 via.

1196 2933 1353 3003 Tardior
1365 2932 1498 3001 aestivo
1512 2955 1575 3001 cur
1588 2927 1760 3003 Phoebus
1774 2935 1811 3002 in
1827 2959 1890 3011 axe
1905 2931 2054 3004 vehatur

1246 3033 1338 3106 Cum
1354 3046 1495 3126 superat
1511 3034 1626 3104 noctis
1641 3048 1797 3127 tempora
1816 3039 1921 3128 longa
1938 3037 2026 3105 dies.

1196 3135 1402 3229 Brumaque
1418 3160 1481 3204 cur
1496 3150 1617 3206 noctes
1633 3141 1797 3209 extendat
1811 3140 1959 3230 frigida,
1991 3138 2135 3232 quando

1247 3237 1323 3307 lma
1339 3251 1436 3309 tenet
1448 3239 1578 3306 celeres
1594 3241 1708 3309 orbita
1725 3242 1809 3310 solis
1825 3266 1947 3334 equos.

1197 3341 1350 3412 Lumine
1365 3364 1429 3409 cur
1442 3354 1558 3409 careat
1573 3365 1652 3409 curn
1668 3341 1745 3412 Soli
1760 3346 1919 3435 proxima
1931 3343 2034 3414 Luna
2051 3357 2121 3427 est,

1246 3438 1295 3513 Et
1311 3442 1428 3512 medio
1443 3442 1588 3538 fratrem
1605 3466 1669 3512 cur
1686 3457 1777 3534 tegat
1792 3445 1866 3535 ipsa
1884 3446 1942 3514 die

1199 3544 1248 3618 Ut
1260 3543 1400 3614 Lunam
1418 3543 1577 3611 involvat
1592 3543 1698 3613 tellus
1711 3545 1915 3634 ingentibus
1931 3536 2088 3629 umbris,

1247 3641 1296 3715 Et
1309 3655 1400 3715 vetet
1414 3644 1579 3735 opposito
1592 3645 1728 3714 lumine
1740 3669 1841 3737 posse
1858 3648 1943 3719 frui.

1199 3747 1368 3841 Quasque
1385 3745 1478 3813 vires
1493 3760 1633 3816 servent
1648 3748 1798 3819 orientia
1815 3747 1930 3819 sidera
1948 3751 2064 3834 coelo,

1248 3846 1295 3919 Et
1311 3873 1382 3943 quo
1397 3847 1579 3918 discedant
1592 3849 1717 3918 ordine
1734 3861 1845 3919 mersa
1861 3852 1969 3937 r'uari,

1199 3951 1302 4042 Quae
1314 3950 1435 4022 stellae
1451 3950 1550 4020 diros
1568 3965 1751 4038 moveant,
1777 3966 1953 4047 orantque
1967 3951 2150 4032 Cametas,

1182 4069 1183 4072 ’
1249 4050 1303 4124 Ac
1314 4051 1471 4122 flammis
1487 4053 1564 4121 istis
1579 4067 1741 4145 suppetat
1755 4058 1851 4125 unde
1866 4081 1989 4146 vapor.

1197 4156 1252 4228 Ne
1268 4177 1389 4225 causas
1402 4152 1553 4224 recitant
1564 4168 1723 4241 tantum,
1750 4159 1810 4226 sed
1824 4157 1893 4227 fata
1904 4155 2039 4229 -Poe'tae

1248 4256 1486 4341 Describunt‚
1511 4256 1588 4326 fieri
1601 4281 1667 4327 nec
1683 4271 1811 4329 temere
1828 4259 1892 4330 ista
1908 4273 2065 4331 monent.

1199 4358 1286 4431 Esse
1302 4357 1419 4429 Deum
1435 4381 1554 4457 rerum
1573 4375 1730 4431 autorem
1749 4374 1939 4448 testantur,
1971 4377 2004 4433 et
2020 4363 2131 4447 istum
2160 4419 2162 4423 -

1211 4500 1216 4508 a
1248 4460 1433 4532 Mentibus
1449 4454 1618 4531 humanis
1636 4457 1722 4532 haec
1737 4465 1821 4532 dare
1838 4464 1937 4554 signa
1952 4467 2083 4535 ferunt.

1198 4562 1268 4635 Cui
1281 4588 1356 4634 non
1370 4585 1425 4631 res
1440 4562 1550 4634 libeat
1563 4564 1719 4635 studiose
1733 4565 1914 4659 inquirere
1928 4566 2067 4637 tantas?

1248 4665 1347 4738 Dura
1364 4664 1434 4733 nisi
1450 4665 1507 4735 cui
1523 4689 1622 4735 mens
1639 4679 1690 4737 est
1709 4662 1909 4736 Adamante
1924 4671 2046 4758 magis.

1199 4764 1273 4837 Has
1299 4766 1583 4858 complectuntur
1603 4767 1730 4837 Vatum
1752 4785 1983 4839 monumenta
2002 4771 2192 4850 bonorum,

1251 4867 1435 4956 Quantum
1451 4869 1543 4957 ipsas
1559 4864 1696 4936 bomini
1715 4892 1856 4938 cernere
1872 4894 1972 4959 posse
1991 4874 2106 4943 datur.
2161 4920 2168 4925 -

1199 4966 1295 5060 Ergo
1312 4970 1520 5048 dexteritas,
1556 4982 1590 5036 et
1606 4969 1702 5038 docti
1717 4994 1799 5038 cura
1815 4969 1955 5066 Myrilli

1250 5067 1306 5142 Ad
1326 5069 1449 5140 Musas
1464 5070 1574 5138 lector
1589 5093 1667 5138 cum
1684 5071 1750 5141 tibi
1767 5088 1939 5145 monstret
1956 5077 2038 5146 iter:

1198 5171 1276 5244 Hoc
1291 5176 1380 5244 duce
1393 5170 1559 5241 Parnassi
1576 5172 1685 5242 celsas
1703 5177 1882 5246 ascendito
1898 5202 2020 5268 rupes,

1249 5272 1297 5345 Et
1312 5289 1372 5345 tua
1390 5272 1571 5343 doctrinae
1585 5275 1746 5347 fontibus
1763 5302 1823 5347 ora
1843 5280 1929 5368 riga.
