4748 6022
113 265 191 344 848

921 471 971 518 su.
997 450 1091 514 1588.

114 441 183 524 No.
201 438 291 515 188.

121 537 295 569 w
893 539 1106 580 Q

182 619 415 749 Apudwllpnssnt.
433 638 461 693 p.
476 621 564 692 susq.
580 648 613 664 -
639 620 683 677 Ci.
703 638 765 694 epp.
785 620 898 685 Volum.
912 623 961 681 lll.
980 644 1007 698 p.
1021 624 1066 679 45.
1085 634 1112 680 et

126 754 129 763 .
219 712 245 766 r·
316 731 325 748 ·

286 825 332 895 ln
357 822 563 916 nnapinen
588 817 939 912 christophori.

114 961 186 1033 lsta
203 960 283 1052 piae
301 956 429 1027 mentis
443 955 596 1024 formam
613 955 682 1025 tibi
697 968 872 1027 monstrat
888 956 1022 1046 imago,

167 1062 269 1152 Quae
285 1055 468 1132 Christum
483 1081 565 1127 vera
580 1081 660 1127 cum
676 1057 807 1150 pietate
824 1059 922 1129 colit.

115 1166 208 1237 Nam
222 1163 321 1233 velut
338 1161 376 1230 in
391 1159 518 1230 mediis
532 1159 666 1231 incedit
678 1161 848 1231 fluctibus
862 1158 978 1230 Heros
986 1211 998 1247 ,

167 1266 241 1358 Qui
250 1289 325 1335 uon
337 1285 505 1354 magnum
515 1257 676 1348 humero,
697 1263 758 1333 sed
767 1277 1107 1353 gravegestasonus:

116 1370 177 1442 Sic
192 1382 226 1439 et
243 1367 355 1437 multa
372 1367 450 1456 pios
465 1364 670 1434 discrimina
686 1379 825 1458 oportet
843 1367 961 1448 adire,

168 1468 243 1561 Qui
258 1469 408 1538 verbum
423 1480 567 1560 portant
583 1468 733 1537 maxime
748 1463 889 1540 Christe
905 1481 1019 1541 tuum.

118 1569 251 1644 Omnia
269 1571 469 1641 destituunt
482 1570 593 1640 iustos
608 1570 752 1655 solatia,
785 1595 890 1640 nemo

167 1670 352 1747 Auxilium
367 1672 459 1744 tristi
474 1685 632 1763 tempore
645 1673 738 1744 ferre
755 1675 853 1747 solet.

120 1777 180 1848 Tu
195 1800 336 1871 quoque
352 1775 546 1847 deseruisse
560 1788 641 1845 tuos
660 1800 681 1845 o
697 1771 837 1848 Christe
856 1775 1004 1859 videris,

171 1878 263 1951 Sunt
278 1879 382 1948 etiam
402 1878 464 1972 qui
480 1890 513 1947 te
528 1901 630 1969 posse
648 1879 771 1947 iuvare
785 1890 925 1966 negent.

121 1979 199 2051 Hoc
216 1993 267 2052 est
284 2006 347 2051 cur
359 1980 462 2071 pueri
478 1980 525 2048 sis
537 1980 652 2070 pictus
669 1979 837 2067 imagine:
871 2001 1024 2070 namque

167 2080 344 2154 Convenit
361 2081 512 2150 infirmis
530 2080 594 2148 ista
613 2080 723 2168 figura
741 2082 863 2169 magis.

118 2182 177 2256 Tu
191 2207 334 2278 quoque
349 2183 524 2271 lapsantes
540 2181 720 2250 interdum
736 2182 906 2272 deprimis
920 2183 1015 2273 ipse,

169 2286 277 2355 lrasci
292 2283 430 2376 quoties
445 2294 479 2350 te
494 2282 564 2351 sibi
580 2282 672 2350 velle
686 2296 822 2373 putant.

116 2388 301 2456 sustentat
314 2398 449 2468 tamen,
483 2398 517 2454 et
530 2385 675 2475 praebet
688 2384 814 2454 solatia
831 2382 1008 2468 Verbum,

50 2524 64 2553 ι
169 2483 266 2576 Ergo
280 2487 387 2556 arbor
400 2506 539 2577 gressus
555 2486 654 2554 arida
669 2487 760 2555 faeta
775 2486 874 2575 regit.

117 2587 215 2658 Haec
231 2602 348 2658 tamen
367 2588 406 2657 in
420 2589 545 2659 florem
561 2610 684 2658 rursus
699 2599 774 2658 s'ese
791 2589 917 2657 induet
934 2586 1058 2670 arbor,

167 2689 309 2762 Reddet
324 2691 419 2759 enim
436 2691 537 2761 iustis
551 2691 707 2782 praemia
722 2691 829 2780 digna
843 2687 951 2760 Deus.

119 2791 185 2861 llle
198 2817 304 2862 senex
325 2792 446 2861 lumen
461 2793 523 2886 qui
540 2793 710 2884 praefert,
736 2794 863 2863 doctor
877 2786 1083 2873 habendus,

168 2891 357 2965 Errantem
375 2909 417 2966 ut
429 2895 577 2966 monitis
592 2896 658 2966 rite
672 2896 860 2986 gubernet,
893 2892 971 2964 erit.

1020 3079 1108 3090 ...—

117 3211 183 3286 No.
204 3211 288 3287 184.
304 3324 306 3328 Ι

125 3308 296 3338 m

927 3241 975 3280 sn.
1001 3220 1094 3286 1536.

217 3393 300 3466 Apud
322 3390 402 3446 Vino.
424 3409 450 3462 p.
464 3390 505 3444 39.

519 3518 705 3583 Precatio.

120 3645 173 3721 Oi
198 3643 352 3726 θυσίαις
371 3645 391 3718 ὃ
408 3643 498 3725 θεὸς
517 3650 659 3737 μᾶλλον
680 3641 727 3738 δὴ
745 3642 913 3739 τέρπεται
934 3642 1059 3728 ἄλλαις

168 3748 190 3842 ἠ
214 3745 370 3841 διδαχῆς
394 3744 524 3840 μελέτη
551 3748 768 3839 εἰλικρινοῦς
791 3771 831 3815 τε
855 3739 980 3844 λόγου.

117 3845 206 3932 τοὺς
234 3845 274 3921 d'
306 3846 377 3922 οὐν
402 3842 530 3942 χριστέ
562 3846 659 3973 ι”ναὲ
683 3844 818 3943 καρδίη
844 3842 883 3920 d‘
912 3847 998 3942 ἔχον
1024 3850 1109 3924 ἵλεω

633 3976 794 4042 vitrove,

167 4051 346 4147 ἦμὲῖέθας
369 4049 408 4124 (l’
434 4046 531 4152 ἁγίῳ
553 4045 736 4155 τρνεύματι
760 4050 852 4149 dodo
874 4054 1024 4151 φρένας,

118 4372 289 4500 Q

221 4559 303 4630 Apud
324 4558 450 4612 Vincent.
470 4576 496 4629 p.
513 4559 570 4613 164.
636 4626 642 4637 Ι

928 4409 975 4450 an.
1001 4387 1096 4454 1537.

902 4484 1112 4517 Μ

119 4691 225 4759 locus
260 4687 311 4758 od
347 4691 504 4784 Georp.
549 4692 873 4781 Spoletinum,
922 4696 987 4784 qui
1027 4716 1111 4768 cuns

119 4789 279 4861 Lutheri
295 4809 345 4858 en
360 4813 487 4860 sorore
509 4802 618 4882 nepte
642 4791 771 4864 eodem
787 4814 901 4864 curru
916 4805 1046 4866 vectus
1063 4820 1111 4868 eu

120 4889 657 4981 conuentuSchmolculdeusi,
683 4892 1108 4984 conductuuliurhedo,

119 5003 160 5066 ut
179 4990 389 5063 luttherurn
410 4999 449 5061 et
467 4991 706 5085 Philippum,
740 5017 840 5087 quos
851 4996 1031 5086 perendie
1043 4998 1111 5072 ho-

118 5100 232 5188 spitio
270 5103 497 5185 excepturus
530 5102 634 5182 nat,
683 5100 943 5183 anteveniret,
984 5120 1110 5176 euerso

298 5218 412 5266 curru
434 5200 475 5266 iu
496 5196 621 5267 lutum
639 5197 824 5288 proiectus
841 5193 935 5290 fuit.

99 5324 100 5327 ¹
122 5333 249 5424 Qualis
262 5334 342 5404 luce
358 5356 450 5402 nova
466 5332 716 5424 cumprimum
734 5353 866 5401 cornua
884 5335 1055 5427 complet,

170 5432 353 5527 Hesperiis
369 5430 512 5507 vehitur
529 5431 684 5529 Cynthia
703 5433 824 5526 pulcra
843 5435 971 5528 plagis:

853 258 1182 347 CARMINUM
1230 257 1341 338 ΗΒ.
1367 260 1422 343 ll.

1385 36 1396 73 Ι

2077 279 2157 357 550

1165 435 1291 526 Qualis
1307 451 1341 509 et
1353 432 1432 509 Eoo
1450 439 1645 510 formosum
1664 443 1785 514 lumen
1804 447 1844 516 in
1859 448 1946 520 orbe

1215 539 1311 610 Ante
1325 539 1420 610 diem
1436 541 1570 632 spargit
1585 544 1737 616 candida
1755 571 1858 621 mane
1872 549 2013 624 Venus:

1164 637 1263 711 Talis
1278 642 1318 709 in
1334 637 1401 712 hoc
1416 665 1525 713 curru
1541 638 1684 716 vehitur
1700 646 1882 741 Spalatine
1898 655 2036 746 puella,

1213 741 1288 831 Qui
1303 743 1372 814 tibi
1386 768 1459 816 non
1475 768 1578 815 coeca
1594 762 1688 820 sorte
1701 751 1838 823 dicatus
1851 771 1937 828 erat.

1085 863 1087 868 ·
1161 841 1264 934 Hanc
1281 869 1392 937 prope
1410 872 1490 917 cum
1508 870 1626 938 posses
1642 852 1738 923 solus
1753 852 1936 947 Spalatine
1951 862 2090 944 sedere,

1212 942 1260 1017 Et
1275 948 1406 1020 teneris
1422 949 1541 1039 digitis
1557 950 1773 1044 implicuisse
1787 981 1924 1033 manus.

1160 1045 1304 1119 Etcum
1320 1050 1539 1146 colloquium
1556 1076 1693 1144 posses,
1726 1059 1873 1131 miseere
1886 1085 2011 1150 suave,

1211 1148 1255 1220 In
1271 1165 1364 1223 casta
1377 1154 1512 1244 patitur
1526 1153 1663 1245 virgine
1677 1161 1782 1253 quale
1796 1164 1924 1254 pudor.

1160 1248 1235 1323 Cur
1252 1264 1370 1325 tamen
1386 1251 1507 1346 ignota
1522 1258 1633 1328 solam
1651 1262 1793 1353 regione
1806 1265 2005 1360 relinquis?

1210 1351 1460 1451 Carpentoque
1474 1357 1545 1428 alio
1560 1360 1624 1431 eur
1638 1362 1759 1453 lugere
1774 1364 1859 1436 inde
1873 1370 1999 1458 paras?

1160 1457 1299 1527 Durior
1314 1457 1452 1550 Aegida
1469 1484 1524 1546 es,
1556 1462 1620 1556 qui
1635 1482 1769 1556 raptam
1787 1468 1827 1537 in
1842 1469 1963 1540 littore
1977 1471 2115 1566 liquit,·
2232 1467 2234 1473 ’

1209 1557 1370 1630 Debebat
1385 1562 1494 1635 vitam
1510 1564 1568 1633 cui
1585 1577 1704 1637 tamen
1716 1568 1791 1661 ipse
1809 1593 1920 1644 suam.

1159 1658 1255 1729 Hinc
1273 1661 1360 1732 irata
1379 1661 1521 1745 Venus,
1555 1679 1755 1762 sortemque
1771 1672 1912 1743 miserta
1928 1674 2066 1766 puella,

1211 1760 1254 1832 ln
1271 1766 1386 1835 media
1400 1791 1549 1859 propere
1565 1784 1663 1842 est-te
1681 1787 1855 1844 remorata
1872 1775 1941 1844 ria.

1159 1862 1447 1962 Carpentumque
1464 1885 1567 1942 tuum
1583 1896 1691 1942 coena
1708 1876 1851 1947 demisit
1864 1877 1902 1944 in
1922 1878 2012 1963 alto,
2058 1897 2063 1918 ·

1210 1965 1288 2039 Hac
1300 1993 1365 2060 pro
1382 1971 1539 2062 neglecta
1554 1974 1694 2064 virgine
1710 1966 1824 2069 poena
1838 1978 1917 2049 fuit.

1226 2134 1384 2203 Lutherus'
1405 2164 1445 2204 ex
1471 2157 1623 2207 conventu
1648 2148 1795 2212 divertens
1821 2152 1859 2210 sd
1883 2147 2082 2233 Spslstiuum.

1159 2261 1323 2336 Christus
1337 2267 1376 2336 in
1392 2268 1534 2340 infirmo
1550 2273 1648 2342 venit
1663 2267 1733 2344 huc
1749 2275 1930 2367 Spalatine
1944 2276 2124 2364 Luthero,

1209 2363 1258 2439 Et
1275 2381 1335 2438 tua
1348 2394 1413 2460 pro
1433 2371 1554 2464 requie
1569 2388 1659 2445 tecta
1675 2376 1827 2466 benigna
1842 2380 1942 2471 petit.

1160 2468 1342 2563 Quicquid
1358 2466 1443 2541 huic
1457 2473 1584 2560 iacies,
1614 2477 1684 2548 sibi
1698 2477 1828 2551 lactum
1844 2480 1977 2553 iudicat
1993 2482 2074 2569 ille,

1209 2568 1283 2660 Qui
1301 2596 1366 2643 nos
1382 2576 1540 2645 membra
1556 2578 1613 2648 sui
1628 2581 1786 2672 corporis
1802 2604 1876 2679 esse
1891 2587 2003 2658 docet.

1159 2909 1228 2981 No.
1254 2910 1337 2985 186.

1167 3007 1339 3036 ων

1957 2950 2004 2991 sn.
2031 2929 2123 2994 1537.

1926 3019 2140 3059 *ow

1230 3114 1369 3168 lutimstio
1389 3115 1423 3169 de
1442 3113 1555 3190 Eclipsi.
1589 3117 1657 3174 Esm
1678 3119 1805 3175 dedimus
1826 3121 1854 3176 in
1877 3121 1998 3195 epistolis
2016 3125 2148 3185 Melanth.

1263 3184 1327 3239 Vol.
1340 3183 1387 3240 lll.
1400 3204 1428 3256 p.
1443 3183 1505 3240 874.
1542 3184 1605 3240 Non
1618 3208 1648 3244 ss
1659 3188 1761 3261 legitur
1775 3190 1847 3260 apud
1862 3191 2046 3250 vincentium.

888 3313 1191 3374 Μ-

1867 3485 1875 3513 *
1958 3536 2008 3578 an.
2032 3516 2126 3581 1537.
2207 3550 2208 3554 ι

1931 3602 2144 3646 Q

1230 3694 1311 3766 Apud
1327 3691 1454 3748 vincent.
1473 3709 1501 3763 p.
1516 3692 1566 3746 149
1578 3712 1618 3765 sq.
1631 3725 1667 3736 -
1702 3695 1862 3752 Melanthon
1874 3698 1928 3757 hos
1940 3723 2013 3759 suno
2026 3706 2092 3764 Euri
2113 3712 2149 3769 id.

1264 3761 1404 3818 Phoeniss.
1418 3763 1446 3814 in
1461 3760 1713 3842 scholqensrratit.
1759 3765 1822 3825 Vid.
1836 3788 1896 3841 epp.
1906 3771 1969 3827 Vol.
1982 3773 2031 3834 lll.
2046 3799 2074 3849 p,
2120 3786 2147 3838 4,

1159 3496 1328 3618 Qi.

1365 3925 1424 3993 En
1449 3920 1626 4035 Euripide
1652 3927 1695 3995 in
1720 3922 1945 4039 Phoenissis.

1212 4073 1252 4146 si
1266 4073 1346 4166 quis
1362 4078 1536 4146 malorum
1554 4075 1703 4163 gaudeat
1720 4085 1946 4168 commercio,
1968 4128 1972 4136 ·

1212 4173 1356 4264 Rogare
1372 4179 1486 4271 qualis
1502 4177 1576 4268 ipse
1589 4177 1657 4262 sit,
1689 4174 1783 4248 nihil
1799 4197 1850 4253 est
1865 4209 1971 4276 opus:

1212 4277 1303 4361 Nam
1321 4281 1471 4375 quisque
1487 4279 1613 4348 similis
1630 4293 1683 4351 est
1699 4283 1856 4355 sodalitii
1872 4290 1945 4372 sui,

1212 4377 1357 4452 Vadens
1371 4385 1417 4452 ad
1433 4380 1581 4472 aucupia
1596 4405 1676 4451 cum
1691 4385 1786 4455 visco
1801 4403 1837 4460 et
1853 4389 1959 4462 illice.

2005 4603 2152 4615 ——n—-0-
2176 4598 2181 4605 '

1934 4753 2148 4886 Q

1230 4929 1266 4982 ln
1279 4946 1342 5000 opp.
1355 4929 1416 4988 Bas.
1430 4930 1465 4988 Τ.
1480 4931 1513 4985 V.
1529 4949 1558 5003 p.
1570 4931 1631 4988 888.
1649 4943 1675 4986 st
1686 4933 1757 5003 apud
1771 4931 1852 4991 vine.
1867 4955 1894 5007 p.
1910 4936 1966 4992 187.

1161 4734 1228 4808 Νο.
1252 4736 1338 4809 188.

1167 4831 1341 4861 m

1402 5089 1601 5179 Euripides
1626 5094 1668 5163 in
1691 5090 1916 5169 Phoenissis.
2040 5199 2044 5203 Π

1208 5218 1361 5305 ‘innodo
1383 5216 1547 5314 inuidos
1567 5229 1632 5319 τῆς
1654 5222 1832 5322 ἀληθείας
1855 5228 1938 5328 ἔφη.

1213 5338 1305 5411 Nam
1323 5341 1482 5411 veritatis
1497 5356 1548 5413 est
1564 5344 1712 5439 simplex
1728 5348 1841 5419 oratio

1219 5441 1524 5537 Interpretemque
1539 5469 1614 5517 non
1634 5450 1811 5522 desiderat
1824 5450 1983 5535 vafrum,

1456 5542 1538 5618 85*
