4748 6022
120 256 197 335 σοι
228 199 230 202 ⁴

117 431 209 503 Nam
226 430 324 523 quod
340 427 498 498 didicere
512 427 671 509 fabulas,
696 446 784 516 quas
799 418 981 507 exhibent,

117 535 278 605 Honesta
294 554 397 601 causa
414 544 465 599 est
480 541 520 600 ut
535 528 636 597 latini
655 526 756 618 copia

118 635 303 709 Sermonis
317 628 549 703 exhauriatur
564 654 605 700 ex
621 625 677 698 his
690 627 862 700 fontibus.
876 629 880 641 '

117 738 214 812 Huic
231 760 295 806 vos
310 737 429 806 studio
446 735 563 804 lavere
580 731 729 801 maxime
745 732 858 800 decet:

116 839 166 911 Et
182 842 288 910 rebus
304 839 391 930 ipsis
406 837 542 908 utilitas
559 847 594 906 et
610 834 721 925 gratia
942 928 945 931 Δ

118 943 248 1033 lugens
266 942 373 1025 inest,
399 939 571 1028 imagines
589 938 682 1006 vitae
700 935 860 1005 omnium
968 960 971 968 ·

117 1045 323 1136 Pinguntur
337 1043 376 1111 in
394 1040 557 1111 Terentii
573 1036 790 1123 Comoediis,

118 1147 221 1237 Quae
236 1146 413 1235 singulos,
439 1144 555 1238 qualis
571 1144 692 1211 deceat
706 1138 916 1211 moderatio.

118 1249 291 1340 Qualisre
304 1248 344 1318 in
361 1246 500 1316 actione
514 1244 685 1336 dignitas,
708 1256 869 1314 monent.

117 1350 307 1443 Leporque
322 1350 454 1419 mixtus
469 1362 537 1432 est,
561 1348 721 1440 salesque
735 1344 890 1415 candidi.

118 1452 193 1543 Qui
208 1453 380 1523 suavitate
394 1452 593 1521 orationem
610 1449 795 1533 condiunt,

116 1554 165 1626 Et
181 1579 282 1647 saepe
299 1567 389 1623 tecte
403 1565 650 1635 commonent,
675 1552 773 1644 quod
787 1548 938 1640 expedit.

116 1656 257 1729 Dixisse
276 1658 455 1749 quondam
470 1658 584 1727 fertur
595 1649 712 1724 Attica
728 1653 860 1736 civitas,

117 1757 227 1830 Natos
243 1756 436 1829 Menandri
450 1755 586 1828 Comici
605 1755 741 1848 lepidos
755 1756 845 1825 sales

108 1863 185 1949 ,Illa
203 1886 243 1930 ex
258 1863 342 1930 salis
355 1884 499 1954 spuma,
522 1858 644 1928 Venus
659 1884 728 1951 qua
743 1857 875 1926 dicitur

118 1959 271 2047 Exorta,
296 1964 453 2056 primum
470 1986 510 2030 ex
527 1957 672 2029 Oceana
689 1984 769 2029 curn
785 1957 936 2049 prodiit:

119 2064 159 2135 ld
174 2066 368 2156 praedicari
386 2078 419 2133 et
436 2065 481 2132 de
496 2061 659 2129 Terentii
675 2061 761 2129 iocis

118 2165 334 2261 Quanquam
352 2163 587 2233 severioribus
602 2162 820 2231 conceditur.

115 2265 221 2339 Nunc
237 2264 495 2336 Phormionem
514 2276 655 2332 acturus
672 2278 724 2333 est
740 2277 861 2333 noster
877 2257 1008 2332 chorus

117 2367 193 2458 Qui
209 2369 354 2457 praebet
372 2367 410 2434 in
426 2361 493 2435 hoc
510 2365 676 2433 innoxios
693 2360 830 2434 theatro
848 2365 957 2436 iocos.

116 2471 188 2543 Sed
204 2465 442 2538 Phormiones
459 2479 542 2536 sunt
556 2466 686 2556 opinor
700 2467 848 2558 plurimi

115 2570 210 2656 Alii,
235 2572 307 2640 suis
323 2569 385 2664 qui
401 2563 641 2665 sycophantiis
655 2581 813 2653 movent,

117 2672 344 2766 Vertuntque
361 2685 434 2742 tota
450 2694 576 2761 regna,
602 2693 692 2764 quos
705 2665 889 2741 c'oherceat

56 2825 58 2828 >
116 2773 235 2860 Deus,
261 2775 428 2867 piamque
443 2770 622 2844 Ecclesiae
637 2796 758 2863 pacem
775 2766 859 2842 suae

117 2879 191 2949 Det
205 2871 505 2972 sycophantarum
522 2874 713 2966 peremptis
728 2875 898 2956 coetibus,

116 2977 165 3051 Et
181 2979 342 3049 omnium
356 2979 525 3048 incendat
541 2991 725 3067 regentum
742 2990 895 3067 pectora,

117 3080 168 3152 Ut
182 3082 366 3151 veritatem
382 3080 549 3151 traditam
566 3077 739 3148 divinitus

116 3179 165 3252 Et
180 3182 277 3268 iura,
303 3182 546 3274 iustitiamque
559 3177 636 3251 Deo
652 3194 785 3271 gratam
801 3180 932 3254 colant.

119 3283 188 3356 Sed
205 3307 312 3356 cesso.
363 3283 467 3354 Nunc
483 3282 735 3354 Terentianam
750 3283 906 3353 fabulam

116 3388 248 3458 Audite
265 3409 394 3481 quaeso
409 3411 490 3457 cum
505 3385 697 3470 modestia,
720 3399 762 3455 ut
776 3385 887 3456 decet.

141 3759 208 3830 No.
226 3756 286 3826 49.

124 3852 298 3881 Μ

770 3761 971 3838 (fortassean.
989 3761 1100 3838 1525.)

759 3855 1110 3896 w

186 3976 219 4028 ln
236 3971 372 4041 farragine
384 3968 476 4024 Seccr.
490 3979 515 4021 et
529 3969 555 4019 in
572 3985 635 4034 opp.
651 3967 711 4020 Bas.
727 3966 760 4018 Τ.
773 3965 809 4018 V.
820 3986 845 4036 p.
853 3965 913 4018 350.
949 3967 1032 4037 Apud
1047 3966 1112 4019 Vin·

220 4050 293 4095 cent.
312 4060 338 4110 p.
355 4042 412 4095 115.
433 4067 462 4079 -
500 4035 551 4089 llio
572 4046 695 4116 tempore
714 4034 797 4088 luisse
810 4035 958 4089 amicitiam
971 4039 1042 4089 inter
1053 4036 1112 4089 Me·

220 4110 381 4162 lantbonem
396 4119 422 4161 ct
440 4106 537 4159 lulium
552 4104 705 4174 Pllugrum,
725 4114 857 4158 testantur
871 4106 998 4175 epistolae
1016 4107 1077 4162 Vol.
1093 4107 1112 4159 Ι.

219 4197 247 4251 p.
261 4179 321 4230 761.
340 4177 405 4231 coll.
422 4196 449 4250 p.
460 4176 511 4228 952
525 4186 552 4227 et
564 4173 625 4227 989.

208 4334 408 4432 Philippus
433 4330 655 4408 Melanthos
679 4333 803 4405 lulio
829 4327 1017 4430 Pfluplr.

71 4567 74 4576 .
118 4509 225 4579 Forte
240 4508 375 4600 equites
385 4505 479 4600 Mysi
492 4505 670 4598 quendam
686 4503 866 4573 celebrant
875 4496 1111 4598 hymenaeum

118 4609 236 4703 Atque
250 4610 384 4699 agitant
399 4605 562 4678 convivia
581 4606 684 4691 laeti,
709 4618 744 4676 et
759 4605 884 4696 pocula
900 4620 1044 4691 certant,

119 4713 224 4782 More
238 4713 424 4805 peregrino
440 4704 621 4779 Thracum
637 4708 767 4778 siccare
784 4707 950 4778 vicissim.

116 4814 179 4884 Me
199 4815 384 4897 miserum,
408 4813 483 4902 ipsa
499 4833 561 4880 sua
575 4833 741 4900 germana
757 4810 928 4880 modestia
946 4811 1027 4880 sede

115 4914 264 5001 Exulat,
290 4929 325 4986 et
339 4914 444 4982 luxus
461 4911 629 4980 virtutem
646 4911 749 4980 eiecit
762 4911 905 4983 avitam.

61 5065 64 5071 -
115 5017 186 5088 Hic
202 5019 265 5089 ubi
282 5015 450 5086 convivas
466 5013 560 5081 inter
574 5012 777 5082 doctissime
789 5010 870 5094 luli,

117 5117 262 5210 Agnovi
278 5116 466 5195 luvenem‚
492 5125 608 5183 vestro
625 5112 854 5202 cognomine,
880 5111 1028 5190 clarum,

118 5222 257 5316 lnclyta
272 5221 366 5290 lama
381 5233 461 5289 tuae
477 5214 619 5287 virtutis
635 5214 749 5304 cogit,
775 5226 818 5283 ut
833 5207 937 5283 illum

116 5323 353 5414 Compellem,
376 5333 499 5391 contra
516 5342 572 5386 me
587 5319 747 5408 ignotum
762 5328 906 5402 tractat,
933 5311 1110 5410 habetque

116 5424 295 5512 Comiter,
320 5438 356 5496 et
372 5445 510 5493 mecum
524 5440 705 5491 sermones
723 5418 886 5506 miscuit,
913 5431 1034 5514 estque

879 244 1204 324 CARMlNUM
1253 244 1360 322 LlB.
1388 243 1415 319 l.

2086 255 2165 336 602

1167 416 1223 489 Dc
1239 420 1368 490 studiis
1384 418 1468 490 lulii
1483 419 1689 511 longissima
1705 426 1839 496 mentio
1856 428 1958 504 facta.

1169 517 1204 589 0
1221 535 1254 592 te
1268 523 1430 592 foelicem
1447 525 1555 594 talem
1572 549 1651 595 cum
1666 526 1736 594 sata
1754 528 1930 600 dederunt

1167 622 1348 704 Mentem,
1375 623 1465 718 quge
1481 627 1580 717 vulgi
1596 628 1774 697 damnosis
1793 630 1903 702 libera
1920 636 2025 720 curis,

1082 754 1086 761 ·
1171 725 1261 795 Vera
1277 728 1377 822 sequi
1392 742 1502 799 certet
1517 730 1611 799 bona
1628 753 1702 798 non
1719 731 1873 802 obnoxia
1890 738 2007 809 morti.

1167 825 1311 899 Caetera
1327 831 1429 900 turba
1442 826 1608 901 homines
1623 856 1697 902 non
1713 856 1786 903 uno
1804 859 1922 908 errore
1938 851 2115 927 tenentur,

1165 927 1256 999 Nam
1271 932 1432 1026 plerique
1445 934 1547 1023 gulae
1561 948 1741 1006 sectantur
1755 941 1958 1026 commoda,
1984 955 2018 1012 et
2032 943 2145 1035 ipsam

1167 1030 1318 1103 Vincere
1332 1037 1554 1107 contendunt
1569 1036 1754 1131 Sybarim,
1782 1064 1864 1131 pars
1880 1043 1990 1134 pallet
2004 1069 2124 1115 amore

1166 1128 1427 1205 Accumulandi
1442 1139 1537 1223 auri,
1564 1140 1755 1232 studioque
1769 1146 1917 1215 senescit
1931 1141 2100 1221 habendi.

1165 1231 1399 1332 Ambitioque
1414 1241 1509 1332 capit
1525 1243 1672 1325 multos,
1698 1245 1879 1338 fascesque
1892 1248 2050 1338 superbi,
2075 1234 2079 1243 ’

1167 1333 1213 1408 Et
1226 1339 1303 1408 leve
1318 1341 1452 1411 fallacis
1469 1343 1565 1431 vulgi
1581 1345 1808 1439 studiumque
1823 1350 2005 1442 favorque,

1165 1437 1262 1511 Haec
1278 1467 1421 1535 quoque
1437 1468 1513 1530 me,
1538 1446 1609 1515 nisi
1626 1445 1697 1517 Iuli
1716 1450 1862 1538 probas,
1888 1452 2027 1523 insania
2044 1453 2160 1543 coepit

1164 1540 1282 1612 Flacci
1300 1568 1397 1614 more
1414 1546 1518 1632 boni,
1545 1562 1669 1619 tenues
1684 1551 1857 1622 deducere
1874 1577 2014 1624 versus:

1164 1645 1224 1716 Sic
1239 1647 1345 1716 etiam
1361 1670 1492 1742 cygnos
1508 1650 1694 1722 imitabere
1710 1678 1815 1724 corve
1831 1679 1993 1729 canoros.

1164 1746 1224 1817 Tu
1238 1750 1331 1819 vitae
1344 1751 1471 1821 melius
1486 1755 1634 1844 coepisti
1651 1754 1718 1824 iter
1733 1755 1872 1846 ingredi
1890 1757 1972 1843 luli,

1162 1847 1335 1920 Palladiis
1347 1867 1449 1923 natas
1464 1869 1557 1925 artes
1575 1858 1661 1926 dum
1676 1858 1774 1927 solus
1789 1854 1956 1947 Athenis,

1164 1947 1282 2047 Atque
1304 1970 1429 2026 auctus
1450 1957 1562 2027 veteri
1579 1958 1681 2028 Latio
1703 1960 1741 2029 in
1763 1963 1918 2053 patrium
1942 1961 2084 2035 invehis
2098 1990 2158 2036 ot-

1679 2061 1770 2146 bem,

1165 2153 1388 2249 Virtutisque
1405 2159 1517 2240 viam,
1542 2160 1705 2254 legesque
1720 2166 1905 2235 ostendere
1921 2169 2049 2259 pergis.
2176 2177 2178 2181 ’

1163 2255 1282 2326 Macte
1297 2259 1417 2329 animo
1437 2261 1597 2346 iuvenis,
1623 2277 1837 2357 coeptosque
1851 2290 1976 2358 urgere
1994 2270 2134 2340 labores

1163 2357 1217 2426 Ne
1232 2359 1376 2446 desiste,
1401 2362 1501 2433 dabit
1519 2386 1684 2432 curarum
1701 2367 1858 2455 praemia
1876 2370 1984 2458 digua
2105 2386 2109 2395 “

1162 2457 1356 2532 Posteritas
1371 2464 1517 2546 melior,
1543 2463 1725 2560 iustosque
1737 2471 1908 2558 rependet
1923 2465 2089 2559 honores,

1162 2559 1256 2646 Nos,
1278 2564 1430 2654 patiare,
1455 2562 1515 2657 pio
1531 2579 1565 2637 te
1578 2568 1735 2639 carmine
1752 2570 1924 2659 dicimus,
1950 2587 2057 2670 atque

1163 2659 1250 2734 Esse
1267 2666 1319 2735 tui
1333 2667 1447 2758 gregis
1461 2681 1625 2760 optamus
1640 2694 1722 2761 pars
1739 2672 1872 2765 optime
1885 2671 1967 2746 luli.

1170 3081 1342 3209 Q
1984 3128 2033 3166 arr.
2053 3107 2147 3170 15²5.

1979 3196 2151 3224 m

1232 3302 1296 3358 Tria
1313 3303 1446 3375 epitaphia
1459 3304 1620 3376 Fcidcrico,
1642 3305 1715 3363 Duci
1728 3310 1789 3366 Sar.
1804 3312 1903 3384 scripta
1916 3312 2046 3436 leguntur
2058 3317 2086 3372 in
2101 3319 2158 3372 iar-

1269 3374 1360 3441 ragine
1373 3375 1491 3438 Secerii,
1515 3374 1543 3428 in
1559 3395 1623 3447 opp.
1637 3379 1720 3434 basil.
1738 3397 1765 3450 p.
1778 3379 1838 3436 ⁸87.
1852 3393 1876 3434 et
1891 3400 1942 3453 spu

1976 3382 2055 3441 Vino.
2072 3396 2103 3456 p.
2112 3390 2157 3447 95.

1268 3441 1370 3496 Recusa
1384 3445 1463 3497 etiam
1477 3445 1504 3497 iu
1519 3444 1635 3499 Sculteti
1648 3447 1738 3505 annal.
1753 3449 1823 3504 Dec.
1835 3449 1856 3502 l.
1877 3452 1972 3520 pm

1199 3616 1446 3711 Epitaphium
1471 3617 1738 3714 Friderioi,
1764 3626 1886 3696 Ducis
1904 3631 2122 3722 Senoniae,

1419 3726 1609 3817 Psinoipis
1629 3727 1812 3800 Eiectoris
1831 3734 1896 3800 etc.

1164 3889 1260 3962 Ante
1275 3903 1369 3983 petet
1385 3916 1490 3962 cursu
1503 3890 1682 3963 Boiemica
1697 3918 1781 3964 rura
1798 3897 1940 3987 supino,

1216 3992 1321 4066 Unde
1336 3994 1375 4061 in
1389 3992 1584 4065 Saxonicos
1599 3996 1723 4067 defluit
1739 3996 1844 4067 Albis
1861 4021 1975 4088 agros:

1165 4094 1300 4188 lnclyta
1317 4119 1423 4190 quam
1440 4097 1549 4188 possit
1565 4098 1774 4169 meritorum
1790 4101 1881 4171 fama
1899 4116 2043 4172 tuorum

1215 4192 1392 4269 Occidere
1408 4199 1446 4268 io
1464 4200 1624 4293 populis,
1652 4204 1732 4275 Dux
1751 4200 1951 4284 Frideriee,
1974 4202 2059 4274 tuis.

1165 4292 1284 4371 Aurea
1298 4301 1465 4372 viderunt
1481 4298 1547 4371 hae
1564 4318 1684 4390 gentes
1699 4305 1835 4388 secula,
1861 4307 1962 4395 regni

1215 4400 1311 4472 Dum
1328 4402 1395 4472 tibi
1412 4401 1578 4474 Saxonici
1591 4417 1726 4498 sceptra
1742 4419 1863 4477 tenere
1876 4410 2000 4478 datum
2016 4418 2078 4480 est.

1165 4503 1255 4574 Pace
1272 4505 1345 4575 frui
1361 4505 1497 4595 placida
1512 4507 1698 4601 campique
1713 4509 1889 4602 urbesque
1905 4511 2079 4593 solebant,

1214 4604 1405 4676 Horrenda
1421 4606 1583 4678 extimuit
1599 4609 1740 4680 classica
1755 4611 1854 4679 nulla
1872 4634 1996 4696 nurus,

1165 4707 1265 4778 Bella
1280 4709 1340 4777 alii
1355 4711 1469 4790 ferro,
1499 4711 1560 4780 sed
1575 4725 1614 4780 tu
1629 4712 1767 4781 ratione
1782 4712 1938 4798 gerebas.

1215 4807 1263 4880 Et
1279 4811 1357 4879 sine
1371 4811 1408 4878 vi
1424 4812 1509 4881 victi
1523 4835 1626 4903 saepe
1640 4813 1768 4881 dedere
1782 4834 1922 4887 manus.

1166 4909 1314 5003 lngenio
1331 4913 1444 4981 claros
1457 4913 1617 4982 meruisti
1634 4934 1737 5003 saepe
1753 4908 1968 5005 triumphos,

1215 5012 1404 5107 Milithue
1420 5009 1516 5083 haud
1530 5014 1605 5085 ullo
1618 5014 1686 5083 fixa
1701 5009 1869 5106 trophaea
1887 5016 1965 5091 tibi.

1162 5111 1212 5186 Et
1225 5116 1321 5204 pacis
1335 5116 1463 5185 studiis
1476 5116 1623 5205 florere,
1650 5140 1690 5186 ae
1705 5117 1842 5188 artibus
1857 5121 1966 5192 orbes

1214 5215 1374 5305 Contigit
1390 5216 1565 5305 auspicio,
1589 5214 1673 5289 Dux
1686 5217 1887 5308 Friderice,
1913 5236 1986 5293 tuo.

1161 5318 1298 5391 Fovisti
1313 5332 1447 5410 spretas
1462 5312 1528 5387 hac
1542 5332 1747 5414 tempestate
1761 5321 1968 5407 Camaenas,

1213 5419 1350 5493 Unicus
1368 5434 1402 5490 et
1418 5420 1545 5594 stqgiip
1561 5425 1715 5514 praemia
1734 5425 1839 5514 digna
1857 5424 1978 5499 dabas.
