<?xml version="1.0" encoding="UTF-8"?>
<!DOCTYPE html PUBLIC "-//W3C//DTD XHTML 1.0 Transitional//EN"
    "http://www.w3.org/TR/xhtml1/DTD/xhtml1-transitional.dtd">
<html xmlns="http://www.w3.org/1999/xhtml" xml:lang="en" lang="en">
 <head>
  <title>
</title>
<meta http-equiv="Content-Type" content="text/html;charset=utf-8" />
  <meta name='ocr-system' content='tesseract 3.04.00' />
  <meta name='ocr-capabilities' content='ocr_page ocr_carea ocr_par ocr_line ocrx_word'/>
</head>
<body>
  <div class='ocr_page' id='page_1' title='image "./philippimelanth18melagoog/philippimelanth18melagoog_0028.png"; bbox 0 0 4748 6022; ppageno 0'>
   <div class='ocr_carea' id='block_1_1' title="bbox 139 281 2170 397">
    <p class='ocr_par' dir='ltr' id='par_1_1' title="bbox 139 281 2170 397">
     <span class='ocr_line' id='line_1_1' title="bbox 139 281 2170 397; baseline -0.004 -28"><span class='ocrx_word' id='word_1_1' title='bbox 139 290 190 369; x_wconf 78' lang='lat'><strong>29</strong></span> <span class='ocrx_word' id='word_1_2' title='bbox 298 285 749 379; x_wconf 79' lang='lat' dir='ltr'><strong>EPISTOLARUM,</strong></span> <span class='ocrx_word' id='word_1_3' title='bbox 803 283 1175 397; x_wconf 54' lang='lat' dir='ltr'><strong>tuntctotttsstt</strong></span> <span class='ocrx_word' id='word_1_4' title='bbox 1214 281 1291 357; x_wconf 84' lang='lat' dir='ltr'><strong>ET</strong></span> <span class='ocrx_word' id='word_1_5' title='bbox 1331 282 1728 361; x_wconf 76' lang='lat' dir='ltr'><strong>sctttrrontttu</strong></span> <span class='ocrx_word' id='word_1_6' title='bbox 1776 283 2011 366; x_wconf 57' lang='grc' dir='ltr'><strong><em>ΗΕΚΝ.</em></strong></span> <span class='ocrx_word' id='word_1_7' title='bbox 2119 291 2170 363; x_wconf 73' lang='lat' dir='ltr'><strong>bd</strong></span> 
     </span>
    </p>
   </div>
   <div class='ocr_carea' id='block_1_2' title="bbox 134 418 2163 658">
    <p class='ocr_par' dir='ltr' id='par_1_2' title="bbox 134 418 2163 658">
     <span class='ocr_line' id='line_1_2' title="bbox 134 418 2163 555; baseline -0.002 -16"><span class='ocrx_word' id='word_1_8' title='bbox 134 418 218 540; x_wconf 68' lang='lat' dir='ltr'><strong>tiot-</strong></span> <span class='ocrx_word' id='word_1_9' title='bbox 231 463 278 538; x_wconf 73' lang='lat' dir='ltr'><strong>cia</strong></span> <span class='ocrx_word' id='word_1_10' title='bbox 303 465 383 555; x_wconf 80' lang='lat' dir='ltr'><strong>iebrt</strong></span> <span class='ocrx_word' id='word_1_11' title='bbox 408 463 508 551; x_wconf 71' lang='lat' dir='ltr'><strong>blltet.</strong></span> <span class='ocrx_word' id='word_1_12' title='bbox 559 462 690 537; x_wconf 64' lang='lat' dir='ltr'><strong>hatum</strong></span> <span class='ocrx_word' id='word_1_13' title='bbox 714 463 804 534; x_wconf 75' lang='lat' dir='ltr'><strong>note</strong></span> <span class='ocrx_word' id='word_1_14' title='bbox 821 465 893 537; x_wconf 70' lang='grc' dir='ltr'><strong>(ξω.</strong></span> <span class='ocrx_word' id='word_1_15' title='bbox 908 463 987 535; x_wconf 59' lang='lat' dir='ltr'><strong>&amp;tn</strong></span> <span class='ocrx_word' id='word_1_16' title='bbox 1003 458 1127 533; x_wconf 65' lang='lat' dir='ltr'><strong>deluto</strong></span> <span class='ocrx_word' id='word_1_17' title='bbox 1153 442 1156 449; x_wconf 30' lang='lat'>³</span> <span class='ocrx_word' id='word_1_18' title='bbox 1180 456 1322 544; x_wconf 81' lang='lat' dir='ltr'><strong>didicit,</strong></span> <span class='ocrx_word' id='word_1_19' title='bbox 1346 473 1466 550; x_wconf 89' lang='lat' dir='ltr'><strong>postea</strong></span> <span class='ocrx_word' id='word_1_20' title='bbox 1482 459 1584 529; x_wconf 87' lang='lat' dir='ltr'><strong>miles</strong></span> <span class='ocrx_word' id='word_1_21' title='bbox 1600 460 1708 551; x_wconf 91' lang='lat' dir='ltr'><strong>patris</strong></span> <span class='ocrx_word' id='word_1_22' title='bbox 1721 461 1799 537; x_wconf 85' lang='lat' dir='ltr'><strong>init.</strong></span> <span class='ocrx_word' id='word_1_23' title='bbox 1830 461 1889 534; x_wconf 84' lang='lat' dir='ltr'><strong>Sic</strong></span> <span class='ocrx_word' id='word_1_24' title='bbox 1903 459 2040 547; x_wconf 83' lang='lat' dir='ltr'><strong>Iulius,</strong></span> <span class='ocrx_word' id='word_1_25' title='bbox 2062 458 2163 536; x_wconf 82' lang='lat' dir='ltr'><strong>Con·</strong></span> 
     </span>
     <span class='ocr_line' id='line_1_3' title="bbox 135 554 2162 658; baseline -0.001 -18"><span class='ocrx_word' id='word_1_26' title='bbox 135 568 257 658; x_wconf 75' lang='lat' dir='ltr'><strong>baben,</strong></span> <span class='ocrx_word' id='word_1_27' title='bbox 292 569 333 640; x_wconf 78' lang='lat' dir='ltr'><strong>ob</strong></span> <span class='ocrx_word' id='word_1_28' title='bbox 361 559 684 658; x_wconf 63' lang='lat' dir='ltr'><strong>jemonb&#39;gti&#39;tltllglltl)</strong></span> <span class='ocrx_word' id='word_1_29' title='bbox 713 573 815 638; x_wconf 71' lang='lat' dir='ltr'><strong>timul</strong></span> <span class='ocrx_word' id='word_1_30' title='bbox 842 566 950 651; x_wconf 75' lang='lat' dir='ltr'><strong>hillel,</strong></span> <span class='ocrx_word' id='word_1_31' title='bbox 984 567 1048 634; x_wconf 79' lang='lat' dir='ltr'><strong>ttttb</strong></span> <span class='ocrx_word' id='word_1_32' title='bbox 1076 566 1128 631; x_wconf 76' lang='lat' dir='ltr'><strong>bet</strong></span> <span class='ocrx_word' id='word_1_33' title='bbox 1177 557 1388 643; x_wconf 78' lang='lat' dir='ltr'><strong>stantiam,</strong></span> <span class='ocrx_word' id='word_1_34' title='bbox 1423 554 1675 646; x_wconf 78' lang='lat' dir='ltr'><strong>Theodosius,</strong></span> <span class='ocrx_word' id='word_1_35' title='bbox 1712 565 1914 635; x_wconf 76' lang='lat' dir='ltr'><strong>eruditione</strong></span> <span class='ocrx_word' id='word_1_36' title='bbox 1941 568 2162 638; x_wconf 88' lang='lat' dir='ltr'><strong>doctissimos</strong></span> 
     </span>
    </p>
   </div>
   <div class='ocr_carea' id='block_1_3' title="bbox 133 664 1126 963">
    <p class='ocr_par' dir='ltr' id='par_1_3' title="bbox 133 664 1126 963">
     <span class='ocr_line' id='line_1_4' title="bbox 135 664 1126 762; baseline -0.01 -17"><span class='ocrx_word' id='word_1_37' title='bbox 135 671 246 760; x_wconf 58' lang='lat' dir='ltr'><strong>&amp;aba</strong></span> <span class='ocrx_word' id='word_1_38' title='bbox 262 664 461 762; x_wconf 61' lang='lat' dir='ltr'><strong>&amp;elegerint</strong></span> <span class='ocrx_word' id='word_1_39' title='bbox 488 668 656 752; x_wconf 64' lang='lat' dir='ltr'><strong>scienta.</strong></span> <span class='ocrx_word' id='word_1_40' title='bbox 682 673 746 739; x_wconf 78' lang='lat' dir='ltr'><strong>nob</strong></span> <span class='ocrx_word' id='word_1_41' title='bbox 760 670 816 759; x_wconf 80' lang='lat' dir='ltr'><strong>sut)</strong></span> <span class='ocrx_word' id='word_1_42' title='bbox 836 672 969 760; x_wconf 82' lang='lat' dir='ltr'><strong>botnott)</strong></span> <span class='ocrx_word' id='word_1_43' title='bbox 987 670 1046 738; x_wconf 84' lang='lat' dir='ltr'><strong>mit</strong></span> <span class='ocrx_word' id='word_1_44' title='bbox 1061 665 1126 735; x_wconf 66' lang='lat' dir='ltr'><strong>llbz</strong></span> 
     </span>
     <span class='ocr_line' id='line_1_5' title="bbox 133 768 1124 864; baseline -0.004 -23"><span class='ocrx_word' id='word_1_45' title='bbox 133 771 293 864; x_wconf 49' lang='lat' dir='ltr'><strong>imagin,</strong></span> <span class='ocrx_word' id='word_1_46' title='bbox 318 777 389 843; x_wconf 80' lang='lat' dir='ltr'><strong>obet</strong></span> <span class='ocrx_word' id='word_1_47' title='bbox 411 770 469 841; x_wconf 85' lang='lat' dir='ltr'><strong>mit</strong></span> <span class='ocrx_word' id='word_1_48' title='bbox 493 773 622 841; x_wconf 79' lang='lat' dir='ltr'><strong>substet</strong></span> <span class='ocrx_word' id='word_1_49' title='bbox 640 770 790 842; x_wconf 79' lang='lat' dir='ltr'><strong>llnttuott</strong></span> <span class='ocrx_word' id='word_1_50' title='bbox 811 770 995 860; x_wconf 76' lang='lat' dir='ltr'><strong>urtntbmtn</strong></span> <span class='ocrx_word' id='word_1_51' title='bbox 1021 768 1124 858; x_wconf 61' lang='lat' dir='ltr'><strong>testeo,</strong></span> 
     </span>
     <span class='ocr_line' id='line_1_6' title="bbox 133 871 1097 963; baseline -0.005 -17"><span class='ocrx_word' id='word_1_52' title='bbox 133 878 196 946; x_wconf 78' lang='lat' dir='ltr'><strong>tuis</strong></span> <span class='ocrx_word' id='word_1_53' title='bbox 213 874 281 947; x_wconf 62' lang='lat' dir='ltr'><strong>Qu.</strong></span> <span class='ocrx_word' id='word_1_54' title='bbox 291 874 370 948; x_wconf 68' lang='grc' dir='ltr'><strong>Θῑτ.</strong></span> <span class='ocrx_word' id='word_1_55' title='bbox 389 873 450 943; x_wconf 82' lang='lat' dir='ltr'><strong>siet</strong></span> <span class='ocrx_word' id='word_1_56' title='bbox 465 871 556 960; x_wconf 73' lang='lat' dir='ltr'><strong>bellet</strong></span> <span class='ocrx_word' id='word_1_57' title='bbox 572 873 667 960; x_wconf 66' lang='lat' dir='ltr'><strong>tacit.</strong></span> <span class='ocrx_word' id='word_1_58' title='bbox 692 875 771 943; x_wconf 81' lang='lat' dir='ltr'><strong>beno</strong></span> <span class='ocrx_word' id='word_1_59' title='bbox 787 872 830 963; x_wconf 76' lang='lat' dir='ltr'><strong>id)</strong></span> <span class='ocrx_word' id='word_1_60' title='bbox 844 872 993 962; x_wconf 62' lang='lat' dir='ltr'><strong>[breibant</strong></span> <span class='ocrx_word' id='word_1_61' title='bbox 1009 871 1097 944; x_wconf 79' lang='lat' dir='ltr'><strong>loun.</strong></span> 
     </span>
    </p>
   </div>
   <div class='ocr_carea' id='block_1_4' title="bbox 443 990 1057 1286">
    <p class='ocr_par' dir='ltr' id='par_1_4' title="bbox 443 990 1057 1286">
     <span class='ocr_line' id='line_1_7' title="bbox 443 990 566 1066; baseline -0.016 -4"><span class='ocrx_word' id='word_1_62' title='bbox 443 990 484 1062; x_wconf 62' lang='lat' dir='ltr'><strong>Q.</strong></span> <span class='ocrx_word' id='word_1_63' title='bbox 503 991 566 1066; x_wconf 62' lang='grc' dir='ltr'><strong>Θῒ.</strong></span> 
     </span>
     <span class='ocr_line' id='line_1_8' title="bbox 783 1092 916 1183; baseline 0 -20"><span class='ocrx_word' id='word_1_64' title='bbox 783 1092 916 1183; x_wconf 75' lang='lat' dir='ltr'><strong>uitligo</strong></span> 
     </span>
     <span class='ocr_line' id='line_1_9' title="bbox 628 1186 1057 1286; baseline -0.007 -23"><span class='ocrx_word' id='word_1_65' title='bbox 628 1186 819 1286; x_wconf 73' lang='lat' dir='ltr'><strong>Philippus</strong></span> <span class='ocrx_word' id='word_1_66' title='bbox 834 1188 1057 1268; x_wconf 83' lang='lat' dir='ltr'><strong>Melantbon.</strong></span> 
     </span>
    </p>
   </div>
   <div class='ocr_carea' id='block_1_5' title="bbox 139 1496 339 1620">
    <p class='ocr_par' dir='ltr' id='par_1_5' title="bbox 139 1496 339 1620">
     <span class='ocr_line' id='line_1_10' title="bbox 139 1496 339 1620; baseline 0.005 -2"><span class='ocrx_word' id='word_1_67' title='bbox 139 1496 209 1620; x_wconf 76' lang='lat' dir='ltr'><strong>uo.</strong></span> <span class='ocrx_word' id='word_1_68' title='bbox 226 1545 339 1619; x_wconf 87' lang='lat'><strong>7010.</strong></span> 
     </span>
    </p>
   </div>
   <div class='ocr_carea' id='block_1_6' title="bbox 130 1645 345 1682">
    <p class='ocr_par' dir='ltr' id='par_1_6' title="bbox 130 1645 345 1682">
     <span class='ocr_line' id='line_1_11' title="bbox 130 1645 345 1682; baseline 0 -5"><span class='ocrx_word' id='word_1_69' title='bbox 130 1645 345 1682; x_wconf 48' lang='lat' dir='ltr'><strong>“a</strong></span> 
     </span>
    </p>
   </div>
   <div class='ocr_carea' id='block_1_7' title="bbox 244 1730 688 1828">
    <p class='ocr_par' dir='ltr' id='par_1_7' title="bbox 244 1730 688 1828">
     <span class='ocr_line' id='line_1_12' title="bbox 244 1730 688 1828; baseline -0.027 0"><span class='ocrx_word' id='word_1_70' title='bbox 244 1795 249 1828; x_wconf 60' lang='lat' dir='ltr'><strong>i</strong></span> <span class='ocrx_word' id='word_1_71' title='bbox 554 1732 606 1818; x_wconf 89' lang='grc' dir='ltr'><strong>Ν.</strong></span> <span class='ocrx_word' id='word_1_72' title='bbox 635 1730 688 1817; x_wconf 88' lang='grc' dir='ltr'><strong>Ν.</strong></span> 
     </span>
    </p>
   </div>
   <div class='ocr_carea' id='block_1_8' title="bbox 193 1907 758 1984">
    <p class='ocr_par' dir='ltr' id='par_1_8' title="bbox 193 1907 758 1984">
     <span class='ocr_line' id='line_1_13' title="bbox 193 1907 758 1984; baseline 0.004 -19"><span class='ocrx_word' id='word_1_73' title='bbox 193 1913 217 1982; x_wconf 89' lang='lat'><em>†</em></span> <span class='ocrx_word' id='word_1_74' title='bbox 236 1910 273 1965; x_wconf 76' lang='lat' dir='ltr'><strong>Rs</strong></span> <span class='ocrx_word' id='word_1_75' title='bbox 284 1930 376 1984; x_wconf 80' lang='lat' dir='ltr'><strong>apogr.</strong></span> <span class='ocrx_word' id='word_1_76' title='bbox 392 1912 454 1971; x_wconf 84' lang='lat' dir='ltr'><strong>cod.</strong></span> <span class='ocrx_word' id='word_1_77' title='bbox 470 1909 553 1966; x_wconf 83' lang='lat' dir='ltr'><strong>Goth.</strong></span> <span class='ocrx_word' id='word_1_78' title='bbox 572 1909 632 1966; x_wconf 83' lang='lat'><strong>191.</strong></span> <span class='ocrx_word' id='word_1_79' title='bbox 648 1928 678 1983; x_wconf 87' lang='lat' dir='ltr'><strong>p.</strong></span> <span class='ocrx_word' id='word_1_80' title='bbox 690 1907 758 1967; x_wconf 73' lang='lat' dir='ltr'><strong>ssb.</strong></span> 
     </span>
    </p>
   </div>
   <div class='ocr_carea' id='block_1_9' title="bbox 113 2214 1108 3020">
    <p class='ocr_par' dir='ltr' id='par_1_9' title="bbox 113 2214 1108 3020">
     <span class='ocr_line' id='line_1_14' title="bbox 120 2214 1108 2319; baseline -0.01 -20"><span class='ocrx_word' id='word_1_81' title='bbox 120 2216 204 2319; x_wconf 87' lang='lat' dir='ltr'><strong>lpso</strong></span> <span class='ocrx_word' id='word_1_82' title='bbox 220 2224 330 2295; x_wconf 87' lang='lat' dir='ltr'><strong>natali</strong></span> <span class='ocrx_word' id='word_1_83' title='bbox 349 2222 411 2288; x_wconf 82' lang='lat' dir='ltr'><strong>filii</strong></span> <span class='ocrx_word' id='word_1_84' title='bbox 429 2219 498 2290; x_wconf 87' lang='lat' dir='ltr'><strong>Dei</strong></span> <span class='ocrx_word' id='word_1_85' title='bbox 513 2220 649 2287; x_wconf 91' lang='lat' dir='ltr'><strong>domini</strong></span> <span class='ocrx_word' id='word_1_86' title='bbox 666 2218 776 2288; x_wconf 81' lang='lat' dir='ltr'><strong>nostri</strong></span> <span class='ocrx_word' id='word_1_87' title='bbox 788 2215 861 2290; x_wconf 92' lang='lat' dir='ltr'><strong>l.C.</strong></span> <span class='ocrx_word' id='word_1_88' title='bbox 879 2218 1001 2308; x_wconf 81' lang='lat' dir='ltr'><strong>scripsi</strong></span> <span class='ocrx_word' id='word_1_89' title='bbox 1017 2214 1108 2290; x_wconf 88' lang='lat' dir='ltr'><strong>hanc</strong></span> 
     </span>
     <span class='ocr_line' id='line_1_15' title="bbox 120 2321 1106 2421; baseline -0.01 -20"><span class='ocrx_word' id='word_1_90' title='bbox 120 2331 324 2421; x_wconf 85' lang='lat' dir='ltr'><strong>epistolam,</strong></span> <span class='ocrx_word' id='word_1_91' title='bbox 359 2323 418 2415; x_wconf 89' lang='lat' dir='ltr'><strong>qui</strong></span> <span class='ocrx_word' id='word_1_92' title='bbox 443 2345 522 2390; x_wconf 91' lang='lat' dir='ltr'><strong>cum</strong></span> <span class='ocrx_word' id='word_1_93' title='bbox 549 2343 684 2388; x_wconf 91' lang='lat' dir='ltr'><strong>annum</strong></span> <span class='ocrx_word' id='word_1_94' title='bbox 706 2321 750 2388; x_wconf 93' lang='lat' dir='ltr'><strong>de</strong></span> <span class='ocrx_word' id='word_1_95' title='bbox 769 2345 867 2389; x_wconf 93' lang='lat' dir='ltr'><strong>more</strong></span> <span class='ocrx_word' id='word_1_96' title='bbox 892 2322 1106 2403; x_wconf 70' lang='lat' dir='ltr'><strong>exordiatur,</strong></span> 
     </span>
     <span class='ocr_line' id='line_1_16' title="bbox 118 2416 1104 2524; baseline -0.009 -23"><span class='ocrx_word' id='word_1_97' title='bbox 118 2433 274 2524; x_wconf 89' lang='lat' dir='ltr'><strong>primum</strong></span> <span class='ocrx_word' id='word_1_98' title='bbox 291 2423 466 2493; x_wconf 81' lang='lat' dir='ltr'><strong>exanimo</strong></span> <span class='ocrx_word' id='word_1_99' title='bbox 485 2434 589 2510; x_wconf 87' lang='lat' dir='ltr'><strong>opto,</strong></span> <span class='ocrx_word' id='word_1_100' title='bbox 609 2435 649 2491; x_wconf 88' lang='lat' dir='ltr'><strong>ut</strong></span> <span class='ocrx_word' id='word_1_101' title='bbox 663 2416 720 2490; x_wconf 93' lang='lat' dir='ltr'><strong>hic</strong></span> <span class='ocrx_word' id='word_1_102' title='bbox 737 2422 882 2489; x_wconf 88' lang='lat' dir='ltr'><strong>veniens</strong></span> <span class='ocrx_word' id='word_1_103' title='bbox 902 2445 1018 2492; x_wconf 89' lang='lat' dir='ltr'><strong>annus</strong></span> <span class='ocrx_word' id='word_1_104' title='bbox 1034 2418 1104 2492; x_wconf 83' lang='lat' dir='ltr'><strong>Ec-</strong></span> 
     </span>
     <span class='ocr_line' id='line_1_17' title="bbox 118 2517 1103 2613; baseline -0.011 -11"><span class='ocrx_word' id='word_1_105' title='bbox 118 2532 244 2602; x_wconf 81' lang='lat' dir='ltr'><strong>clesiae</strong></span> <span class='ocrx_word' id='word_1_106' title='bbox 263 2526 333 2598; x_wconf 88' lang='lat' dir='ltr'><strong>Dei</strong></span> <span class='ocrx_word' id='word_1_107' title='bbox 358 2537 392 2593; x_wconf 89' lang='lat' dir='ltr'><strong>et</strong></span> <span class='ocrx_word' id='word_1_108' title='bbox 416 2523 493 2591; x_wconf 89' lang='lat' dir='ltr'><strong>eius</strong></span> <span class='ocrx_word' id='word_1_109' title='bbox 517 2517 700 2613; x_wconf 90' lang='lat' dir='ltr'><strong>hospitiis,</strong></span> <span class='ocrx_word' id='word_1_110' title='bbox 723 2536 758 2593; x_wconf 88' lang='lat' dir='ltr'><strong>et</strong></span> <span class='ocrx_word' id='word_1_111' title='bbox 782 2522 846 2592; x_wconf 89' lang='lat' dir='ltr'><strong>tibi</strong></span> <span class='ocrx_word' id='word_1_112' title='bbox 876 2535 909 2592; x_wconf 89' lang='lat' dir='ltr'><strong>et</strong></span> <span class='ocrx_word' id='word_1_113' title='bbox 924 2518 1103 2593; x_wconf 79' lang='lat' dir='ltr'><strong>Ecclesiae</strong></span> 
     </span>
     <span class='ocr_line' id='line_1_18' title="bbox 117 2623 1102 2710; baseline -0.008 -8"><span class='ocrx_word' id='word_1_114' title='bbox 117 2648 202 2702; x_wconf 87' lang='lat' dir='ltr'><strong>tuae</strong></span> <span class='ocrx_word' id='word_1_115' title='bbox 218 2625 443 2710; x_wconf 88' lang='lat' dir='ltr'><strong>domesticae,</strong></span> <span class='ocrx_word' id='word_1_116' title='bbox 469 2637 502 2693; x_wconf 91' lang='lat' dir='ltr'><strong>et</strong></span> <span class='ocrx_word' id='word_1_117' title='bbox 518 2625 715 2692; x_wconf 81' lang='lat' dir='ltr'><strong>academiae</strong></span> <span class='ocrx_word' id='word_1_118' title='bbox 738 2636 878 2694; x_wconf 85' lang='lat' dir='ltr'><strong>nostrae</strong></span> <span class='ocrx_word' id='word_1_119' title='bbox 900 2623 947 2695; x_wconf 89' lang='lat' dir='ltr'><strong>sit</strong></span> <span class='ocrx_word' id='word_1_120' title='bbox 967 2625 1102 2695; x_wconf 76' lang='lat' dir='ltr'><strong>faustus</strong></span> 
     </span>
     <span class='ocr_line' id='line_1_19' title="bbox 118 2722 1102 2816; baseline -0.008 -14"><span class='ocrx_word' id='word_1_121' title='bbox 118 2748 153 2802; x_wconf 82' lang='lat' dir='ltr'><strong>et</strong></span> <span class='ocrx_word' id='word_1_122' title='bbox 175 2730 289 2800; x_wconf 80' lang='lat' dir='ltr'><strong>foelix.</strong></span> <span class='ocrx_word' id='word_1_123' title='bbox 335 2725 454 2816; x_wconf 66' lang='lat' dir='ltr'><strong>,Quod</strong></span> <span class='ocrx_word' id='word_1_124' title='bbox 488 2725 641 2793; x_wconf 83' lang='lat' dir='ltr'><strong>officium</strong></span> <span class='ocrx_word' id='word_1_125' title='bbox 670 2722 835 2794; x_wconf 88' lang='lat' dir='ltr'><strong>mittendi</strong></span> <span class='ocrx_word' id='word_1_126' title='bbox 865 2725 985 2795; x_wconf 81' lang='lat' dir='ltr'><strong>literas</strong></span> <span class='ocrx_word' id='word_1_127' title='bbox 1007 2726 1102 2798; x_wconf 89' lang='lat' dir='ltr'><strong>inter</strong></span> 
     </span>
     <span class='ocr_line' id='line_1_20' title="bbox 114 2828 1098 2911; baseline -0.007 -8"><span class='ocrx_word' id='word_1_128' title='bbox 114 2855 181 2904; x_wconf 86' lang='lat' dir='ltr'><strong>nos</strong></span> <span class='ocrx_word' id='word_1_129' title='bbox 206 2831 318 2901; x_wconf 90' lang='lat' dir='ltr'><strong>rarius</strong></span> <span class='ocrx_word' id='word_1_130' title='bbox 344 2842 411 2911; x_wconf 87' lang='lat' dir='ltr'><strong>est,</strong></span> <span class='ocrx_word' id='word_1_131' title='bbox 441 2849 513 2896; x_wconf 91' lang='lat' dir='ltr'><strong>non</strong></span> <span class='ocrx_word' id='word_1_132' title='bbox 537 2828 765 2896; x_wconf 86' lang='lat' dir='ltr'><strong>tribuendum</strong></span> <span class='ocrx_word' id='word_1_133' title='bbox 790 2840 841 2897; x_wconf 86' lang='lat' dir='ltr'><strong>est</strong></span> <span class='ocrx_word' id='word_1_134' title='bbox 866 2828 922 2896; x_wconf 86' lang='lat' dir='ltr'><strong>vel</strong></span> <span class='ocrx_word' id='word_1_135' title='bbox 946 2841 1027 2898; x_wconf 86' lang='lat' dir='ltr'><strong>tuae</strong></span> <span class='ocrx_word' id='word_1_136' title='bbox 1045 2829 1098 2897; x_wconf 84' lang='lat' dir='ltr'><strong>vel</strong></span> 
     </span>
     <span class='ocr_line' id='line_1_21' title="bbox 113 2927 1098 3020; baseline -0.006 -15"><span class='ocrx_word' id='word_1_137' title='bbox 113 2959 211 3005; x_wconf 88' lang='lat' dir='ltr'><strong>meae</strong></span> <span class='ocrx_word' id='word_1_138' title='bbox 227 2931 284 3001; x_wconf 85' lang='lat' dir='ltr'><strong>vel</strong></span> <span class='ocrx_word' id='word_1_139' title='bbox 307 2929 478 2998; x_wconf 88' lang='lat' dir='ltr'><strong>similium</strong></span> <span class='ocrx_word' id='word_1_140' title='bbox 505 2927 678 3012; x_wconf 82' lang='lat' dir='ltr'><strong>desidiae,</strong></span> <span class='ocrx_word' id='word_1_141' title='bbox 709 2929 769 2996; x_wconf 89' lang='lat' dir='ltr'><strong>sed</strong></span> <span class='ocrx_word' id='word_1_142' title='bbox 793 2928 1098 3020; x_wconf 87' lang='lat' dir='ltr'><strong>occupationibus,</strong></span> 
     </span>
    </p>
   </div>
   <div class='ocr_carea' id='block_1_10' title="bbox 1166 663 2157 1574">
    <p class='ocr_par' dir='ltr' id='par_1_10' title="bbox 1166 663 2157 1574">
     <span class='ocr_line' id='line_1_22' title="bbox 1176 663 2157 764; baseline 0.015 -33"><span class='ocrx_word' id='word_1_143' title='bbox 1176 663 1271 732; x_wconf 90' lang='lat' dir='ltr'><strong>viros</strong></span> <span class='ocrx_word' id='word_1_144' title='bbox 1289 681 1554 756; x_wconf 84' lang='lat' dir='ltr'><strong>superaverunt.</strong></span> <span class='ocrx_word' id='word_1_145' title='bbox 1598 663 1646 738; x_wconf 86' lang='lat' dir='ltr'><strong>Et</strong></span> <span class='ocrx_word' id='word_1_146' title='bbox 1663 693 1757 739; x_wconf 89' lang='lat' dir='ltr'><strong>nunc</strong></span> <span class='ocrx_word' id='word_1_147' title='bbox 1772 668 1883 763; x_wconf 90' lang='lat' dir='ltr'><strong>aliqui</strong></span> <span class='ocrx_word' id='word_1_148' title='bbox 1898 671 2075 764; x_wconf 83' lang='lat' dir='ltr'><strong>principes</strong></span> <span class='ocrx_word' id='word_1_149' title='bbox 2091 700 2157 745; x_wconf 91' lang='lat' dir='ltr'><strong>no·</strong></span> 
     </span>
     <span class='ocr_line' id='line_1_23' title="bbox 1174 765 2157 854; baseline 0.013 -19"><span class='ocrx_word' id='word_1_150' title='bbox 1174 766 1359 852; x_wconf 89' lang='lat' dir='ltr'><strong>bilissimi,</strong></span> <span class='ocrx_word' id='word_1_151' title='bbox 1384 765 1462 840; x_wconf 82' lang='lat' dir='ltr'><strong>Rex</strong></span> <span class='ocrx_word' id='word_1_152' title='bbox 1480 769 1654 854; x_wconf 89' lang='lat' dir='ltr'><strong>Danicus,</strong></span> <span class='ocrx_word' id='word_1_153' title='bbox 1679 772 1758 842; x_wconf 85' lang='lat' dir='ltr'><strong>Dux</strong></span> <span class='ocrx_word' id='word_1_154' title='bbox 1775 770 1947 843; x_wconf 82' lang='lat' dir='ltr'><strong>Saxoniae</strong></span> <span class='ocrx_word' id='word_1_155' title='bbox 1961 773 2106 846; x_wconf 89' lang='lat' dir='ltr'><strong>Elector</strong></span> <span class='ocrx_word' id='word_1_156' title='bbox 2123 789 2157 848; x_wconf 90' lang='lat' dir='ltr'><strong>et</strong></span> 
     </span>
     <span class='ocr_line' id='line_1_24' title="bbox 1172 865 2155 964; baseline 0.012 -29"><span class='ocrx_word' id='word_1_157' title='bbox 1172 865 1415 958; x_wconf 87' lang='lat' dir='ltr'><strong>Landgravius</strong></span> <span class='ocrx_word' id='word_1_158' title='bbox 1438 884 1576 942; x_wconf 86' lang='lat' dir='ltr'><strong>tantum</strong></span> <span class='ocrx_word' id='word_1_159' title='bbox 1603 873 1762 962; x_wconf 84' lang='lat' dir='ltr'><strong>legerunt</strong></span> <span class='ocrx_word' id='word_1_160' title='bbox 1784 888 1819 944; x_wconf 90' lang='lat' dir='ltr'><strong>et</strong></span> <span class='ocrx_word' id='word_1_161' title='bbox 1842 875 1982 964; x_wconf 86' lang='lat' dir='ltr'><strong>legunt,</strong></span> <span class='ocrx_word' id='word_1_162' title='bbox 2015 890 2056 948; x_wconf 89' lang='lat' dir='ltr'><strong>ut</strong></span> <span class='ocrx_word' id='word_1_163' title='bbox 2080 902 2155 947; x_wconf 88' lang='lat' dir='ltr'><strong>non</strong></span> 
     </span>
     <span class='ocr_line' id='line_1_25' title="bbox 1171 969 2154 1070; baseline 0.013 -35"><span class='ocrx_word' id='word_1_164' title='bbox 1171 969 1291 1039; x_wconf 90' lang='lat' dir='ltr'><strong>minus</strong></span> <span class='ocrx_word' id='word_1_165' title='bbox 1307 971 1378 1039; x_wconf 91' lang='lat' dir='ltr'><strong>sint</strong></span> <span class='ocrx_word' id='word_1_166' title='bbox 1396 971 1559 1042; x_wconf 89' lang='lat' dir='ltr'><strong>instructi</strong></span> <span class='ocrx_word' id='word_1_167' title='bbox 1578 998 1683 1067; x_wconf 87' lang='lat' dir='ltr'><strong>quam</strong></span> <span class='ocrx_word' id='word_1_168' title='bbox 1701 975 1756 1043; x_wconf 94' lang='lat' dir='ltr'><strong>illi</strong></span> <span class='ocrx_word' id='word_1_169' title='bbox 1772 976 1861 1067; x_wconf 90' lang='lat' dir='ltr'><strong>ipsi,</strong></span> <span class='ocrx_word' id='word_1_170' title='bbox 1886 979 1947 1070; x_wconf 89' lang='lat' dir='ltr'><strong>qui</strong></span> <span class='ocrx_word' id='word_1_171' title='bbox 1969 978 2007 1047; x_wconf 91' lang='lat' dir='ltr'><strong>in</strong></span> <span class='ocrx_word' id='word_1_172' title='bbox 2026 975 2154 1050; x_wconf 89' lang='lat' dir='ltr'><strong>scholis</strong></span> 
     </span>
     <span class='ocr_line' id='line_1_26' title="bbox 1170 1070 2151 1150; baseline 0.012 -12"><span class='ocrx_word' id='word_1_173' title='bbox 1170 1070 1310 1142; x_wconf 88' lang='lat' dir='ltr'><strong>docent.</strong></span> <span class='ocrx_word' id='word_1_174' title='bbox 1370 1070 1418 1142; x_wconf 87' lang='lat' dir='ltr'><strong>Et</strong></span> <span class='ocrx_word' id='word_1_175' title='bbox 1449 1088 1566 1143; x_wconf 89' lang='lat' dir='ltr'><strong>tamen</strong></span> <span class='ocrx_word' id='word_1_176' title='bbox 1592 1077 1699 1145; x_wconf 89' lang='lat' dir='ltr'><strong>iidem</strong></span> <span class='ocrx_word' id='word_1_177' title='bbox 1731 1077 1880 1146; x_wconf 92' lang='lat' dir='ltr'><strong>consilio</strong></span> <span class='ocrx_word' id='word_1_178' title='bbox 1901 1091 1937 1149; x_wconf 89' lang='lat' dir='ltr'><strong>et</strong></span> <span class='ocrx_word' id='word_1_179' title='bbox 1959 1080 2090 1149; x_wconf 89' lang='lat' dir='ltr'><strong>virtute</strong></span> <span class='ocrx_word' id='word_1_180' title='bbox 2115 1082 2151 1150; x_wconf 91' lang='lat' dir='ltr'><strong>in</strong></span> 
     </span>
     <span class='ocr_line' id='line_1_27' title="bbox 1168 1173 2152 1271; baseline 0.014 -33"><span class='ocrx_word' id='word_1_181' title='bbox 1168 1173 1276 1241; x_wconf 91' lang='lat' dir='ltr'><strong>armis</strong></span> <span class='ocrx_word' id='word_1_182' title='bbox 1304 1175 1479 1245; x_wconf 84' lang='lat' dir='ltr'><strong>excellunt</strong></span> <span class='ocrx_word' id='word_1_183' title='bbox 1502 1176 1632 1246; x_wconf 91' lang='lat' dir='ltr'><strong>multos</strong></span> <span class='ocrx_word' id='word_1_184' title='bbox 1658 1178 1746 1248; x_wconf 91' lang='lat' dir='ltr'><strong>alios</strong></span> <span class='ocrx_word' id='word_1_185' title='bbox 1769 1179 1954 1271; x_wconf 89' lang='lat' dir='ltr'><strong>principes.</strong></span> <span class='ocrx_word' id='word_1_186' title='bbox 2014 1179 2152 1251; x_wconf 88' lang='lat' dir='ltr'><strong>Horum</strong></span> 
     </span>
     <span class='ocr_line' id='line_1_28' title="bbox 1168 1275 2151 1369; baseline 0.012 -29"><span class='ocrx_word' id='word_1_187' title='bbox 1168 1275 1323 1364; x_wconf 84' lang='lat' dir='ltr'><strong>exempla</strong></span> <span class='ocrx_word' id='word_1_188' title='bbox 1340 1287 1373 1345; x_wconf 89' lang='lat' dir='ltr'><strong>te</strong></span> <span class='ocrx_word' id='word_1_189' title='bbox 1391 1292 1574 1359; x_wconf 91' lang='lat' dir='ltr'><strong>moveant,</strong></span> <span class='ocrx_word' id='word_1_190' title='bbox 1596 1292 1635 1349; x_wconf 91' lang='lat' dir='ltr'><strong>ut</strong></span> <span class='ocrx_word' id='word_1_191' title='bbox 1654 1281 1799 1369; x_wconf 87' lang='lat' dir='ltr'><strong>cogites,</strong></span> <span class='ocrx_word' id='word_1_192' title='bbox 1828 1305 1900 1350; x_wconf 90' lang='lat' dir='ltr'><strong>non</strong></span> <span class='ocrx_word' id='word_1_193' title='bbox 1916 1282 2151 1353; x_wconf 90' lang='lat' dir='ltr'><strong>omittendum</strong></span> 
     </span>
     <span class='ocr_line' id='line_1_29' title="bbox 1167 1375 2152 1468; baseline 0.012 -27"><span class='ocrx_word' id='word_1_194' title='bbox 1167 1396 1241 1443; x_wconf 88' lang='lat' dir='ltr'><strong>esse</strong></span> <span class='ocrx_word' id='word_1_195' title='bbox 1253 1375 1435 1447; x_wconf 87' lang='lat' dir='ltr'><strong>literarum</strong></span> <span class='ocrx_word' id='word_1_196' title='bbox 1452 1380 1622 1451; x_wconf 89' lang='lat' dir='ltr'><strong>studium.</strong></span> <span class='ocrx_word' id='word_1_197' title='bbox 1666 1378 1764 1468; x_wconf 85' lang='lat' dir='ltr'><strong>Quid</strong></span> <span class='ocrx_word' id='word_1_198' title='bbox 1781 1384 1876 1451; x_wconf 90' lang='lat' dir='ltr'><strong>enim</strong></span> <span class='ocrx_word' id='word_1_199' title='bbox 1891 1397 1942 1453; x_wconf 90' lang='lat' dir='ltr'><strong>est</strong></span> <span class='ocrx_word' id='word_1_200' title='bbox 1958 1385 2058 1454; x_wconf 91' lang='lat' dir='ltr'><strong>miles</strong></span> <span class='ocrx_word' id='word_1_201' title='bbox 2074 1385 2152 1453; x_wconf 90' lang='lat' dir='ltr'><strong>sine</strong></span> 
     </span>
     <span class='ocr_line' id='line_1_30' title="bbox 1166 1477 2150 1574; baseline 0.012 -32"><span class='ocrx_word' id='word_1_202' title='bbox 1166 1499 1248 1546; x_wconf 90' lang='lat' dir='ltr'><strong>vera</strong></span> <span class='ocrx_word' id='word_1_203' title='bbox 1264 1479 1443 1573; x_wconf 79' lang='lat' dir='ltr'><strong>agnitione</strong></span> <span class='ocrx_word' id='word_1_204' title='bbox 1456 1477 1542 1566; x_wconf 87' lang='lat' dir='ltr'><strong>Dei,</strong></span> <span class='ocrx_word' id='word_1_205' title='bbox 1563 1495 1603 1552; x_wconf 81' lang='lat' dir='ltr'><strong>et</strong></span> <span class='ocrx_word' id='word_1_206' title='bbox 1624 1505 1728 1574; x_wconf 87' lang='lat' dir='ltr'><strong>eques</strong></span> <span class='ocrx_word' id='word_1_207' title='bbox 1749 1484 1826 1553; x_wconf 88' lang='lat' dir='ltr'><strong>sine</strong></span> <span class='ocrx_word' id='word_1_208' title='bbox 1849 1484 1993 1554; x_wconf 87' lang='lat' dir='ltr'><strong>scientia</strong></span> <span class='ocrx_word' id='word_1_209' title='bbox 2015 1486 2150 1554; x_wconf 84' lang='lat' dir='ltr'><strong>officio·</strong></span> 
     </span>
    </p>
   </div>
   <div class='ocr_carea' id='block_1_11' title="bbox 1105 1578 2148 1678">
    <p class='ocr_par' dir='ltr' id='par_1_11' title="bbox 1105 1578 2148 1678">
     <span class='ocr_line' id='line_1_31' title="bbox 1105 1578 2148 1678; baseline 0.013 -35"><span class='ocrx_word' id='word_1_210' title='bbox 1105 1645 1111 1654; x_wconf 70' lang='grc'><em>,</em></span> <span class='ocrx_word' id='word_1_211' title='bbox 1165 1600 1245 1645; x_wconf 92' lang='lat' dir='ltr'><strong>rum</strong></span> <span class='ocrx_word' id='word_1_212' title='bbox 1265 1578 1406 1649; x_wconf 85' lang='lat' dir='ltr'><strong>virtutis</strong></span> <span class='ocrx_word' id='word_1_213' title='bbox 1431 1581 1500 1660; x_wconf 87' lang='lat' dir='ltr'><strong>nisi</strong></span> <span class='ocrx_word' id='word_1_214' title='bbox 1516 1582 1679 1652; x_wconf 89' lang='lat' dir='ltr'><strong>immanis</strong></span> <span class='ocrx_word' id='word_1_215' title='bbox 1694 1582 1909 1670; x_wconf 81' lang='lat' dir='ltr'><strong>Centaurus,</strong></span> <span class='ocrx_word' id='word_1_216' title='bbox 1935 1587 1997 1678; x_wconf 87' lang='lat' dir='ltr'><strong>qni</strong></span> <span class='ocrx_word' id='word_1_217' title='bbox 2013 1587 2148 1656; x_wconf 91' lang='lat' dir='ltr'><strong>etiamsi</strong></span> 
     </span>
    </p>
   </div>
   <div class='ocr_carea' id='block_1_12' title="bbox 1152 1679 2149 2779">
    <p class='ocr_par' dir='ltr' id='par_1_12' title="bbox 1152 1679 2149 2779">
     <span class='ocr_line' id='line_1_32' title="bbox 1164 1679 2149 1777; baseline 0.012 -32"><span class='ocrx_word' id='word_1_218' title='bbox 1164 1679 1305 1750; x_wconf 89' lang='lat' dir='ltr'><strong>fortiter</strong></span> <span class='ocrx_word' id='word_1_219' title='bbox 1316 1682 1512 1774; x_wconf 86' lang='lat' dir='ltr'><strong>aliquando</strong></span> <span class='ocrx_word' id='word_1_220' title='bbox 1528 1687 1740 1776; x_wconf 89' lang='lat' dir='ltr'><strong>proeliatur,</strong></span> <span class='ocrx_word' id='word_1_221' title='bbox 1758 1701 1876 1756; x_wconf 89' lang='lat' dir='ltr'><strong>tamen</strong></span> <span class='ocrx_word' id='word_1_222' title='bbox 1892 1688 1990 1756; x_wconf 92' lang='lat' dir='ltr'><strong>domi</strong></span> <span class='ocrx_word' id='word_1_223' title='bbox 2008 1688 2149 1777; x_wconf 90' lang='lat' dir='ltr'><strong>publice</strong></span> 
     </span>
     <span class='ocr_line' id='line_1_33' title="bbox 1164 1780 2147 1878; baseline 0.012 -31"><span class='ocrx_word' id='word_1_224' title='bbox 1164 1780 1248 1849; x_wconf 97' lang='lat' dir='ltr'><strong>odio</strong></span> <span class='ocrx_word' id='word_1_225' title='bbox 1268 1797 1321 1853; x_wconf 90' lang='lat' dir='ltr'><strong>est</strong></span> <span class='ocrx_word' id='word_1_226' title='bbox 1344 1785 1510 1855; x_wconf 88' lang='lat' dir='ltr'><strong>omnibus</strong></span> <span class='ocrx_word' id='word_1_227' title='bbox 1537 1781 1753 1860; x_wconf 87' lang='lat' dir='ltr'><strong>bominibus.</strong></span> <span class='ocrx_word' id='word_1_228' title='bbox 1812 1785 1994 1858; x_wconf 86' lang='lat' dir='ltr'><strong>Praeterea</strong></span> <span class='ocrx_word' id='word_1_229' title='bbox 2021 1790 2147 1878; x_wconf 83' lang='lat' dir='ltr'><strong>cogita,</strong></span> 
     </span>
     <span class='ocr_line' id='line_1_34' title="bbox 1162 1883 2144 1982; baseline 0.008 -33"><span class='ocrx_word' id='word_1_230' title='bbox 1162 1893 1197 1949; x_wconf 91' lang='lat' dir='ltr'><strong>te</strong></span> <span class='ocrx_word' id='word_1_231' title='bbox 1230 1883 1358 1954; x_wconf 88' lang='lat' dir='ltr'><strong>debere</strong></span> <span class='ocrx_word' id='word_1_232' title='bbox 1387 1886 1534 1979; x_wconf 89' lang='lat' dir='ltr'><strong>obsequi</strong></span> <span class='ocrx_word' id='word_1_233' title='bbox 1563 1903 1690 1978; x_wconf 88' lang='lat' dir='ltr'><strong>patruo</strong></span> <span class='ocrx_word' id='word_1_234' title='bbox 1711 1902 1832 1958; x_wconf 89' lang='lat' dir='ltr'><strong>nostro</strong></span> <span class='ocrx_word' id='word_1_235' title='bbox 1855 1890 2054 1973; x_wconf 90' lang='lat' dir='ltr'><strong>carissimo,</strong></span> <span class='ocrx_word' id='word_1_236' title='bbox 2083 1890 2144 1982; x_wconf 90' lang='lat' dir='ltr'><strong>qui</strong></span> 
     </span>
     <span class='ocr_line' id='line_1_35' title="bbox 1161 1981 2146 2084; baseline 0.011 -34"><span class='ocrx_word' id='word_1_237' title='bbox 1161 1981 1258 2054; x_wconf 92' lang='lat' dir='ltr'><strong>bono</strong></span> <span class='ocrx_word' id='word_1_238' title='bbox 1273 1987 1420 2057; x_wconf 91' lang='lat' dir='ltr'><strong>consilio</strong></span> <span class='ocrx_word' id='word_1_239' title='bbox 1436 1987 1474 2055; x_wconf 90' lang='lat' dir='ltr'><strong>in</strong></span> <span class='ocrx_word' id='word_1_240' title='bbox 1492 1986 1604 2058; x_wconf 92' lang='lat' dir='ltr'><strong>literis</strong></span> <span class='ocrx_word' id='word_1_241' title='bbox 1620 1986 1690 2084; x_wconf 91' lang='lat' dir='ltr'><strong>(te)</strong></span> <span class='ocrx_word' id='word_1_242' title='bbox 1706 1992 1782 2060; x_wconf 89' lang='lat' dir='ltr'><strong>vult</strong></span> <span class='ocrx_word' id='word_1_243' title='bbox 1803 1992 1937 2060; x_wconf 89' lang='lat' dir='ltr'><strong>crudiri</strong></span> <span class='ocrx_word' id='word_1_244' title='bbox 1957 2007 1990 2061; x_wconf 91' lang='lat' dir='ltr'><strong>et</strong></span> <span class='ocrx_word' id='word_1_245' title='bbox 2011 1992 2146 2061; x_wconf 88' lang='lat' dir='ltr'><strong>diutius</strong></span> 
     </span>
     <span class='ocr_line' id='line_1_36' title="bbox 1160 2088 2143 2179; baseline 0.012 -29"><span class='ocrx_word' id='word_1_246' title='bbox 1160 2088 1391 2171; x_wconf 90' lang='lat' dir='ltr'><strong>commorari,</strong></span> <span class='ocrx_word' id='word_1_247' title='bbox 1417 2102 1457 2158; x_wconf 91' lang='lat' dir='ltr'><strong>ut</strong></span> <span class='ocrx_word' id='word_1_248' title='bbox 1474 2088 1704 2160; x_wconf 83' lang='lat' dir='ltr'><strong>fundamenta</strong></span> <span class='ocrx_word' id='word_1_249' title='bbox 1729 2092 1910 2161; x_wconf 90' lang='lat' dir='ltr'><strong>doctrinae</strong></span> <span class='ocrx_word' id='word_1_250' title='bbox 1929 2092 2088 2162; x_wconf 89' lang='lat' dir='ltr'><strong>coelestis</strong></span> <span class='ocrx_word' id='word_1_251' title='bbox 2109 2106 2143 2179; x_wconf 80' lang='lat' dir='ltr'><strong>et</strong></span> 
     </span>
     <span class='ocr_line' id='line_1_37' title="bbox 1159 2183 2141 2271; baseline 0.014 -23"><span class='ocrx_word' id='word_1_252' title='bbox 1159 2183 1300 2271; x_wconf 82' lang='lat' dir='ltr'><strong>linguae</strong></span> <span class='ocrx_word' id='word_1_253' title='bbox 1318 2187 1448 2257; x_wconf 91' lang='lat' dir='ltr'><strong>latinae</strong></span> <span class='ocrx_word' id='word_1_254' title='bbox 1464 2203 1556 2258; x_wconf 89' lang='lat' dir='ltr'><strong>recte</strong></span> <span class='ocrx_word' id='word_1_255' title='bbox 1571 2191 1695 2259; x_wconf 90' lang='lat' dir='ltr'><strong>discas.</strong></span> <span class='ocrx_word' id='word_1_256' title='bbox 1746 2189 1854 2258; x_wconf 87' lang='lat' dir='ltr'><strong>Hunc</strong></span> <span class='ocrx_word' id='word_1_257' title='bbox 1872 2193 1910 2259; x_wconf 89' lang='lat' dir='ltr'><strong>in</strong></span> <span class='ocrx_word' id='word_1_258' title='bbox 1923 2187 1989 2260; x_wconf 86' lang='lat' dir='ltr'><strong>hae</strong></span> <span class='ocrx_word' id='word_1_259' title='bbox 2005 2208 2141 2262; x_wconf 88' lang='lat' dir='ltr'><strong>senecta</strong></span> 
     </span>
     <span class='ocr_line' id='line_1_38' title="bbox 1158 2285 2140 2372; baseline 0.011 -21"><span class='ocrx_word' id='word_1_260' title='bbox 1158 2285 1291 2372; x_wconf 87' lang='lat' dir='ltr'><strong>optime</strong></span> <span class='ocrx_word' id='word_1_261' title='bbox 1314 2290 1357 2355; x_wconf 92' lang='lat' dir='ltr'><strong>de</strong></span> <span class='ocrx_word' id='word_1_262' title='bbox 1383 2289 1487 2356; x_wconf 90' lang='lat' dir='ltr'><strong>nobis</strong></span> <span class='ocrx_word' id='word_1_263' title='bbox 1507 2290 1673 2359; x_wconf 89' lang='lat' dir='ltr'><strong>meritum</strong></span> <span class='ocrx_word' id='word_1_264' title='bbox 1698 2293 1917 2360; x_wconf 85' lang='lat' dir='ltr'><strong>contumacia</strong></span> <span class='ocrx_word' id='word_1_265' title='bbox 1943 2306 2062 2362; x_wconf 89' lang='lat' dir='ltr'><strong>nostra</strong></span> <span class='ocrx_word' id='word_1_266' title='bbox 2085 2295 2140 2362; x_wconf 84' lang='lat' dir='ltr'><strong>ol-</strong></span> 
     </span>
     <span class='ocr_line' id='line_1_39' title="bbox 1156 2384 2139 2485; baseline 0.012 -34"><span class='ocrx_word' id='word_1_267' title='bbox 1156 2384 1300 2454; x_wconf 83' lang='lat' dir='ltr'><strong>lendere</strong></span> <span class='ocrx_word' id='word_1_268' title='bbox 1321 2402 1382 2458; x_wconf 90' lang='lat' dir='ltr'><strong>aut</strong></span> <span class='ocrx_word' id='word_1_269' title='bbox 1400 2390 1605 2479; x_wconf 88' lang='lat' dir='ltr'><strong>perturbare</strong></span> <span class='ocrx_word' id='word_1_270' title='bbox 1621 2391 1769 2480; x_wconf 91' lang='lat' dir='ltr'><strong>impium</strong></span> <span class='ocrx_word' id='word_1_271' title='bbox 1787 2403 1849 2463; x_wconf 86' lang='lat' dir='ltr'><strong>est.</strong></span> <span class='ocrx_word' id='word_1_272' title='bbox 1901 2392 1986 2461; x_wconf 91' lang='lat' dir='ltr'><strong>Ideo</strong></span> <span class='ocrx_word' id='word_1_273' title='bbox 2005 2408 2038 2463; x_wconf 90' lang='lat' dir='ltr'><strong>et</strong></span> <span class='ocrx_word' id='word_1_274' title='bbox 2055 2419 2139 2485; x_wconf 90' lang='lat' dir='ltr'><strong>pro·</strong></span> 
     </span>
     <span class='ocr_line' id='line_1_40' title="bbox 1156 2483 2136 2584; baseline 0.011 -31"><span class='ocrx_word' id='word_1_275' title='bbox 1156 2499 1233 2573; x_wconf 86' lang='lat' dir='ltr'><strong>pter</strong></span> <span class='ocrx_word' id='word_1_276' title='bbox 1257 2483 1372 2557; x_wconf 88' lang='lat' dir='ltr'><strong>Deum</strong></span> <span class='ocrx_word' id='word_1_277' title='bbox 1396 2505 1430 2561; x_wconf 93' lang='lat' dir='ltr'><strong>te</strong></span> <span class='ocrx_word' id='word_1_278' title='bbox 1461 2514 1543 2574; x_wconf 90' lang='lat' dir='ltr'><strong>oro,</strong></span> <span class='ocrx_word' id='word_1_279' title='bbox 1575 2505 1615 2561; x_wconf 90' lang='lat' dir='ltr'><strong>nt</strong></span> <span class='ocrx_word' id='word_1_280' title='bbox 1646 2504 1790 2581; x_wconf 90' lang='lat' dir='ltr'><strong>propter</strong></span> <span class='ocrx_word' id='word_1_281' title='bbox 1818 2493 1983 2582; x_wconf 87' lang='lat' dir='ltr'><strong>pietatem</strong></span> <span class='ocrx_word' id='word_1_282' title='bbox 2011 2510 2136 2584; x_wconf 92' lang='lat' dir='ltr'><strong>patruo</strong></span> 
     </span>
     <span class='ocr_line' id='line_1_41' title="bbox 1153 2586 2138 2681; baseline 0.013 -28"><span class='ocrx_word' id='word_1_283' title='bbox 1153 2586 1317 2656; x_wconf 89' lang='lat' dir='ltr'><strong>delictam</strong></span> <span class='ocrx_word' id='word_1_284' title='bbox 1344 2602 1379 2658; x_wconf 91' lang='lat' dir='ltr'><strong>et</strong></span> <span class='ocrx_word' id='word_1_285' title='bbox 1400 2603 1547 2681; x_wconf 88' lang='lat' dir='ltr'><strong>propter</strong></span> <span class='ocrx_word' id='word_1_286' title='bbox 1569 2605 1666 2662; x_wconf 86' lang='lat' dir='ltr'><strong>tuam</strong></span> <span class='ocrx_word' id='word_1_287' title='bbox 1695 2593 1884 2664; x_wconf 82' lang='lat' dir='ltr'><strong>utilitatem</strong></span> <span class='ocrx_word' id='word_1_288' title='bbox 1909 2609 1944 2664; x_wconf 91' lang='lat' dir='ltr'><strong>et</strong></span> <span class='ocrx_word' id='word_1_289' title='bbox 1967 2591 2138 2666; x_wconf 87' lang='lat' dir='ltr'><strong>adhortor</strong></span> 
     </span>
     <span class='ocr_line' id='line_1_42' title="bbox 1152 2689 2134 2779; baseline 0.013 -25"><span class='ocrx_word' id='word_1_290' title='bbox 1152 2701 1185 2756; x_wconf 91' lang='lat' dir='ltr'><strong>et</strong></span> <span class='ocrx_word' id='word_1_291' title='bbox 1200 2689 1376 2773; x_wconf 87' lang='lat' dir='ltr'><strong>obtestor,</strong></span> <span class='ocrx_word' id='word_1_292' title='bbox 1403 2705 1443 2762; x_wconf 89' lang='lat' dir='ltr'><strong>ut</strong></span> <span class='ocrx_word' id='word_1_293' title='bbox 1459 2716 1532 2761; x_wconf 91' lang='lat' dir='ltr'><strong>non</strong></span> <span class='ocrx_word' id='word_1_294' title='bbox 1548 2694 1694 2765; x_wconf 89' lang='lat' dir='ltr'><strong>abiicias</strong></span> <span class='ocrx_word' id='word_1_295' title='bbox 1708 2695 1823 2763; x_wconf 89' lang='lat' dir='ltr'><strong>studia</strong></span> <span class='ocrx_word' id='word_1_296' title='bbox 1848 2695 2048 2779; x_wconf 88' lang='lat' dir='ltr'><strong>literarum,</strong></span> <span class='ocrx_word' id='word_1_297' title='bbox 2073 2700 2134 2767; x_wconf 87' lang='lat' dir='ltr'><strong>scd</strong></span> 
     </span>
    </p>
   </div>
   <div class='ocr_carea' id='block_1_13' title="bbox 1151 2783 2245 2887">
    <p class='ocr_par' dir='ltr' id='par_1_13' title="bbox 1151 2783 2245 2887">
     <span class='ocr_line' id='line_1_43' title="bbox 1151 2783 2245 2887; baseline 0.01 -30"><span class='ocrx_word' id='word_1_298' title='bbox 1151 2783 1243 2859; x_wconf 89' lang='lat' dir='ltr'><strong>hanc</strong></span> <span class='ocrx_word' id='word_1_299' title='bbox 1262 2806 1356 2861; x_wconf 88' lang='lat' dir='ltr'><strong>tuam</strong></span> <span class='ocrx_word' id='word_1_300' title='bbox 1373 2794 1645 2865; x_wconf 88' lang='lat' dir='ltr'><strong>adolescentiam</strong></span> <span class='ocrx_word' id='word_1_301' title='bbox 1660 2798 1705 2865; x_wconf 91' lang='lat' dir='ltr'><strong>ad</strong></span> <span class='ocrx_word' id='word_1_302' title='bbox 1723 2796 1966 2886; x_wconf 89' lang='lat' dir='ltr'><strong>percipiendas</strong></span> <span class='ocrx_word' id='word_1_303' title='bbox 1986 2799 2135 2887; x_wconf 88' lang='lat' dir='ltr'><strong>optimas</strong></span> <span class='ocrx_word' id='word_1_304' title='bbox 2242 2822 2245 2827; x_wconf 83' lang='lat'>·</span> 
     </span>
    </p>
   </div>
   <div class='ocr_carea' id='block_1_14' title="bbox 1150 2893 2133 2989">
    <p class='ocr_par' dir='ltr' id='par_1_14' title="bbox 1150 2893 2133 2989">
     <span class='ocr_line' id='line_1_44' title="bbox 1150 2893 2133 2989; baseline 0.013 -33"><span class='ocrx_word' id='word_1_305' title='bbox 1150 2905 1241 2961; x_wconf 88' lang='lat' dir='ltr'><strong>artes</strong></span> <span class='ocrx_word' id='word_1_306' title='bbox 1258 2893 1452 2982; x_wconf 88' lang='lat' dir='ltr'><strong>impendas.</strong></span> <span class='ocrx_word' id='word_1_307' title='bbox 1505 2894 1585 2983; x_wconf 87' lang='lat' dir='ltr'><strong>Qua</strong></span> <span class='ocrx_word' id='word_1_308' title='bbox 1603 2898 1639 2965; x_wconf 90' lang='lat' dir='ltr'><strong>in</strong></span> <span class='ocrx_word' id='word_1_309' title='bbox 1656 2923 1693 2966; x_wconf 89' lang='lat' dir='ltr'><strong>re</strong></span> <span class='ocrx_word' id='word_1_310' title='bbox 1708 2910 1742 2966; x_wconf 90' lang='lat' dir='ltr'><strong>et</strong></span> <span class='ocrx_word' id='word_1_311' title='bbox 1761 2896 1838 2967; x_wconf 90' lang='lat' dir='ltr'><strong>Deo</strong></span> <span class='ocrx_word' id='word_1_312' title='bbox 1852 2911 1886 2968; x_wconf 85' lang='lat' dir='ltr'><strong>et</strong></span> <span class='ocrx_word' id='word_1_313' title='bbox 1909 2913 2035 2989; x_wconf 91' lang='lat' dir='ltr'><strong>patruo</strong></span> <span class='ocrx_word' id='word_1_314' title='bbox 2060 2924 2133 2969; x_wconf 89' lang='lat' dir='ltr'><strong>rem</strong></span> 
     </span>
    </p>
   </div>
   <div class='ocr_carea' id='block_1_15' title="bbox 112 2996 2132 3130">
    <p class='ocr_par' dir='ltr' id='par_1_15' title="bbox 112 2996 2132 3130">
     <span class='ocr_line' id='line_1_45' title="bbox 112 2996 2132 3130; baseline -0.01 -24"><span class='ocrx_word' id='word_1_315' title='bbox 112 3058 264 3130; x_wconf 88' lang='lat' dir='ltr'><strong>quarum</strong></span> <span class='ocrx_word' id='word_1_316' title='bbox 282 3047 316 3102; x_wconf 88' lang='lat' dir='ltr'><strong>et</strong></span> <span class='ocrx_word' id='word_1_317' title='bbox 328 3045 362 3103; x_wconf 84' lang='lat' dir='ltr'><strong>te</strong></span> <span class='ocrx_word' id='word_1_318' title='bbox 379 3045 414 3100; x_wconf 90' lang='lat' dir='ltr'><strong>et</strong></span> <span class='ocrx_word' id='word_1_319' title='bbox 427 3028 560 3098; x_wconf 87' lang='lat' dir='ltr'><strong>similes</strong></span> <span class='ocrx_word' id='word_1_320' title='bbox 583 3050 744 3116; x_wconf 90' lang='lat' dir='ltr'><strong>magnam</strong></span> <span class='ocrx_word' id='word_1_321' title='bbox 768 3030 908 3098; x_wconf 58' lang='lat' dir='ltr'><strong>molern‘</strong></span> <span class='ocrx_word' id='word_1_322' title='bbox 924 3033 1096 3102; x_wconf 87' lang='lat' dir='ltr'><strong>sustinere</strong></span> <span class='ocrx_word' id='word_1_323' title='bbox 1148 3007 1280 3078; x_wconf 55' lang='lat' dir='ltr'><strong>gratam</strong></span> <span class='ocrx_word' id='word_1_324' title='bbox 1308 2996 1414 3066; x_wconf 51' lang='lat' dir='ltr'><strong>fam</strong></span> <span class='ocrx_word' id='word_1_325' title='bbox 1441 3010 1475 3068; x_wconf 68' lang='lat'><strong>⁰¹</strong></span> <span class='ocrx_word' id='word_1_326' title='bbox 1498 3010 1579 3068; x_wconf 68' lang='lat'><strong>¹⁰³⁸</strong></span> <span class='ocrx_word' id='word_1_327' title='bbox 1612 2999 1759 3072; x_wconf 58' lang='lat' dir='ltr'><strong>”millii</strong></span> <span class='ocrx_word' id='word_1_328' title='bbox 1793 3000 1970 3092; x_wconf 62' lang='lat' dir='ltr'><strong>Pffl‘clure</strong></span> <span class='ocrx_word' id='word_1_329' title='bbox 2005 3024 2132 3072; x_wconf 66' lang='lat'><strong>⁶⁰¹1311·</strong></span> 
     </span>
    </p>
   </div>
   <div class='ocr_carea' id='block_1_16' title="bbox 108 3094 1300 3311">
    <p class='ocr_par' dir='ltr' id='par_1_16' title="bbox 108 3094 1300 3311">
     <span class='ocr_line' id='line_1_46' title="bbox 111 3094 1300 3210; baseline -0.013 -2"><span class='ocrx_word' id='word_1_330' title='bbox 111 3137 195 3207; x_wconf 87' lang='lat' dir='ltr'><strong>scio.</strong></span> <span class='ocrx_word' id='word_1_331' title='bbox 247 3134 424 3204; x_wconf 86' lang='lat' dir='ltr'><strong>Fruemur</strong></span> <span class='ocrx_word' id='word_1_332' title='bbox 440 3145 557 3200; x_wconf 88' lang='lat' dir='ltr'><strong>autem</strong></span> <span class='ocrx_word' id='word_1_333' title='bbox 574 3130 727 3200; x_wconf 88' lang='lat' dir='ltr'><strong>amicitia</strong></span> <span class='ocrx_word' id='word_1_334' title='bbox 753 3144 872 3201; x_wconf 91' lang='lat' dir='ltr'><strong>nostra</strong></span> <span class='ocrx_word' id='word_1_335' title='bbox 895 3133 1033 3201; x_wconf 88' lang='lat' dir='ltr'><strong>dulcius</strong></span> <span class='ocrx_word' id='word_1_336' title='bbox 1058 3133 1093 3200; x_wconf 91' lang='lat' dir='ltr'><strong>in</strong></span> <span class='ocrx_word' id='word_1_337' title='bbox 1127 3094 1208 3210; x_wconf 69' lang='lat'><strong>‚¹⁸⁵⁶</strong></span> <span class='ocrx_word' id='word_1_338' title='bbox 1234 3108 1300 3166; x_wconf 65' lang='lat'><strong>²⁸⁰·</strong></span> 
     </span>
     <span class='ocr_line' id='line_1_47' title="bbox 108 3226 1092 3311; baseline -0.006 -2"><span class='ocrx_word' id='word_1_339' title='bbox 108 3226 253 3311; x_wconf 62' lang='lat' dir='ltr'><strong>naeterna</strong></span> <span class='ocrx_word' id='word_1_340' title='bbox 278 3236 361 3307; x_wconf 82' lang='lat' dir='ltr'><strong>vita.</strong></span> <span class='ocrx_word' id='word_1_341' title='bbox 424 3231 573 3302; x_wconf 84' lang='lat' dir='ltr'><strong>interim</strong></span> <span class='ocrx_word' id='word_1_342' title='bbox 605 3246 723 3302; x_wconf 90' lang='lat' dir='ltr'><strong>tamen</strong></span> <span class='ocrx_word' id='word_1_343' title='bbox 755 3234 947 3303; x_wconf 87' lang='lat' dir='ltr'><strong>necessaria</strong></span> <span class='ocrx_word' id='word_1_344' title='bbox 979 3235 1092 3305; x_wconf 85' lang='lat' dir='ltr'><strong>officia</strong></span> 
     </span>
    </p>
   </div>
   <div class='ocr_carea' id='block_1_17' title="bbox 109 3331 615 3428">
    <p class='ocr_par' dir='ltr' id='par_1_17' title="bbox 109 3331 615 3428">
     <span class='ocr_line' id='line_1_48' title="bbox 109 3331 615 3428; baseline -0.016 -18"><span class='ocrx_word' id='word_1_345' title='bbox 109 3364 184 3410; x_wconf 90' lang='lat' dir='ltr'><strong>uon</strong></span> <span class='ocrx_word' id='word_1_346' title='bbox 202 3337 431 3428; x_wconf 77' lang='lat' dir='ltr'><strong>negligamus.</strong></span> <span class='ocrx_word' id='word_1_347' title='bbox 482 3331 525 3408; x_wconf 90' lang='grc' dir='ltr'><strong>Β.</strong></span> <span class='ocrx_word' id='word_1_348' title='bbox 540 3360 574 3408; x_wconf 84' lang='lat' dir='ltr'><strong>v.</strong></span> <span class='ocrx_word' id='word_1_349' title='bbox 612 3368 615 3375; x_wconf 40' lang='lat' dir='ltr'>v</span> 
     </span>
    </p>
   </div>
   <div class='ocr_carea' id='block_1_18' title="bbox 1143 3385 1473 3515">
    <p class='ocr_par' dir='ltr' id='par_1_18' title="bbox 1143 3385 1473 3515">
     <span class='ocr_line' id='line_1_49' title="bbox 1143 3385 1473 3515; baseline 0.003 -8"><span class='ocrx_word' id='word_1_350' title='bbox 1143 3437 1210 3510; x_wconf 88' lang='lat' dir='ltr'><strong>No.</strong></span> <span class='ocrx_word' id='word_1_351' title='bbox 1229 3437 1341 3515; x_wconf 79' lang='lat'><strong>7012.</strong></span> <span class='ocrx_word' id='word_1_352' title='bbox 1467 3385 1473 3395; x_wconf 22' lang='grc' dir='ltr'><strong>ι</strong></span> 
     </span>
    </p>
   </div>
   <div class='ocr_carea' id='block_1_19' title="bbox 1150 3532 1321 3562">
    <p class='ocr_par' dir='ltr' id='par_1_19' title="bbox 1150 3532 1321 3562">
     <span class='ocr_line' id='line_1_50' title="bbox 1150 3532 1321 3562; baseline -0.012 0"><span class='ocrx_word' id='word_1_353' title='bbox 1150 3532 1321 3562; x_wconf 59' lang='grc' dir='ltr'><strong><em>Μ</em></strong></span> 
     </span>
    </p>
   </div>
   <div class='ocr_carea' id='block_1_20' title="bbox 836 3735 1849 3863">
    <p class='ocr_par' dir='ltr' id='par_1_20' title="bbox 836 3735 1849 3863">
     <span class='ocr_line' id='line_1_51' title="bbox 836 3735 1849 3863; baseline 0.037 -45"><span class='ocrx_word' id='word_1_354' title='bbox 836 3838 842 3849; x_wconf 38' lang='lat'><strong>·</strong></span> <span class='ocrx_word' id='word_1_355' title='bbox 912 3735 1084 3824; x_wconf 53' lang='lat' dir='ltr'>a</span> <span class='ocrx_word' id='word_1_356' title='bbox 1209 3790 1286 3860; x_wconf 63' lang='grc' dir='ltr'><strong>με</strong></span> <span class='ocrx_word' id='word_1_357' title='bbox 1300 3788 1455 3863; x_wconf 80' lang='lat' dir='ltr'><strong>apographo</strong></span> <span class='ocrx_word' id='word_1_358' title='bbox 1470 3791 1498 3845; x_wconf 86' lang='lat' dir='ltr'><strong>iu</strong></span> <span class='ocrx_word' id='word_1_359' title='bbox 1512 3792 1577 3848; x_wconf 83' lang='lat' dir='ltr'><strong>eod.</strong></span> <span class='ocrx_word' id='word_1_360' title='bbox 1591 3793 1674 3850; x_wconf 85' lang='lat' dir='ltr'><strong>Paris.</strong></span> <span class='ocrx_word' id='word_1_361' title='bbox 1691 3794 1727 3851; x_wconf 84' lang='lat' dir='ltr'><strong>D.</strong></span> <span class='ocrx_word' id='word_1_362' title='bbox 1744 3798 1849 3856; x_wconf 59' lang='lat' dir='ltr'><strong>law.</strong></span> 
     </span>
    </p>
   </div>
   <div class='ocr_carea' id='block_1_21' title="bbox 1241 3931 2019 4048">
    <p class='ocr_par' dir='ltr' id='par_1_21' title="bbox 1241 3931 2019 4048">
     <span class='ocr_line' id='line_1_52' title="bbox 1241 3931 2019 4048; baseline 0.014 -30"><span class='ocrx_word' id='word_1_363' title='bbox 1241 3931 1399 4021; x_wconf 76' lang='lat' dir='ltr'><strong>Amico</strong></span> <span class='ocrx_word' id='word_1_364' title='bbox 1424 3944 1619 4036; x_wconf 77' lang='lat' dir='ltr'><strong>cuidam.</strong></span> <span class='ocrx_word' id='word_1_365' title='bbox 1672 3949 1829 4047; x_wconf 83' lang='lat' dir='ltr'><strong>(Nobili</strong></span> <span class='ocrx_word' id='word_1_366' title='bbox 1842 3953 2019 4048; x_wconf 83' lang='lat' dir='ltr'><strong>cuidam.)</strong></span> 
     </span>
    </p>
   </div>
   <div class='ocr_carea' id='block_1_22' title="bbox 86 4084 2204 5522">
    <p class='ocr_par' dir='ltr' id='par_1_22' title="bbox 1028 4084 2122 4391">
     <span class='ocr_line' id='line_1_53' title="bbox 1138 4084 2122 4200; baseline 0.016 -35"><span class='ocrx_word' id='word_1_367' title='bbox 1138 4084 1225 4165; x_wconf 76' lang='lat' dir='ltr'><strong>Etsi</strong></span> <span class='ocrx_word' id='word_1_368' title='bbox 1246 4096 1386 4167; x_wconf 90' lang='lat' dir='ltr'><strong>nullum</strong></span> <span class='ocrx_word' id='word_1_369' title='bbox 1412 4091 1584 4168; x_wconf 88' lang='lat' dir='ltr'><strong>habebam</strong></span> <span class='ocrx_word' id='word_1_370' title='bbox 1617 4116 1862 4188; x_wconf 87' lang='lat' dir='ltr'><strong>argumentum</strong></span> <span class='ocrx_word' id='word_1_371' title='bbox 1897 4119 1931 4176; x_wconf 87' lang='lat' dir='ltr'><strong>te</strong></span> <span class='ocrx_word' id='word_1_372' title='bbox 1963 4110 2122 4200; x_wconf 90' lang='lat' dir='ltr'><strong>dignum,</strong></span> 
     </span>
     <span class='ocr_line' id='line_1_54' title="bbox 1028 4197 2120 4299; baseline 0.021 -36"><span class='ocrx_word' id='word_1_373' title='bbox 1028 4203 1033 4212; x_wconf 87' lang='lat'>&#39;</span> <span class='ocrx_word' id='word_1_374' title='bbox 1139 4198 1206 4266; x_wconf 87' lang='lat' dir='ltr'><strong>scis</strong></span> <span class='ocrx_word' id='word_1_375' title='bbox 1234 4197 1333 4265; x_wconf 87' lang='lat' dir='ltr'><strong>euim</strong></span> <span class='ocrx_word' id='word_1_376' title='bbox 1355 4197 1392 4266; x_wconf 92' lang='lat' dir='ltr'><strong>in</strong></span> <span class='ocrx_word' id='word_1_377' title='bbox 1411 4222 1483 4290; x_wconf 88' lang='lat' dir='ltr'><strong>quo</strong></span> <span class='ocrx_word' id='word_1_378' title='bbox 1497 4220 1625 4287; x_wconf 79' lang='lat' dir='ltr'><strong>genere</strong></span> <span class='ocrx_word' id='word_1_379' title='bbox 1638 4202 1836 4275; x_wconf 88' lang='lat' dir='ltr'><strong>studiorum</strong></span> <span class='ocrx_word' id='word_1_380' title='bbox 1852 4201 1910 4280; x_wconf 92' lang='lat' dir='ltr'><strong>hic</strong></span> <span class='ocrx_word' id='word_1_381' title='bbox 1924 4234 2061 4299; x_wconf 87' lang='lat' dir='ltr'><strong>verser,</strong></span> <span class='ocrx_word' id='word_1_382' title='bbox 2086 4229 2120 4287; x_wconf 89' lang='lat' dir='ltr'><strong>et</strong></span> 
     </span>
     <span class='ocr_line' id='line_1_55' title="bbox 1044 4297 2120 4391; baseline 0.025 -32"><span class='ocrx_word' id='word_1_383' title='bbox 1044 4354 1047 4359; x_wconf 86' lang='lat'><strong>.</strong></span> <span class='ocrx_word' id='word_1_384' title='bbox 1138 4302 1182 4367; x_wconf 91' lang='lat' dir='ltr'><strong>de</strong></span> <span class='ocrx_word' id='word_1_385' title='bbox 1204 4297 1383 4388; x_wconf 90' lang='lat' dir='ltr'><strong>republica</strong></span> <span class='ocrx_word' id='word_1_386' title='bbox 1409 4323 1577 4391; x_wconf 86' lang='lat' dir='ltr'><strong>magnum</strong></span> <span class='ocrx_word' id='word_1_387' title='bbox 1601 4298 1661 4371; x_wconf 86' lang='lat' dir='ltr'><strong>bic</strong></span> <span class='ocrx_word' id='word_1_388' title='bbox 1688 4303 1867 4378; x_wconf 87' lang='lat' dir='ltr'><strong>silentium</strong></span> <span class='ocrx_word' id='word_1_389' title='bbox 1901 4325 1967 4382; x_wconf 86' lang='lat' dir='ltr'><strong>est:</strong></span> <span class='ocrx_word' id='word_1_390' title='bbox 2002 4328 2120 4386; x_wconf 82' lang='lat' dir='ltr'><strong>tamen</strong></span> 
     </span>
    </p>

    <p class='ocr_par' dir='ltr' id='par_1_23' title="bbox 86 4400 2204 5522">
     <span class='ocr_line' id='line_1_56' title="bbox 1139 4400 2116 4496; baseline 0.019 -28"><span class='ocrx_word' id='word_1_391' title='bbox 1139 4424 1214 4470; x_wconf 89' lang='lat' dir='ltr'><strong>non</strong></span> <span class='ocrx_word' id='word_1_392' title='bbox 1230 4400 1330 4491; x_wconf 88' lang='lat' dir='ltr'><strong>potui</strong></span> <span class='ocrx_word' id='word_1_393' title='bbox 1346 4400 1479 4486; x_wconf 87' lang='lat' dir='ltr'><strong>facere,</strong></span> <span class='ocrx_word' id='word_1_394' title='bbox 1502 4403 1591 4496; x_wconf 90' lang='lat' dir='ltr'><strong>quio</strong></span> <span class='ocrx_word' id='word_1_395' title='bbox 1609 4400 1770 4491; x_wconf 83' lang='lat' dir='ltr'><strong>Sabino,</strong></span> <span class='ocrx_word' id='word_1_396' title='bbox 1806 4404 1942 4481; x_wconf 91' lang='lat' dir='ltr'><strong>homini</strong></span> <span class='ocrx_word' id='word_1_397' title='bbox 1961 4428 2022 4485; x_wconf 88' lang='lat' dir='ltr'><strong>tuo</strong></span> <span class='ocrx_word' id='word_1_398' title='bbox 2040 4431 2116 4486; x_wconf 88' lang='lat' dir='ltr'><strong>stu·</strong></span> 
     </span>
     <span class='ocr_line' id='line_1_57' title="bbox 100 4493 2115 4599; baseline 0.006 -24"><span class='ocrx_word' id='word_1_399' title='bbox 100 4493 185 4576; x_wconf 83' lang='lat' dir='ltr'><strong>llltsi</strong></span> <span class='ocrx_word' id='word_1_400' title='bbox 210 4526 265 4573; x_wconf 90' lang='lat' dir='ltr'><strong>res</strong></span> <span class='ocrx_word' id='word_1_401' title='bbox 286 4502 450 4572; x_wconf 89' lang='lat' dir='ltr'><strong>militaris</strong></span> <span class='ocrx_word' id='word_1_402' title='bbox 476 4502 580 4571; x_wconf 90' lang='lat' dir='ltr'><strong>lande</strong></span> <span class='ocrx_word' id='word_1_403' title='bbox 602 4500 709 4589; x_wconf 87' lang='lat' dir='ltr'><strong>digna</strong></span> <span class='ocrx_word' id='word_1_404' title='bbox 736 4515 788 4570; x_wconf 90' lang='lat' dir='ltr'><strong>est</strong></span> <span class='ocrx_word' id='word_1_405' title='bbox 811 4497 1084 4574; x_wconf 82' lang='lat' dir='ltr'><strong>etvitaehomi-</strong></span> <span class='ocrx_word' id='word_1_406' title='bbox 1137 4502 1356 4582; x_wconf 88' lang='lat' dir='ltr'><strong>diosissimo,</strong></span> <span class='ocrx_word' id='word_1_407' title='bbox 1397 4501 1517 4572; x_wconf 89' lang='lat' dir='ltr'><strong>literas</strong></span> <span class='ocrx_word' id='word_1_408' title='bbox 1547 4506 1591 4573; x_wconf 92' lang='lat' dir='ltr'><strong>ad</strong></span> <span class='ocrx_word' id='word_1_409' title='bbox 1619 4521 1653 4578; x_wconf 88' lang='lat' dir='ltr'><strong>te</strong></span> <span class='ocrx_word' id='word_1_410' title='bbox 1679 4510 1902 4598; x_wconf 80' lang='lat' dir='ltr'><strong>perferendas</strong></span> <span class='ocrx_word' id='word_1_411' title='bbox 1928 4518 2115 4599; x_wconf 90' lang='lat' dir='ltr'><strong>traderem,</strong></span> 
     </span>
     <span class='ocr_line' id='line_1_58' title="bbox 98 4598 2114 4697; baseline 0.007 -23"><span class='ocrx_word' id='word_1_412' title='bbox 98 4631 185 4676; x_wconf 93' lang='lat' dir='ltr'><strong>num</strong></span> <span class='ocrx_word' id='word_1_413' title='bbox 206 4605 404 4674; x_wconf 87' lang='lat' dir='ltr'><strong>necessaria·</strong></span> <span class='ocrx_word' id='word_1_414' title='bbox 424 4628 463 4673; x_wconf 93' lang='lat' dir='ltr'><strong>ac</strong></span> <span class='ocrx_word' id='word_1_415' title='bbox 485 4603 699 4672; x_wconf 87' lang='lat' dir='ltr'><strong>conveniens</strong></span> <span class='ocrx_word' id='word_1_416' title='bbox 721 4616 842 4673; x_wconf 88' lang='lat' dir='ltr'><strong>nostro</strong></span> <span class='ocrx_word' id='word_1_417' title='bbox 865 4605 1003 4686; x_wconf 88' lang='lat' dir='ltr'><strong>ordini,</strong></span> <span class='ocrx_word' id='word_1_418' title='bbox 1030 4620 1084 4677; x_wconf 87' lang='lat' dir='ltr'><strong>ta-</strong></span> <span class='ocrx_word' id='word_1_419' title='bbox 1135 4607 1222 4697; x_wconf 90' lang='lat' dir='ltr'><strong>quas</strong></span> <span class='ocrx_word' id='word_1_420' title='bbox 1244 4626 1309 4693; x_wconf 78' lang='lat' dir='ltr'><strong>pro</strong></span> <span class='ocrx_word' id='word_1_421' title='bbox 1332 4625 1469 4673; x_wconf 85' lang='lat' dir='ltr'><strong>summa</strong></span> <span class='ocrx_word' id='word_1_422' title='bbox 1491 4617 1553 4675; x_wconf 83' lang='lat' dir='ltr'><strong>tua</strong></span> <span class='ocrx_word' id='word_1_423' title='bbox 1584 4598 1803 4680; x_wconf 78' lang='lat' dir='ltr'><strong>htlmanitate</strong></span> <span class='ocrx_word' id='word_1_424' title='bbox 1833 4615 1940 4683; x_wconf 85' lang='lat' dir='ltr'><strong>velim</strong></span> <span class='ocrx_word' id='word_1_425' title='bbox 1966 4631 2000 4688; x_wconf 89' lang='lat' dir='ltr'><strong>te</strong></span> <span class='ocrx_word' id='word_1_426' title='bbox 2028 4620 2114 4689; x_wconf 92' lang='lat' dir='ltr'><strong>boni</strong></span> 
     </span>
     <span class='ocr_line' id='line_1_59' title="bbox 97 4672 2112 4827; baseline 0.007 -52"><span class='ocrx_word' id='word_1_427' title='bbox 97 4730 180 4776; x_wconf 89' lang='lat' dir='ltr'><strong>men</strong></span> <span class='ocrx_word' id='word_1_428' title='bbox 205 4707 305 4799; x_wconf 87' lang='lat' dir='ltr'><strong>prius</strong></span> <span class='ocrx_word' id='word_1_429' title='bbox 334 4706 542 4774; x_wconf 83' lang='lat' dir='ltr'><strong>excolendae</strong></span> <span class='ocrx_word' id='word_1_430' title='bbox 564 4720 648 4775; x_wconf 83' lang='lat' dir='ltr'><strong>sunt</strong></span> <span class='ocrx_word' id='word_1_431' title='bbox 671 4705 831 4773; x_wconf 89' lang='lat' dir='ltr'><strong>doctrina</strong></span> <span class='ocrx_word' id='word_1_432' title='bbox 854 4698 1011 4790; x_wconf 83' lang='lat' dir='ltr'><strong>mentes,</strong></span> <span class='ocrx_word' id='word_1_433' title='bbox 1042 4720 1083 4780; x_wconf 92' lang='lat' dir='ltr'><strong>ut</strong></span> <span class='ocrx_word' id='word_1_434' title='bbox 1106 4672 1112 4827; x_wconf 63' lang='grc' dir='ltr'>Ι</span> <span class='ocrx_word' id='word_1_435' title='bbox 1134 4706 1328 4778; x_wconf 89' lang='lat' dir='ltr'><strong>consulere.</strong></span> <span class='ocrx_word' id='word_1_436' title='bbox 1378 4699 1455 4793; x_wconf 81' lang='lat' dir='ltr'><strong>Ego</strong></span> <span class='ocrx_word' id='word_1_437' title='bbox 1474 4706 1568 4776; x_wconf 89' lang='lat' dir='ltr'><strong>enim</strong></span> <span class='ocrx_word' id='word_1_438' title='bbox 1585 4719 1620 4779; x_wconf 86' lang='lat' dir='ltr'><strong>te</strong></span> <span class='ocrx_word' id='word_1_439' title='bbox 1634 4713 1851 4801; x_wconf 75' lang='lat' dir='ltr'><strong>semper-feci</strong></span> <span class='ocrx_word' id='word_1_440' title='bbox 1865 4716 2022 4806; x_wconf 88' lang='lat' dir='ltr'><strong>plurimi,</strong></span> <span class='ocrx_word' id='word_1_441' title='bbox 2040 4746 2112 4792; x_wconf 90' lang='lat' dir='ltr'><strong>noo</strong></span> 
     </span>
     <span class='ocr_line' id='line_1_60' title="bbox 95 4806 2111 4909; baseline 0.008 -32"><span class='ocrx_word' id='word_1_442' title='bbox 95 4808 219 4884; x_wconf 88' lang='lat' dir='ltr'><strong>Deum</strong></span> <span class='ocrx_word' id='word_1_443' title='bbox 237 4821 329 4878; x_wconf 89' lang='lat' dir='ltr'><strong>recte</strong></span> <span class='ocrx_word' id='word_1_444' title='bbox 343 4809 509 4876; x_wconf 86' lang='lat' dir='ltr'><strong>invocare</strong></span> <span class='ocrx_word' id='word_1_445' title='bbox 524 4822 560 4878; x_wconf 90' lang='lat' dir='ltr'><strong>et</strong></span> <span class='ocrx_word' id='word_1_446' title='bbox 574 4808 612 4876; x_wconf 93' lang='lat' dir='ltr'><strong>in</strong></span> <span class='ocrx_word' id='word_1_447' title='bbox 630 4806 1005 4899; x_wconf 80' lang='lat' dir='ltr'><strong>consiliisprincipum</strong></span> <span class='ocrx_word' id='word_1_448' title='bbox 1025 4832 1082 4878; x_wconf 86' lang='lat' dir='ltr'><strong>re-</strong></span> <span class='ocrx_word' id='word_1_449' title='bbox 1103 4836 1109 4909; x_wconf 62' lang='lat'>4</span> <span class='ocrx_word' id='word_1_450' title='bbox 1132 4808 1248 4877; x_wconf 92' lang='lat' dir='ltr'><strong>solum</strong></span> <span class='ocrx_word' id='word_1_451' title='bbox 1265 4807 1361 4899; x_wconf 88' lang='lat' dir='ltr'><strong>quod</strong></span> <span class='ocrx_word' id='word_1_452' title='bbox 1378 4806 1440 4875; x_wconf 87' lang='lat' dir='ltr'><strong>tali</strong></span> <span class='ocrx_word' id='word_1_453' title='bbox 1456 4822 1561 4879; x_wconf 89' lang='lat' dir='ltr'><strong>natus</strong></span> <span class='ocrx_word' id='word_1_454' title='bbox 1574 4810 1653 4879; x_wconf 91' lang='lat' dir='ltr'><strong>loco</strong></span> <span class='ocrx_word' id='word_1_455' title='bbox 1668 4810 1717 4881; x_wconf 91' lang='lat' dir='ltr'><strong>ita</strong></span> <span class='ocrx_word' id='word_1_456' title='bbox 1733 4811 1930 4889; x_wconf 82' lang='lat' dir='ltr'><strong>induxisses</strong></span> <span class='ocrx_word' id='word_1_457' title='bbox 1952 4822 2111 4892; x_wconf 86' lang='lat' dir='ltr'><strong>animum</strong></span> 
     </span>
     <span class='ocr_line' id='line_1_61' title="bbox 96 4906 2204 5010; baseline 0.007 -30"><span class='ocrx_word' id='word_1_458' title='bbox 96 4924 153 4981; x_wconf 87' lang='lat' dir='ltr'><strong>cte</strong></span> <span class='ocrx_word' id='word_1_459' title='bbox 168 4908 323 4980; x_wconf 86' lang='lat' dir='ltr'><strong>iudicare</strong></span> <span class='ocrx_word' id='word_1_460' title='bbox 336 4909 487 5000; x_wconf 90' lang='lat' dir='ltr'><strong>possint.</strong></span> <span class='ocrx_word' id='word_1_461' title='bbox 539 4906 591 4978; x_wconf 89' lang='lat' dir='ltr'><strong>lta</strong></span> <span class='ocrx_word' id='word_1_462' title='bbox 607 4930 732 4978; x_wconf 85' lang='lat' dir='ltr'><strong>omnes</strong></span> <span class='ocrx_word' id='word_1_463' title='bbox 744 4908 864 4999; x_wconf 86' lang='lat' dir='ltr'><strong>magni</strong></span> <span class='ocrx_word' id='word_1_464' title='bbox 877 4908 946 4977; x_wconf 82' lang='lat' dir='ltr'><strong>viri</strong></span> <span class='ocrx_word' id='word_1_465' title='bbox 963 4923 996 4978; x_wconf 86' lang='lat' dir='ltr'><strong>et</strong></span> <span class='ocrx_word' id='word_1_466' title='bbox 1017 4911 1080 5003; x_wconf 89' lang='lat' dir='ltr'><strong>qui</strong></span> <span class='ocrx_word' id='word_1_467' title='bbox 1133 4907 1314 4976; x_wconf 91' lang='lat' dir='ltr'><strong>literarum</strong></span> <span class='ocrx_word' id='word_1_468' title='bbox 1338 4907 1541 4996; x_wconf 86' lang='lat' dir='ltr'><strong>cognitione</strong></span> <span class='ocrx_word' id='word_1_469' title='bbox 1566 4933 1693 4979; x_wconf 90' lang='lat' dir='ltr'><strong>ornare</strong></span> <span class='ocrx_word' id='word_1_470' title='bbox 1718 4917 1856 5003; x_wconf 86' lang='lat' dir='ltr'><strong>generis</strong></span> <span class='ocrx_word' id='word_1_471' title='bbox 1879 4922 2112 5010; x_wconf 87' lang='lat' dir='ltr'><strong>nobilitatem,</strong></span> <span class='ocrx_word' id='word_1_472' title='bbox 2199 4999 2204 5010; x_wconf 31' lang='lat'><strong>¹</strong></span> 
     </span>
     <span class='ocr_line' id='line_1_62' title="bbox 93 5009 2112 5108; baseline 0.005 -27"><span class='ocrx_word' id='word_1_473' title='bbox 93 5012 342 5083; x_wconf 83' lang='lat' dir='ltr'><strong>lueruotolim</strong></span> <span class='ocrx_word' id='word_1_474' title='bbox 359 5010 474 5106; x_wconf 87' lang='lat' dir='ltr'><strong>etqui</strong></span> <span class='ocrx_word' id='word_1_475' title='bbox 491 5032 588 5080; x_wconf 86' lang='lat' dir='ltr'><strong>nune</strong></span> <span class='ocrx_word' id='word_1_476' title='bbox 604 5023 688 5081; x_wconf 87' lang='lat' dir='ltr'><strong>sunt</strong></span> <span class='ocrx_word' id='word_1_477' title='bbox 707 5012 747 5079; x_wconf 87' lang='lat' dir='ltr'><strong>in</strong></span> <span class='ocrx_word' id='word_1_478' title='bbox 763 5009 925 5106; x_wconf 90' lang='lat' dir='ltr'><strong>imperiis</strong></span> <span class='ocrx_word' id='word_1_479' title='bbox 949 5010 1080 5081; x_wconf 85' lang='lat' dir='ltr'><strong>virtute</strong></span> <span class='ocrx_word' id='word_1_480' title='bbox 1131 5010 1297 5101; x_wconf 86' lang='lat' dir='ltr'><strong>quodque</strong></span> <span class='ocrx_word' id='word_1_481' title='bbox 1321 5033 1413 5091; x_wconf 91' lang='lat' dir='ltr'><strong>non,</strong></span> <span class='ocrx_word' id='word_1_482' title='bbox 1445 5022 1485 5079; x_wconf 88' lang='lat' dir='ltr'><strong>ut</strong></span> <span class='ocrx_word' id='word_1_483' title='bbox 1506 5010 1683 5081; x_wconf 89' lang='lat' dir='ltr'><strong>ambitiosi</strong></span> <span class='ocrx_word' id='word_1_484' title='bbox 1706 5016 1849 5108; x_wconf 88' lang='lat' dir='ltr'><strong>quidam</strong></span> <span class='ocrx_word' id='word_1_485' title='bbox 1870 5023 2003 5106; x_wconf 82' lang='lat' dir='ltr'><strong>solent,</strong></span> <span class='ocrx_word' id='word_1_486' title='bbox 2035 5048 2112 5091; x_wconf 89' lang='lat' dir='ltr'><strong>am·</strong></span> 
     </span>
     <span class='ocr_line' id='line_1_63' title="bbox 91 5108 2108 5213; baseline 0.008 -38"><span class='ocrx_word' id='word_1_487' title='bbox 91 5114 288 5200; x_wconf 70' lang='lat' dir='ltr'><strong>excellunt,</strong></span> <span class='ocrx_word' id='word_1_488' title='bbox 319 5111 419 5204; x_wconf 89' lang='lat' dir='ltr'><strong>prius</strong></span> <span class='ocrx_word' id='word_1_489' title='bbox 442 5111 562 5183; x_wconf 89' lang='lat' dir='ltr'><strong>literas</strong></span> <span class='ocrx_word' id='word_1_490' title='bbox 582 5110 807 5194; x_wconf 83' lang='lat' dir='ltr'><strong>didicerunt,</strong></span> <span class='ocrx_word' id='word_1_491' title='bbox 835 5125 955 5202; x_wconf 86' lang='lat' dir='ltr'><strong>postea</strong></span> <span class='ocrx_word' id='word_1_492' title='bbox 977 5113 1017 5180; x_wconf 90' lang='lat' dir='ltr'><strong>in</strong></span> <span class='ocrx_word' id='word_1_493' title='bbox 1039 5135 1078 5181; x_wconf 83' lang='lat' dir='ltr'><strong>re</strong></span> <span class='ocrx_word' id='word_1_494' title='bbox 1131 5111 1252 5201; x_wconf 82' lang='lat' dir='ltr'><strong>plexus</strong></span> <span class='ocrx_word' id='word_1_495' title='bbox 1268 5131 1357 5177; x_wconf 89' lang='lat' dir='ltr'><strong>esses</strong></span> <span class='ocrx_word' id='word_1_496' title='bbox 1373 5108 1575 5180; x_wconf 90' lang='lat' dir='ltr'><strong>barbaricas</strong></span> <span class='ocrx_word' id='word_1_497' title='bbox 1589 5114 1707 5185; x_wconf 88' lang='lat' dir='ltr'><strong>nescio</strong></span> <span class='ocrx_word' id='word_1_498' title='bbox 1724 5142 1811 5211; x_wconf 83' lang='lat' dir='ltr'><strong>quas</strong></span> <span class='ocrx_word' id='word_1_499' title='bbox 1824 5136 1927 5202; x_wconf 87' lang='lat' dir='ltr'><strong>artes,</strong></span> <span class='ocrx_word' id='word_1_500' title='bbox 1954 5127 2012 5192; x_wconf 86' lang='lat' dir='ltr'><strong>sed</strong></span> <span class='ocrx_word' id='word_1_501' title='bbox 2029 5148 2108 5213; x_wconf 82' lang='lat' dir='ltr'><strong>ger-</strong></span> 
     </span>
     <span class='ocr_line' id='line_1_64' title="bbox 88 5203 2108 5320; baseline 0.005 -36"><span class='ocrx_word' id='word_1_502' title='bbox 88 5216 288 5288; x_wconf 80' lang='lat' dir='ltr'><strong>militari&#39;se</strong></span> <span class='ocrx_word' id='word_1_503' title='bbox 304 5228 544 5287; x_wconf 84' lang='lat' dir='ltr'><strong>exercuerunt.</strong></span> <span class='ocrx_word' id='word_1_504' title='bbox 595 5206 813 5282; x_wconf 76' lang='lat' dir='ltr'><strong>Alexander</strong></span> <span class='ocrx_word' id='word_1_505' title='bbox 833 5214 988 5303; x_wconf 89' lang='lat' dir='ltr'><strong>primum</strong></span> <span class='ocrx_word' id='word_1_506' title='bbox 1010 5213 1078 5284; x_wconf 85' lang='lat' dir='ltr'><strong>luit</strong></span> <span class='ocrx_word' id='word_1_507' title='bbox 1129 5232 1252 5279; x_wconf 86' lang='lat' dir='ltr'><strong>manac</strong></span> <span class='ocrx_word' id='word_1_508' title='bbox 1275 5223 1309 5279; x_wconf 87' lang='lat' dir='ltr'><strong>te</strong></span> <span class='ocrx_word' id='word_1_509' title='bbox 1332 5203 1577 5302; x_wconf 85' lang='lat' dir='ltr'><strong>philosophiae</strong></span> <span class='ocrx_word' id='word_1_510' title='bbox 1603 5216 1775 5305; x_wconf 84' lang='lat' dir='ltr'><strong>dedisses3</strong></span> <span class='ocrx_word' id='word_1_511' title='bbox 1799 5224 1860 5292; x_wconf 85' lang='lat' dir='ltr'><strong>sed</strong></span> <span class='ocrx_word' id='word_1_512' title='bbox 1883 5224 1987 5292; x_wconf 90' lang='lat' dir='ltr'><strong>etiam</strong></span> <span class='ocrx_word' id='word_1_513' title='bbox 2011 5228 2108 5320; x_wconf 88' lang='lat' dir='ltr'><strong>quod</strong></span> 
     </span>
     <span class='ocr_line' id='line_1_65' title="bbox 87 5307 2108 5407; baseline 0.003 -18"><span class='ocrx_word' id='word_1_514' title='bbox 87 5317 293 5390; x_wconf 79' lang='lat' dir='ltr'><strong>Aristotelis</strong></span> <span class='ocrx_word' id='word_1_515' title='bbox 314 5315 478 5400; x_wconf 88' lang='lat' dir='ltr'><strong>auditor,</strong></span> <span class='ocrx_word' id='word_1_516' title='bbox 510 5328 546 5386; x_wconf 86' lang='lat' dir='ltr'><strong>at</strong></span> <span class='ocrx_word' id='word_1_517' title='bbox 562 5339 635 5385; x_wconf 90' lang='lat' dir='ltr'><strong>non</strong></span> <span class='ocrx_word' id='word_1_518' title='bbox 664 5329 780 5385; x_wconf 89' lang='lat' dir='ltr'><strong>tamen</strong></span> <span class='ocrx_word' id='word_1_519' title='bbox 802 5313 934 5406; x_wconf 89' lang='lat' dir='ltr'><strong>primas</strong></span> <span class='ocrx_word' id='word_1_520' title='bbox 955 5315 1077 5387; x_wconf 86' lang='lat' dir='ltr'><strong>literas</strong></span> <span class='ocrx_word' id='word_1_521' title='bbox 1126 5314 1171 5382; x_wconf 90' lang='lat' dir='ltr'><strong>ad</strong></span> <span class='ocrx_word' id='word_1_522' title='bbox 1189 5307 1252 5381; x_wconf 93' lang='lat' dir='ltr'><strong>has</strong></span> <span class='ocrx_word' id='word_1_523' title='bbox 1266 5311 1387 5380; x_wconf 89' lang='lat' dir='ltr'><strong>laudes</strong></span> <span class='ocrx_word' id='word_1_524' title='bbox 1402 5311 1567 5404; x_wconf 82' lang='lat' dir='ltr'><strong>adiungis</strong></span> <span class='ocrx_word' id='word_1_525' title='bbox 1582 5317 1793 5407; x_wconf 88' lang='lat' dir='ltr'><strong>singularem</strong></span> <span class='ocrx_word' id='word_1_526' title='bbox 1811 5323 2018 5395; x_wconf 84' lang='lat' dir='ltr'><strong>suavitatem</strong></span> <span class='ocrx_word' id='word_1_527' title='bbox 2030 5351 2108 5398; x_wconf 86' lang='lat' dir='ltr'><strong>mo-</strong></span> 
     </span>
     <span class='ocr_line' id='line_1_66' title="bbox 86 5408 2109 5522; baseline 0.006 -31"><span class='ocrx_word' id='word_1_528' title='bbox 86 5423 150 5491; x_wconf 86' lang='lat' dir='ltr'><strong>sed</strong></span> <span class='ocrx_word' id='word_1_529' title='bbox 173 5420 374 5492; x_wconf 88' lang='lat' dir='ltr'><strong>universam</strong></span> <span class='ocrx_word' id='word_1_530' title='bbox 400 5410 663 5522; x_wconf 79' lang='lat' dir='ltr'><strong>pbilosppbiam</strong></span> <span class='ocrx_word' id='word_1_531' title='bbox 697 5430 731 5487; x_wconf 87' lang='lat' dir='ltr'><strong>et</strong></span> <span class='ocrx_word' id='word_1_532' title='bbox 761 5417 934 5489; x_wconf 85' lang='lat' dir='ltr'><strong>medicam</strong></span> <span class='ocrx_word' id='word_1_533' title='bbox 964 5433 1076 5490; x_wconf 87' lang='lat' dir='ltr'><strong>artem</strong></span> <span class='ocrx_word' id='word_1_534' title='bbox 1125 5425 1328 5509; x_wconf 81' lang='lat' dir='ltr'><strong>sumatque</strong></span> <span class='ocrx_word' id='word_1_535' title='bbox 1347 5408 1622 5500; x_wconf 86' lang='lat' dir='ltr'><strong>humanitatem,</strong></span> <span class='ocrx_word' id='word_1_536' title='bbox 1646 5421 1747 5490; x_wconf 86' lang='lat' dir='ltr'><strong>cuius</strong></span> <span class='ocrx_word' id='word_1_537' title='bbox 1764 5422 1938 5514; x_wconf 83' lang='lat' dir='ltr'><strong>specimen</strong></span> <span class='ocrx_word' id='word_1_538' title='bbox 1953 5431 2109 5519; x_wconf 84' lang='lat' dir='ltr'><strong>praecla-</strong></span> 
     </span>
    </p>
   </div>
   <div class='ocr_carea' id='block_1_23' title="bbox 1048 5538 1053 5565">
    <p class='ocr_par' dir='ltr' id='par_1_24' title="bbox 1048 5538 1053 5565">
     <span class='ocr_line' id='line_1_67' title="bbox 1048 5538 1053 5565; baseline 0 0"><span class='ocrx_word' id='word_1_539' title='bbox 1048 5538 1053 5565; x_wconf 86' lang='lat' dir='ltr'><strong>l</strong></span> 
     </span>
    </p>
   </div>
   <div class='ocr_carea' id='block_1_24' title="bbox 104 3705 660 3971">
    <p class='ocr_par' dir='ltr' id='par_1_25' title="bbox 104 3705 660 3971">
     <span class='ocr_line' id='line_1_68' title="bbox 104 3705 304 3835; baseline -0.015 -52"><span class='ocrx_word' id='word_1_540' title='bbox 104 3705 304 3835; x_wconf 59' lang='lat' dir='ltr'><strong>Q.</strong></span> 
     </span>
     <span class='ocr_line' id='line_1_69' title="bbox 520 3881 660 3971; baseline 0.007 -1"><span class='ocrx_word' id='word_1_541' title='bbox 520 3882 577 3970; x_wconf 90' lang='grc' dir='ltr'><strong>Ν.</strong></span> <span class='ocrx_word' id='word_1_542' title='bbox 606 3881 660 3971; x_wconf 89' lang='grc' dir='ltr'><strong>Ν.</strong></span> 
     </span>
    </p>
   </div>
   <div class='ocr_carea' id='block_1_25' title="bbox 71 4055 755 4133">
    <p class='ocr_par' dir='ltr' id='par_1_26' title="bbox 71 4055 755 4133">
     <span class='ocr_line' id='line_1_70' title="bbox 71 4055 755 4133; baseline 0.006 -20"><span class='ocrx_word' id='word_1_543' title='bbox 71 4083 74 4088; x_wconf 93' lang='grc'><em>·</em></span> <span class='ocrx_word' id='word_1_544' title='bbox 170 4059 195 4131; x_wconf 73' lang='lat' dir='ltr'><strong>&#39;f</strong></span> <span class='ocrx_word' id='word_1_545' title='bbox 212 4056 250 4113; x_wconf 69' lang='lat' dir='ltr'><strong>tt:</strong></span> <span class='ocrx_word' id='word_1_546' title='bbox 262 4055 371 4117; x_wconf 76' lang='lat' dir='ltr'><strong>cottect.</strong></span> <span class='ocrx_word' id='word_1_547' title='bbox 383 4057 513 4119; x_wconf 68' lang='lat' dir='ltr'><strong>bellent.</strong></span> <span class='ocrx_word' id='word_1_548' title='bbox 532 4058 596 4116; x_wconf 84' lang='lat' dir='ltr'><strong>Vol.</strong></span> <span class='ocrx_word' id='word_1_549' title='bbox 611 4063 636 4116; x_wconf 83' lang='lat' dir='ltr'><strong>t.</strong></span> <span class='ocrx_word' id='word_1_550' title='bbox 655 4075 682 4133; x_wconf 86' lang='lat' dir='ltr'><strong>p.</strong></span> <span class='ocrx_word' id='word_1_551' title='bbox 696 4057 755 4117; x_wconf 72' lang='lat' dir='ltr'><strong>tes.</strong></span> 
     </span>
    </p>
   </div>
   <div class='ocr_carea' id='block_1_26' title="bbox 345 4207 842 4314">
    <p class='ocr_par' dir='ltr' id='par_1_27' title="bbox 345 4207 842 4314">
     <span class='ocr_line' id='line_1_71' title="bbox 345 4207 842 4314; baseline -0.008 -26"><span class='ocrx_word' id='word_1_552' title='bbox 345 4207 502 4314; x_wconf 83' lang='lat' dir='ltr'><strong>(Nobili</strong></span> <span class='ocrx_word' id='word_1_553' title='bbox 519 4212 667 4287; x_wconf 82' lang='lat' dir='ltr'><strong>cuidam</strong></span> <span class='ocrx_word' id='word_1_554' title='bbox 692 4213 842 4313; x_wconf 77' lang='lat' dir='ltr'><strong>iuveni.)</strong></span> 
     </span>
    </p>
   </div>
   <div class='ocr_carea' id='block_1_27' title="bbox 117 4312 890 4443">
    <p class='ocr_par' dir='ltr' id='par_1_28' title="bbox 117 4312 890 4443">
     <span class='ocr_line' id='line_1_72' title="bbox 117 4312 890 4443; baseline -0.009 -17"><span class='ocrx_word' id='word_1_555' title='bbox 117 4312 120 4319; x_wconf 21' lang='grc' dir='ltr'>Ι</span> <span class='ocrx_word' id='word_1_556' title='bbox 187 4360 191 4367; x_wconf 76' lang='grc'><strong>“</strong></span> <span class='ocrx_word' id='word_1_557' title='bbox 298 4358 529 4442; x_wconf 83' lang='lat' dir='ltr'><strong>(Fragmentum</strong></span> <span class='ocrx_word' id='word_1_558' title='bbox 554 4363 699 4443; x_wconf 84' lang='lat' dir='ltr'><strong>epistolae</strong></span> <span class='ocrx_word' id='word_1_559' title='bbox 725 4355 890 4440; x_wconf 76' lang='lat' dir='ltr'><strong>tttetmth.)</strong></span> 
     </span>
    </p>
   </div>
   <div class='ocr_carea' id='block_1_28' title="bbox 0 0 2378 6022">
    <p class='ocr_par' dir='ltr' id='par_1_29' title="bbox 0 0 2378 6022">
     <span class='ocr_line' id='line_1_73' title="bbox 0 0 2378 6022; baseline 0 17"><span class='ocrx_word' id='word_1_560' title='bbox 0 0 2378 6022; x_wconf 95' lang='lat' dir='ltr'><strong> </strong></span> 
     </span>
    </p>
   </div>
  </div>
 </body>
</html>
