4748 6022
238 250 313 331 aas
1028 196 1478 324 snrrnnunnra
2197 252 2273 333 au

238 447 381 526 quoque
402 418 569 493 Palicano
593 429 630 489 et
651 410 845 489 Theodoro
869 415 1127 491 desiderantur.
1174 413 1231 488 De
1281 415 1413 512 ginali,
1447 416 1509 489 sed
1531 414 1730 489 defensioni
1748 416 1799 491 sic
1823 418 2038 514 temperavi,
2067 434 2110 497 ut
2129 422 2276 499 interim

239 523 465 619 curamentis
495 522 640 593 videtur
668 520 772 591 vobis
805 542 924 591 orasse
955 519 1117 592 errarei'
1146 512 1231 604 Sed,
1280 521 1463 592 neminem
1484 542 1667 591 servorum
1683 518 1833 593 Domini
1853 522 2065 611 deiecerim,
2088 525 2174 598 dum
2190 525 2275 630 [ue-

238 628 382 707 Christo
399 624 535 710 iudice,
561 622 776 715 cognoscetis
791 615 889 693 hunc
904 621 1021 692 virum
1040 620 1079 690 in
1096 614 1153 691 his
1166 620 1231 691 ad·
1281 616 1407 721 dumi]
1427 622 1516 692 falso
1538 621 1688 693 crimine
1708 623 1934 717 impetierim.
1996 624 2077 698 Hoc
2100 640 2192 700 certe
2215 652 2275 703 so-

240 729 399 807 serendis
414 723 508 796 nihil
520 726 620 797 aliud
633 737 809 818 spectare,
840 748 947 818 quam
963 736 1005 794 ut
1029 723 1176 793 verbum
1195 734 1232 793 et
1282 726 1379 809 lum,
1403 720 1531 817 optimi
1544 724 1689 813 iratres,
1712 748 1780 798 uus
1794 720 1854 799 hic
1867 725 1907 797 in
1920 730 2155 821 perniciosam
2171 730 2277 805 istam

240 830 429 933 promissio
458 824 595 900 Christi
621 850 685 898 suo
707 828 786 898 loco
817 821 1000 897 habeatur.
1062 822 1233 895 Fructum
1283 848 1438 920 pugnam
1472 828 1784 899 sacramentariam
1812 830 2010 923 protraxit,
2054 832 2152 927 quod
2184 832 2279 905 ferre

240 958 387 1013 omnem
409 942 709 1003 sacramentorum
729 927 795 1000 uni
816 924 1083 998 benevolentiae
1104 921 1174 996 Dei
1199 936 1235 995 et
1284 952 1359 998 non
1389 948 1590 1020 possemus,
1630 923 1951 1024 Oecolampadium
1975 945 2010 1005 et
2029 931 2280 1025 Zvingliuma

241 1039 328 1126 filii,
358 1059 429 1131 qua
443 1030 727 1125 benevolentiam
742 1028 845 1101 istam
861 1028 900 1097 in
915 1024 1059 1100 Christo
1076 1025 1234 1099 oblatam
1282 1024 1443 1102 Luthero
1466 1042 1501 1101 et
1521 1029 1601 1109 aliis
1620 1030 1833 1125 quibusdam
1856 1035 1998 1105 tractmi
2019 1048 2092 1105 tam
2108 1028 2280 1107 inhuma-

245 1140 459 1233 ercipimus,
495 1134 634 1208 tribuit.
698 1129 768 1202 lsta
801 1144 842 1202 ut
869 1132 1092 1202 ostenderem
1120 1126 1238 1214 vobis,
1285 1134 1390 1205 niter.
1446 1127 1522 1201 Nos
1543 1153 1681 1223 semper
1701 1132 1858 1204 vidimus
1879 1132 1918 1205 in
1931 1129 2083 1208 Lutheri
2103 1137 2280 1209 sententia

245 1242 497 1319 adscenderam
526 1237 571 1307 ad
600 1256 665 1306 vos
701 1228 786 1303 hinc
820 1231 988 1318 biennio,
1036 1229 1234 1303 obtuleram
1284 1236 1328 1304 de
1350 1227 1574 1303 Eucharistia
1598 1226 1695 1305 nihil
1714 1234 1843 1320 nutui,
1872 1238 1968 1331 qnod
1984 1259 2049 1330 per
2069 1260 2106 1308 se
2125 1237 2279 1332 impium

246 1345 437 1437 scriptum,
469 1337 603 1410 ambivi
617 1347 736 1431 postea
750 1347 978 1408 conventum.
1028 1330 1099 1405 Sed
1114 1328 1234 1402 omnia
1286 1336 1351 1420 sit,
1378 1334 1459 1404 ideo
1475 1333 1579 1405 initio
1595 1358 1615 1403 a
1630 1334 1860 1407 contentione
1873 1350 2015 1410 nostros
2031 1340 2282 1426 avocabamus,

245 1451 379 1519 frustra
391 1464 456 1513 vos
469 1440 627 1512 iudicare
636 1436 761 1518 vultis,
787 1458 928 1507 causam
938 1454 1148 1525 cognoscere
1160 1454 1237 1504 non
1287 1450 1320 1508 et
1335 1435 1453 1508 neutri
1475 1435 1629 1527 partium
1650 1437 1767 1527 palam
1783 1438 2100 1531 adstipulabamur.
2151 1438 2228 1512 lam
2249 1440 2283 1511 si

246 1549 374 1634 vultis3
407 1543 445 1615 id
466 1539 643 1614 Ecclesiae
662 1550 805 1610 nostrae
824 1536 864 1610 in
879 1535 1045 1627 Zvinglio
1068 1556 1237 1626 magnum
1287 1538 1403 1609 velitis
1419 1561 1481 1607 vos
1495 1538 1643 1621 frustra,
1676 1538 1748 1607 imo
1767 1564 1849 1611 cum
1871 1542 2027 1633 pernicie
2040 1538 2281 1627 Ecclesiamm

248 1654 420 1724 damnum
443 1645 552 1717 dedit.
613 1640 790 1714 Dominus
811 1650 932 1709 noster
953 1634 1051 1708 lesus
1072 1631 1238 1708 Christus
1287 1663 1442 1734 pengnam
1467 1638 1692 1725 resuscitare,
1724 1652 1761 1712 et
1782 1641 1818 1711 id
1841 1642 1940 1713 falsis
1962 1642 2173 1725 criminibus
2199 1666 2282 1714 cum

248 1762 403 1835 avertat,
435 1770 482 1819 ne
503 1761 538 1818 et
558 1743 597 1813 in
618 1741 720 1814 vobis
740 1743 812 1815 det.
862 1738 1003 1811 Sensim
1023 1739 1241 1808 infamamur
1288 1741 1490 1832 imperfecta
1522 1740 1743 1810 confessione
1774 1742 1934 1815 veritatis
1969 1746 2015 1815 de
2042 1746 2282 1830 sacramentis,

249 1876 336 1938 nos,
367 1851 430 1947 qui
451 1850 491 1917 in
512 1843 681 1918 Ecclesiis
707 1840 941 1934 Reipublicae
962 1838 1110 1934 Imperii
1131 1832 1240 1911 Chri·
1290 1867 1335 1913 ne
1351 1839 1518 1912 dubitetis
1533 1840 1627 1912 Deus
1642 1842 1756 1913 aderit
1770 1838 1948 1915 Ecclesiae
1965 1869 2067 1932 snae,
2098 1859 2141 1919 ut
2163 1847 2282 1942 quali-

251 1971 345 2029 stum
359 1950 622 2045 praedicamus,
655 1967 720 2015 ceu
740 1968 813 2015 non
830 1942 1038 2036 simpliciter
1060 1962 1242 2013 versemur
1289 1959 1485 2037 tercunque
1508 1955 1666 2034 coeptam
1691 1945 1917 2017 concordiam
1939 1947 1972 2017 ei
1994 1950 2135 2020 tueatur
2163 1963 2281 2020 etve-

253 2059 294 2128 in
305 2052 373 2127 hac
387 2074 510 2137 causa,
529 2048 765 2119 deliciamusa
784 2044 984 2137 praedicata
1000 2042 1166 2126 veritate,
1191 2039 1242 2112 si·
1290 2058 1382 2117 stros
1415 2056 1562 2115 conatus
1595 2045 1698 2115 vobis
1732 2046 1883 2118 maxime
1914 2048 2134 2141 perniciosos
2166 2049 2282 2123 faciet.

249 2178 331 2230 mus
344 2149 414 2225 hoc
431 2151 528 2247 quod
543 2162 645 2220 sonat
659 2171 726 2217 vox
751 2140 961 2233 nutriet,
1040 2166 1151 2214 onos
1173 2164 1242 2211 no-
1291 2145 1458 2218 Proxime
1491 2146 1684 2217 accessistis
1716 2148 1931 2219 confessioni
1961 2151 2120 2223 veritatis
2156 2152 2283 2244 plenae

250 2247 435 2331 mineLeo
449 2248 765 2340 nosterinsignivit
776 2245 932 2319 scribens
942 2247 985 2316 ad
1035 2239 1242 2315 m‘ls'elmum
1291 2238 1469 2332 Basileae,
1500 2247 1586 2316 dum
1603 2261 1720 2317 tamen
1736 2250 1861 2323 formis
1875 2249 2069 2343 scripturae
2082 2267 2200 2345 aperte
2217 2254 2283 2323 ad-

252 2386 278 2433 o
297 2353 385 2429 Zeu
396 2358 496 2450 pium
517 2352 663 2447 quidem
687 2348 895 2419 senniouem
914 2342 984 2449 [l],
1027 2349 1089 2418 sed
1112 2346 1175 2440 qui
1200 2367 1242 2415 eo
1294 2344 1364 2421 huc
1377 2348 1637 2434 contradicitis,
1659 2350 1873 2421 affirmantes
1888 2352 2092 2424 ministrum
2105 2349 2198 2423 nihil
2213 2352 2285 2422 nisi

252 2461 434 2559 pervenit,
470 2469 512 2527 ut
536 2454 609 2523 iam
638 2452 839 2522 ministerio
864 2464 987 2520 nostro
1009 2472 1084 2519 non
1111 2460 1244 2520 utatur.
1294 2450 1434 2541 signum
1459 2443 1645 2533 exhibere,
1680 2474 1752 2545 quo
1776 2466 1879 2543 pacto
1908 2477 1984 2523 nou
2005 2467 2095 2526 esset
2124 2454 2285 2525 minister

243 2562 309 2639 ¹lt'a
329 2559 415 2633 haec
436 2554 673 2647 Respublica,
705 2576 794 2647 quae
812 2551 939 2621 mellus
961 2572 1100 2643 temper
1116 2547 1244 2618 meteri
1292 2547 1446 2632 Christi,
1478 2571 1553 2618 non
1569 2549 1665 2620 enim
1677 2551 1940 2625 administraret
1954 2555 2162 2652 mysterium
2176 2550 2285 2629 Chri-

255 2669 300 2739 de
315 2662 441 2734 vestris
456 2656 570 2728 voluit
585 2678 691 2749 quam
705 2651 812 2724 vestri
839 2652 1030 2723 voluerunt
1046 2650 1245 2733 admittere,
1294 2654 1340 2725 sti
1360 2665 1393 2723 et
1415 2652 1597 2743 spiritum,
1629 2652 1691 2722 sed
1713 2651 1852 2724 literam
1874 2656 1998 2727 modo:
2030 2670 2123 2729 certe
2143 2671 2284 2730 saucto-

257 2768 387 2863 passim
409 2788 429 2835 a
448 2759 550 2831 vobis
572 2756 801 2825 insimulatur
823 2754 863 2823 in
892 2753 1050 2848 periculo
1074 2774 1168 2834 esse,
1204 2762 1246 2821 ut
1295 2777 1376 2826 rum
1397 2752 1542 2824 calculis
1559 2776 1662 2822 causa
1683 2754 1817 2825 cadetis
1837 2770 1872 2828 et
1886 2778 2027 2848 gravem
2046 2758 2136 2829 iram
2149 2754 2286 2831 Christi

258 2871 409 2943 alterum
427 2856 682 2935 Monosterium
697 2857 839 2942 eradat,
871 2879 951 2927 cnm
966 2868 1085 2926 tamen
1101 2854 1147 2925 ab
1163 2865 1245 2923 ortu
1295 2858 1333 2925 in
1348 2878 1411 2925 vos
1423 2852 1672 2929 conciliabitis.
1691 2892 1698 2907 ·
1722 2855 1806 2926 Alia
1820 2869 1979 2950 tempora
1994 2874 2099 2945 sunt,
2131 2860 2296 2955 amplior'

258 2984 432 3045 sectarum
454 2968 639 3055 nunqnam
663 2959 782 3029 minus
799 2953 868 3027 ¹hic
896 2956 1035 3028 sectarii
1057 2955 1247 3026 valuerunt
1296 2959 1411 3029 crucis
1440 2950 1576 3028 Christi
1604 2954 1780 3046 cognitio,
1822 2956 2077 3033 debacchatum
2113 2962 2196 3032 satis
2221 2974 2287 3039 est.

261 3096 366 3171 quarn
385 3070 512 3151 modo,
543 3086 727 3154 nunquam
742 3060 880 3130 saevius
894 3059 933 3128 in
950 3058 1115 3129 sectarios
1129 3068 1246 3126 actum
1296 3062 1375 3131 lmo
1393 3050 1613 3153 Philippus,
1647 3070 1684 3129 et
1705 3082 1785 3129 cum
1807 3083 1849 3130 eo
1870 3057 1933 3129 alii
1947 3061 2095 3154 plurimi
2110 3065 2173 3135 toti
2190 3062 2229 3134 in
2244 3088 2287 3133 eo

259 3177 316 3249 sit.
369 3171 412 3243 ln
430 3166 485 3237 his
501 3165 584 3261 quia
597 3163 708 3234 multa
722 3186 813 3232 vana
829 3174 913 3231 sunt
929 3175 963 3232 et
979 3173 1117 3253 praeter
1130 3151 1248 3229 chari·
1297 3176 1398 3246 sunt,
1430 3172 1471 3228 ut
1485 3182 1679 3251 paucorum
1705 3160 1950 3252 intemperiem
1970 3152 2149 3252 avertant,
2179 3159 2288 3237 Chri·

259 3276 342 3349 tatis
373 3270 530 3363 regulam
564 3264 699 3359 agitur,
735 3264 864 3335 lmstra
898 3263 986 3333 boui
1016 3260 1251 3331 offenduntur
1297 3262 1452 3334 stomin
1474 3259 1576 3330 vobis
1598 3260 1789 3332 defendant
1809 3274 1845 3334 et
1870 3265 2107 3355 magnificent.
2156 3263 2206 3337 Et
2222 3288 2288 3336 vos

260 3378 376 3450 alieno
410 3387 567 3462 tempore
609 3389 676 3458 pax
717 3377 753 3438 et
787 3362 974 3436 concordia
1014 3372 1249 3456 respuuntur3
1297 3366 1348 3435 sic
1373 3362 1536 3455 propitiis
1565 3359 1658 3431 divis
1688 3364 1900 3434 revocabitis
1930 3366 2010 3437 orbi
2032 3368 2166 3438 bellum
2190 3368 2288 3437 istud

261 3500 387 3571 magna
407 3487 459 3544 est
476 3468 643 3541 securitas
664 3470 738 3537 non
755 3468 831 3537 suis
841 3467 976 3537 viribus
996 3465 1107 3550 fulta,
1138 3456 1249 3532 vehe-
1299 3457 1465 3537 exitiale?
1498 3460 1554 3533 Eo
1569 3474 1670 3553 pacto
1685 3487 1768 3554 crgo
1783 3465 2131 3558 sistetissanguinem
2145 3482 2289 3539 sancto-

261 3594 398 3653 menter
411 3595 555 3657 vetem,
580 3594 626 3638 ne
641 3568 727 3663 quid
742 3568 810 3661 ipsi
827 3567 928 3638 vobis
943 3568 1034 3638 detis
1051 3567 1249 3636 incommo·
1299 3592 1380 3639 rum
1394 3568 1434 3634 in
1450 3561 1595 3635 Gallia?
1625 3567 1877 3655 promovebitis
1891 3590 2030 3639 cursum
2045 3565 2231 3660 Evangelii
2249 3570 2289 3639 in
2323 3613 2326 3617 <

261 3684 311 3758 di.
350 3678 410 3750 Tu
425 3674 567 3755 scribis,
587 3666 778 3741 vobis'l'ore
793 3666 940 3761 posthac
954 3667 1124 3739 maiorem
1141 3665 1250 3737 ratio-
1300 3667 1429 3758 Anglia
1454 3681 1488 3738 et
1509 3666 1547 3734 iu
1569 3664 1712 3737 Scotia?
1755 3682 1790 3738 et
1810 3668 1889 3760 paci
1910 3669 2109 3743 inservietis
2133 3668 2289 3742 Germa·

262 3809 345 3857 nem
381 3793 414 3852 et
443 3771 691 3847 authoritatem
713 3774 889 3856 veritatis,
928 3771 1103 3841 minorem
1131 3763 1251 3838 homi·
1283 3770 1404 3851 niae?
1436 3765 1716 3858 Augustamodo
1732 3783 1767 3840 et
1784 3768 2041 3843 Francolurdia
2060 3768 2292 3844 bacnomine

261 3913 370 3969 num,
402 3895 438 3951 et
456 3880 504 3950 ita
521 3875 670 3945 inlurlffss
689 3868 912 3942 Lulhertssass
925 3871 1081 3954 laturos,
1107 3883 1147 3938 ul
1165 3869 1252 3937 tim-
1301 3875 1522 3943 deseruntur.
1573 3866 1775 3942 Accesserat
1790 3869 2025 3966 Regiuopolis
2048 3875 2087 3944 in
2110 3873 2214 3945 initio
2230 3900 2292 3946 ex-

263 3992 372 4083 plices
388 3980 579 4076 aliquando
593 3977 757 4058 videant,
789 3974 884 4067 quod
902 3972 1038 4042 nullius
1052 3965 1250 4041 Lutherum
1302 3976 1434 4046 tinctus
1460 3983 1607 4041 conatus
1633 3984 1702 4056 est,
1745 3974 1864 4066 quod,
1902 3977 2009 4046 nobis
2042 3976 2293 4062 concordibus,

263 4092 393 4181 pudeat
420 4078 607 4152 mendacii.
672 4070 721 4146 Ut
752 4072 874 4145 solius¹
890 4074 1050 4144 veritatis
1077 4073 1251 4143 rationem
1303 4099 1378 4145 non
1404 4072 1528 4144 suisset
1547 4073 1696 4158 factum3
1730 4076 1775 4143 ad
1792 4069 1877 4146 haec
1896 4079 1982 4149 dare
1997 4076 2216 4149 occasionem
2231 4078 2293 4148 in-

263 4186 422 4263 habeatis
436 4183 538 4249 valde
558 4182 723 4257 obsecro,
747 4191 782 4247 et
797 4171 944 4268 pro'hac
964 4175 1071 4246 etiam
1088 4169 1252 4244 homines
1304 4174 1527 4267 tempestivas
1557 4195 1692 4265 pugnas
1722 4190 1756 4248 et
1784 4176 2009 4249 imminutam
2037 4179 2293 4273 professionem

263 4286 402 4367 odisse?
451 4280 588 4352 Verum
609 4277 751 4349 interim
770 4274 952 4350 Christum
978 4278 1017 4346 in
1040 4277 1114 4347 suis
1129 4271 1252 4346 homi·
1303 4277 1478 4355 veritatis,
1510 4277 1590 4371 quis
1611 4300 1685 4343 non
1706 4280 1910 4349 execratur?
1959 4279 2000 4352 si
2023 4292 2140 4351 tamen
2161 4278 2296 4353 Helve-

264 4393 372 4466 nibus
386 4382 586 4480 agnoscite,
608 4396 642 4450 et
658 4403 752 4466 non,
775 4382 861 4449 dnm
878 4380 986 4450 vultis
1001 4378 1116 4448 videri
1132 4388 1253 4469 patro-
1304 4382 1436 4453 tiorum
1449 4373 1614 4448 Christus
1631 4391 1698 4458 est,
1733 4381 1883 4470 pergite:
1918 4381 1993 4467 sin,
2024 4383 2193 4454 sustinete
2211 4383 2296 4452 imi·

264 4498 303 4568 ni
318 4509 390 4566 tam
405 4485 541 4561 strenui
558 4480 736 4566 veritatis,
768 4482 835 4571 ipsi
857 4482 944 4551 adeo
968 4492 1088 4549 contra
1112 4500 1253 4546 omnem
1304 4482 1372 4554 tari
1388 4479 1555 4563 Paulum,
1586 4492 1627 4549 ut
1643 4480 1706 4550 ubi
1729 4482 2000 4555 fundamentum
2015 4479 2178 4555 Christus
2195 4485 2297 4573 iacet,

263 4597 449 4668 veritatem
463 4586 621 4661 scribite:
646 4577 845 4654 Lutherum
857 4581 991 4652 nullius
1005 4581 1138 4673 pudere
1152 4602 1254 4648 men·
1305 4583 1355 4653 ibi
1371 4581 1456 4651 lerri
1479 4596 1515 4652 et
1535 4583 1628 4650 serre
1645 4583 1764 4652 omnia
1787 4609 1860 4654 non
1881 4586 2096 4676 gravemini,
2119 4611 2200 4679 vquo
2215 4570 2297 4679 per.

265 4699 369 4772 dacii.
419 4695 574 4766 Laborat
590 4687 650 4756 ille
666 4680 736 4755 hoc
750 4682 866 4763 malo,
895 4695 937 4751 ut
959 4705 1046 4775 quas
1062 4682 1254 4776 aliqnando
1305 4695 1372 4755 stet
1389 4696 1429 4753 -et
1452 4675 1669 4773 provehatur
1694 4687 1790 4775 quod
1818 4703 1979 4780 coeptum
2009 4703 2073 4762 est.
2129 4686 2226 4761 Haec
2249 4691 2297 4759 ad

265 4798 409 4875 admisit
430 4797 475 4866 de
499 4789 665 4880 Zvinglio
694 4788 799 4858 salsas
821 4782 1026 4877 opiniones,
1065 4806 1123 4852 eas
1148 4781 1255 4851 nimis
1306 4801 1385 4858 tuas
1399 4785 1544 4870 alteras,
1576 4783 1627 4852 mi
1649 4781 1865 4875 Bullingere.

267 4898 495 5002 pertinaciter
513 4893 648 4963 tribuat
670 4888 856 4971 omuibus,
889 4886 953 4979 qui
976 4881 1072 4956 hunc
1091 4885 1257 4954 videntur
1409 4885 1466 4957 Ad
1490 4898 1585 4966 tuas,
1621 4885 1670 4953 mi
1693 4881 1896 4961 charissime
1917 4882 2014 4972 Leo,
2045 4916 2126 4963 casm
2163 4896 2234 4966 iam
2255 4922 2299 4969 ex

158 5048 167 5063 .
265 5004 403 5081 sectari.
456 4995 504 5069 Ut
525 5017 588 5063 vos
611 4996 822 5086 itaquecum
840 4988 995 5079 Zvinglii
1014 5001 1255 5058 tumvestram
1308 4989 1434 5060 maiori
1448 5001 1545 5080 parte
1560 5012 1767 5078 responsum
1783 4992 1846 5078 sit,
1872 5009 2042 5085 quantum
2059 4998 2202 5089 quidem
2219 4999 2301 5069 lite·

267 5101 509 5183 innocentiam
529 5094 745 5178 defendatis,
775 5095 836 5164 sed
854 5116 895 5161 ex
910 5116 993 5160 vero
1012 5102 1045 5160 et
1057 5089 1143 5160 citra
1160 5114 1258 5158 com·
1309 5094 1358 5163 ris
1373 5090 1579 5183 responderi
1595 5105 1717 5184 queat,
1743 5088 1835 5177 ¹haec
1850 5096 1978 5186 accipe.
2029 5095 2207 5170 lantherus
2223 5127 2299 5171 non

267 5212 475 5283 munionem
500 5195 596 5275 vitii,
634 5196 739 5287 quod·
753 5195 985 5286 impugnatis,
1017 5216 1122 5262 nemo
1144 5194 1258 5263 bono·
1309 5195 1479 5264 alienavit
1491 5216 1577 5283 nos,
1611 5193 1668 5261 sed
1687 5218 1767 5263 cum
1783 5210 1997 5267 conventum
2013 5220 2117 5289 spero
2137 5214 2171 5271 et
2185 5202 2301 5273 literis

268 5339 348 5385 rusn
365 5298 592 5400 improbabit.
644 5293 721 5384 Ego
737 5298 811 5387 ipsc
836 5295 874 5362 in
898 5295 1157 5365 commentariis
1173 5292 1260 5362 meis
1311 5296 1414 5365 video
1446 5319 1572 5386 parum
1604 5294 1724 5385 perfici
1752 5310 1787 5364 ct
1814 5296 1977 5385 plurimis
1998 5293 2185 5393 occupatus
2208 5330 2303 5391 sum,

271 5411 508 5485 inRomanos
529 5398 736 5491 Zvinglium
755 5396 919 5481 delendi,
951 5397 996 5464 de
1017 5410 1158 5488 peccato
1186 5395 1261 5465 ori-
1312 5396 1465 5488 denique
1488 5398 1533 5465 ad
1558 5418 1701 5463 rnamum
1728 5397 1819 5465 nulli
1842 5398 1986 5471 filerunt
2002 5404 2198 5492 tabellarii,
2233 5408 2302 5479 leci
