4748 6022
236 256 318 334 183
610 254 866 337 SCRIPTA
894 255 972 332 AD
1006 250 1200 332 VITAM
1231 250 1308 330 ET
1335 250 1568 331 OBITUM
1597 247 1902 331 MEDAN'I'H.
2217 255 2292 330 184

237 398 427 505 ‘Eeclmae
456 425 624 521 precibus
656 441 691 500 et
723 428 879 501 utilitate
913 442 1031 516 moto,
1066 427 1178 502 vitam
1203 426 1244 498 in
1291 427 1396 501 ritate
1420 439 1455 498 et
1477 425 1609 498 virtute
1631 439 1849 521 praestantes
1871 424 1941 498 viri
1961 418 2145 500 αὐτόπται
2166 420 2329 515 testaris

251 545 351 608 tanta
374 529 533 622 corporis
553 529 748 620 gracilitate
773 543 809 601 et
826 530 953 600 calculi
966 530 1181 602 cruciatibus
1198 531 1245 601 ad
1294 540 1475 622 poterunt.
1526 526 1618 598 Tam
1634 530 1732 620 pium
1748 542 1783 600 et
1798 529 1979 620 placidum
1995 530 2127 600 exitum
2145 543 2181 601 et
2197 531 2292 601 libe·

251 647 388 706 tautam
410 645 585 702 senectam
609 644 830 723 prorogatam
851 631 977 716 fuisse,
1006 643 1047 702 ut
1067 632 1246 701 climacte-
1293 630 1467 701 rationem
1500 652 1543 698 ex
1575 643 1647 699 tam
1682 629 1861 700 laboriosa
1894 645 1930 704 et
1964 653 2176 702 aerumnosa
2214 632 2292 702 vita

255 737 368 807 ricum
385 757 522 804 nonum
539 749 731 826 superaret,
752 747 788 804 ct
802 728 985 804 inchoaret
1003 735 1125 804 aetatis
1139 724 1247 825 quar·
1294 752 1417 802 omncs
1437 730 1608 820 gratulari
1630 729 1699 822 ipsi
1723 733 1843 823 potins
1858 755 1966 826 quam
1981 733 2168 825 deplorare
2182 733 2294 802 debe·

256 852 332 909 tum
358 849 393 904 et
417 836 670 924 sexagesimum
687 859 840 919 annum,
865 835 961 926 ‹paod
979 833 1073 904 vitae
1088 833 1245 924 spacium
1295 856 1392 920 mus,
1419 845 1453 901 et
1478 855 1602 920 rogare
1625 832 1757 921 singuli
1773 833 1910 920 Deum,
1936 848 1978 905 nt
1999 858 2064 903 nos
2081 856 2226 927 quoqne
2241 834 2292 903 si-

255 936 460 1031 paucissimi
483 938 590 1006 etiam
613 960 740 1026 magno
764 935 923 1026 corporis
945 937 1074 1006 robore
1094 934 1247 1026 praediti
1294 933 1373 1002 mili
1389 934 1646 1027 tranquillitate
1667 934 1924 1016 conscientiae,
1948 933 2059 1004 simili
2081 934 2292 1019 constantia,

257 1039 448 1128 attingunt.
499 1036 640 1108 Deinde
662 1037 817 1106 vidimus
840 1058 983 1121 omnes,
1014 1061 1118 1129 qnam
1143 1058 1247 1104 aeru-
1295 1036 1378 1105 fidei
1403 1050 1438 1107 et
1458 1033 1724 1121 confessionis,¹
1746 1048 1781 1106 et
1806 1035 1917 1105 simili
1937 1038 2064 1106 ardore
2094 1032 2290 1108 invocatio-

256 1164 420 1210 mnosam
443 1137 551 1209 vitam
567 1141 674 1228 egerit
690 1140 729 1207 iu
746 1139 925 1230 perpetuis
941 1138 1142 1220 laboribus,
1166 1136 1248 1207 fati·
1296 1135 1354 1206 uis
1366 1160 1407 1206 ex
1423 1132 1493 1206 hoc
1505 1159 1643 1206 carcere
1658 1135 1819 1209 traducat
1835 1141 1880 1208 ad
1893 1150 2072 1209 aeternam
2088 1160 2189 1208 suam
2203 1161 2291 1209 con·

258 1240 479 1331 gatiouibns,
513 1240 795 1325 adflictionibus,
828 1238 1143 1328 exagitationibus,
1176 1237 1249 1308 cri·
1296 1237 1533 1311 suetudinem.

259 1342 531 1428 minationibus,
556 1342 695 1412 insidiis
710 1354 745 1411 et
759 1340 948 1426 morsibus,
972 1341 1104 1435 quihus
1119 1364 1138 1410 a
1152 1362 1250 1409 sum·
1399 1337 1566 1411 Attamen
1584 1332 1777 1411 Academia
1792 1353 1828 1412 et
1845 1334 2005 1411 Ecclesia
2019 1340 2142 1410 orbata
2158 1347 2210 1407 est
2224 1330 2292 1406 hoc

259 1446 347 1527 mis,
371 1442 515 1524 intimis,
541 1442 681 1527 exteris,
704 1440 892 1531 indigenis,
912 1437 1073 1513 hostibus
1087 1454 1122 1511 et
1142 1440 1248 1511 disci·
1298 1438 1394 1509 fideli
1408 1452 1444 1510 et
1457 1440 1603 1510 salutari
1619 1440 1880 1530 gubernatore?
1922 1436 1986 1514 Est
1998 1463 2082 1511 sane
2094 1433 2180 1509 haec
2194 1438 2292 1508 cala·

258 1546 354 1639 pulis
375 1545 451 1614 sine
474 1545 544 1612 fine
567 1558 601 1613 ct
622 1545 729 1613 morlo
753 1543 933 1633 impetitus
949 1558 984 1614 et
998 1544 1170 1612 laceratus
1185 1555 1249 1625 est,
1298 1542 1401 1612 mitns
1418 1540 1696 1631 inaestimabilis,
1721 1568 1829 1639 quarn
1845 1543 2012 1615 videntur
2026 1540 2138 1611 multa
2152 1538 2293 1608 incom-

259 1661 301 1718 nt
321 1648 447 1716 merito
473 1670 553 1715 cum
577 1638 922 1715 lacoboPatriarcha
943 1645 1059 1714 dicere
1080 1643 1249 1736 potnerit:
1299 1645 1403 1712 moda
1420 1656 1599 1727 secutura,
1620 1667 1727 1736 quam
1741 1645 1935 1739 aliquando
1951 1657 2070 1717 tamen
2082 1654 2290 1711 eventuram

239 1748 338 1833 ¹dies
366 1748 660 1838 peregrinationis
685 1747 778 1815 vitae
800 1769 899 1815 meae
922 1746 1067 1817 fuerunt
1089 1745 1190 1836 parvi
1215 1755 1252 1813 et
1299 1745 1456 1814 fortassis
1479 1758 1601 1814 nostra
1626 1746 1844 1837 ingratitudo
1866 1758 1901 1816 et
1921 1748 2053 1816 abnsns
2074 1737 2204 1814 horum
2222 1743 2290 1811 do-

261 1848 365 1932 mali3
393 1861 428 1919 et
451 1861 614 1918 mortuus
637 1849 700 1933 sit,
724 1859 765 1917 nt
785 1843 1066 1931 deAbmhamo,
1099 1845 1194 1915 lsaac
1216 1857 1251 1915 et
1300 1869 1430 1914 uorum
1453 1846 1628 1916 maturius
1650 1849 1803 1922 attraxit.
1855 1845 1925 1917 Sed
1949 1867 2178 1936 agnoscamus
2197 1838 2291 1912 hanc

262 1951 343 2020 aliis
365 1949 551 2029 scribitur,
578 1962 689 2020 aetate
714 1949 892 2019 confectus
908 1962 942 2019 et
959 1950 1086 2040 plenus
1099 1949 1251 2031 dierum,
1299 1961 1456 2016 nostram
1477 1969 1562 2016 sane
1584 1948 1839 2040 deplorandam
1861 1962 1896 2020 et
1910 1947 2137 2039 castigatione
2151 1944 2291 2033 dignis-

262 2074 325 2125 scu
346 2064 521 2121 saturatus
542 2050 666 2130 aunis,
689 2072 770 2119 cum
787 2071 889 2139 saepe
903 2050 1120 2119 audierimus
1135 2048 1250 2140 ipsum
1300 2049 1425 2118 simam
1459 2048 1769 2139 iugratitudinem,
1808 2063 1844 2121 et
1871 2049 2053 2119 fastidium
2080 2061 2116 2120 et
2139 2047 2292 2117 abusum

264 2172 346 2220 enm
370 2163 452 2220 aute
474 2145 569 2220 huuc
589 2151 753 2220 morbum
771 2162 844 2219 turn
860 2164 1018 2241 tempore
1034 2151 1150 2220 morbi
1165 2172 1252 2218 cou-
1300 2149 1536 2241 multiplicem
1574 2152 1752 2223 bonorum
1792 2151 2047 2242 praesentium,
2083 2162 2119 2220 ct
2146 2168 2292 2218 oremus

262 2263 469 2340 querentem
493 2252 538 2319 de
564 2250 694 2318 virium
718 2251 915 2320 defectione
938 2251 1070 2320 dicere:
1101 2274 1138 2320 se
1160 2250 1252 2318 velle
1302 2252 1440 2336 Deum,
1468 2266 1508 2322 ut
1524 2253 1664 2322 veniam
1682 2253 1812 2324 nostris
1827 2252 1965 2322 delictis
1981 2263 2123 2344 paterna
2140 2272 2202 2319 sua
2217 2248 2292 2317 cle-

261 2347 339 2422 Deo
363 2350 509 2420 obedire
533 2365 566 2420 et
590 2350 740 2436 servire,
762 2364 803 2421 ut
825 2367 923 2435 ante,
949 2354 979 2420 si
1004 2353 1034 2422 is
1054 2352 1142 2423 velit
1158 2352 1252 2421 vitae
1302 2356 1432 2421 mentia
1455 2353 1609 2438 tribnat,
1633 2367 1669 2426 ct
1690 2356 1787 2448 quod
1809 2366 1862 2425 est
1879 2352 2058 2447 reliquum
2075 2351 2164 2421 lucis
2177 2363 2212 2419 et
2224 2351 2292 2418 do·

263 2475 377 2523 annos
391 2453 510 2542 plnres
524 2452 694 2534 adiicere,
718 2452 773 2521 siu
790 2450 929 2536 miuus,
951 2455 1088 2523 seadco
1103 2478 1178 2522 nou
1195 2478 1250 2521 re-
1301 2455 1435 2522 ctriuae
1457 2453 1631 2525 divinitus
1654 2479 1717 2546 per
1741 2451 1826 2524 haec
1848 2454 2016 2525 salutaria
2040 2474 2172 2542 organa
2187 2449 2292 2519 nobis

145 2630 148 2643 ,
263 2555 459 2625 formidare
471 2566 640 2634 mortem,
664 2566 706 2622 ut
724 2578 799 2622 eam
814 2556 917 2629 etiarn
938 2557 1167 2647 expetendam
1183 2553 1250 2624 sibi
1302 2556 1493 2625 clementer
1517 2556 1688 2641 donatae,
1713 2567 1916 2625 reverenter
1937 2568 1973 2627 et
1993 2554 2086 2643 grati
2100 2553 2291 2644 amplecta-

264 2656 529 2748 optandumque
544 2655 640 2724 iuxta
659 2654 874 2726 voluntatem
889 2655 955 2727 Dei
971 2655 1153 2726 existimet.
1204 2652 1253 2725 Et
1302 2679 1402 2739 mur,
1428 2669 1462 2726 et
1486 2679 1696 2749 usurpemus
1718 2658 1765 2726 ad
1788 2656 2060 2727 celebrationem
2083 2655 2218 2744 gloriae
2232 2652 2292 2722 di·

265 2756 315 2826 ita
344 2756 455 2836 obiit,
487 2768 527 2826 ut
555 2756 705 2849 quisque
735 2757 802 2826 sibi
829 2758 1002 2826 maiorem
1026 2757 1250 2827 foelicitatem
1302 2758 1425 2842 vinae,
1452 2760 1552 2829 etad
1574 2759 1858 2830 emendationem
1880 2758 1975 2829 vitae
1996 2780 2037 2826 ac
2059 2778 2201 2826 morum
2223 2776 2292 2823 no·

265 2869 388 2948 optare
410 2880 484 2926 nou
508 2858 635 2948 possit,
668 2882 773 2950 qnam
796 2858 826 2927 si
851 2873 930 2951 post
950 2859 1166 2947 agnitionem
1183 2857 1252 2929 Dei
1302 2874 1474 2943 stromm,
1507 2872 1542 2930 et
1571 2882 1782 2929 veneremur
1809 2861 1970 2929 doctores
1997 2857 2222 2949 superstites,
2255 2870 2292 2929 et

265 2973 298 3030 et
320 2959 384 3027 lilii
406 2959 483 3027 eius
500 2958 639 3027 domiui
657 2958 772 3029 nostri
785 2957 863 3030 lesu
879 2955 1032 3047 Christi,
1058 2985 1138 3031 com
1151 2972 1252 3029 tran·
1301 2961 1446 3030 illorum
1466 2961 1631 3031 fidelibus
1650 2961 1796 3033 monitis
1810 2973 2012 3031 reverenter
2025 2982 2232 3051 pareamus,
2255 2969 2292 3027 ct

265 3059 377 3154 quilla
400 3060 614 3129 couscientia
639 3061 791 3150 migrare
812 3070 854 3130 ex
871 3056 938 3130 hac
954 3084 1162 3132 aerumnosa
1180 3062 1251 3130 vita
1302 3063 1536 3151 adiungamus
1548 3063 1820 3142 invocationem,
1841 3063 2008 3132 ardenter
2019 3072 2178 3153 petentes
2190 3081 2292 3129 aver-

265 3175 363 3232 tanta
386 3161 587 3251 placiditate
610 3175 727 3255 queat.
790 3161 881 3232 Nam
905 3177 939 3233 et
961 3163 1114 3254 seipsum
1136 3163 1251 3233 morbi
1302 3165 1437 3233 sionem
1462 3175 1498 3234 et
1520 3164 1778 3252 mitigationem
1799 3162 2082 3254 impendentium
2102 3160 2293 3246 malorum,

266 3277 425 3354 tempore
452 3275 487 3334 et
515 3286 581 3331 nos
607 3263 760 3333 visentes
781 3264 897 3353 ipsum
920 3288 960 3334 ac
984 3264 1118 3333 doloris
1138 3264 1252 3335 nostri
1302 3279 1337 3337 et
1357 3265 1660 3335 conservationem
1679 3261 1917 3335 Ecclesiarum
1939 3277 1975 3336 et
1996 3258 2226 3346 Schofarum,
2252 3259 2294 3331 iu

267 3365 366 3454 signa
381 3364 632 3449 ostendentes,¹
650 3365 761 3434 verbo
773 3363 841 3436 Dei
857 3377 891 3436 et
907 3366 1109 3436 ostensione
1123 3366 1252 3436 volun-
1302 3366 1432 3460 quibus
1453 3379 1556 3437 sonat
1575 3390 1646 3435 vox
1660 3360 1866 3456 Evangelii,
1900 3376 1935 3435 et
1957 3386 2021 3436 suo
2038 3364 2188 3458 quisque
2211 3362 2292 3433 loeo

264 3465 348 3536 tatis
370 3465 515 3534 divinae
536 3479 570 3538 et
592 3466 869 3555 promissionum
890 3466 1039 3537 mirifice
1052 3467 1253 3538 consolatus
1302 3466 1431 3560 partim
1447 3468 1599 3538 fideliter
1613 3480 1647 3539 et
1663 3468 1785 3541 dextre
1798 3470 1979 3553 docendo,
2001 3465 2133 3558 partim
2146 3475 2292 3536 strenua

266 3579 337 3647 est,
371 3581 406 3636 ct
424 3567 542 3657 palam
568 3568 755 3661 aliquoties
778 3571 955 3662 professus
984 3582 1053 3655 est,
1090 3569 1193 3640 nullo
1216 3592 1252 3639 se
1302 3569 1483 3650 discendo,
1510 3582 1546 3640 et
1560 3569 1753 3663 utrobique
1766 3582 1859 3640 recte
1874 3582 1910 3640 et
1926 3569 1985 3661 pie
1998 3567 2163 3652 vivendo,
2188 3586 2290 3635 suam

267 3668 460 3740 domestico
483 3681 545 3739 aut
578 3670 716 3760 privato
748 3672 872 3741 dolore
903 3670 1002 3760 angi,
1031 3673 1091 3740 sed
1115 3684 1252 3742 tantum
1302 3671 1540 3742 obedientiam
1561 3667 1638 3741 Deo
1669 3686 1836 3763 praestet,
1877 3682 1913 3741 et
1933 3680 2087 3762 expectet
2106 3665 2292 3750 auxilium,

265 3770 386 3839 animo
417 3770 565 3840 cruciari
589 3785 733 3862 propter
753 3766 845 3840 hanc
866 3773 1100 3842 insanabilem
1124 3775 1252 3843 distra-
1303 3773 1543 3843 defensionem
1570 3785 1604 3845 et
1627 3796 1750 3843 veram
1775 3771 2055 3843 consolationem
2076 3792 2097 3840 a
2120 3768 2196 3839 lilio
2220 3764 2290 3839 Dei

267 3872 420 3942 ctionem
440 3871 644 3942 docentium
662 3873 699 3940 in
716 3869 883 3942 Ecclesiis
900 3887 1013 3942 ortam
1029 3897 1070 3942 ex
1086 3873 1251 3944 odiorum
1303 3874 1451 3942 domino
1480 3889 1603 3944 nostro
1627 3872 1705 3943 lesu
1729 3868 1892 3958 Christo,
1923 3871 1987 3967 qni
2016 3869 2181 3963 promisit
2208 3890 2292 3939 suae

266 3975 455 4044 acerbitate
478 3987 512 4044 et
533 3975 756 4066 quorundam
775 3974 951 4043 maliciosa
972 3970 1189 4065 sophistica,
1212 3999 1253 4044 cx
1302 3971 1479 4044 Ecclesiae
1500 3988 1704 4067 perpetuam
1728 3999 1827 4046 suam
1850 3972 2101 4067 praesentiam,
2125 3973 2216 4042 sicut
2231 3971 2292 4040 iu-

266 4097 337 4161 qna
360 4074 499 4142 dicebat
520 4074 726 4165 impendere
740 4077 891 4144 maxima
905 4075 1060 4165 pericula
1077 4073 1253 4145 Ecclesiae
1302 4074 1399 4170 quit:
1433 4099 1507 4145 non
1531 4076 1730 4171 relinquam
1754 4099 1818 4146 vos
1839 4071 2031 4167 orphanos.
2088 4070 2194 4143 ltem:
2223 4093 2290 4160 ego

265 4186 301 4242 et
331 4175 609 4265 rebuspublicis,
649 4190 684 4248 et
716 4174 831 4245 Deum
861 4179 1027 4248 ardenter
1054 4179 1252 4263 invocabat,
1302 4202 1363 4248 ero
1384 4177 1566 4248 vobiscum
1591 4178 1758 4249 omuibus
1780 4178 1906 4248 diebus
1927 4197 2039 4270 nsqm
2059 4175 2105 4245 ad
2123 4195 2292 4245 consum-

265 4274 389 4344 mnltis
412 4275 658 4360 audientibus,
684 4293 724 4350 ut
745 4278 819 4368 ipse
843 4294 983 4348 sanaret
1008 4280 1155 4350 vulnera
1180 4276 1251 4349 Ee-
1303 4279 1496 4349 mationem
1530 4279 1649 4354 seculi.
1708 4277 1949 4350 Abducuntur
1981 4276 2034 4370 pii
2061 4288 2097 4349 et
2119 4275 2292 4346 salutares

266 4375 391 4444 clesiae
408 4388 444 4446 et
461 4391 615 4448 servaret
630 4392 750 4447 coclara
764 4381 822 4470 pie
835 4382 1038 4450 docentium
1054 4393 1090 4450 ct
1104 4381 1252 4450 audien·
1300 4378 1474 4451 Doctores
1495 4380 1671 4471 perfuncti
1690 4405 1755 4452 suo
1772 4404 1919 4452 munere
1939 4392 1975 4450 et
1994 4380 2154 4449 confecto
2175 4375 2291 4447 curri·

264 4476 356 4547 tium
387 4479 629 4569 incorruptam
650 4474 838 4567 Evangelii
865 4482 1081 4564 doctrinam,
1114 4495 1149 4551 et
1169 4505 1252 4551 suae
1301 4483 1395 4561 culo,
1417 4485 1511 4576 qn'od
1528 4483 1613 4575 ipsis
1627 4482 1724 4554 Deus
1737 4482 1938 4552 mandavitt
1962 4481 2022 4550 sed
2039 4502 2113 4548 non
2128 4490 2293 4569 propter·

264 4581 459 4650 constantis
477 4579 709 4650 confessionis
732 4580 832 4669 signa
855 4606 966 4675 usqne
986 4584 1030 4651 ad
1054 4595 1250 4653 extremum
1301 4606 1341 4653 ea
1371 4584 1548 4654 deseritur
1578 4606 1725 4676 prorsus
1748 4580 1905 4655 Ecclesia
1936 4606 1957 4650 a
1985 4581 2059 4652 lilio
2082 4580 2169 4664 Dei,
2207 4578 2290 4650 idco

263 4680 357 4752 vitae
372 4675 522 4752 halitum
536 4682 721 4754 manifesta
737 4680 868 4765 edidit,
893 4708 973 4753 cnm
996 4683 1145 4774 septimo
1162 4681 1250 4756 Par·
1300 4685 1445 4754 sedente
1472 4685 1517 4754 ad
1540 4686 1699 4755 dextram
1725 4685 1861 4758 aeterni
1880 4682 2008 4776 patris,
2048 4695 2092 4754 nt
2111 4682 2172 4752 det
2192 4681 2292 4752 dona
2323 4749 2328 4759 ,

264 4804 412 4876 oxysmo
453 4784 562 4855 febris
598 4784 770 4883 tertianae
801 4784 896 4855 vires
936 4787 1097 4876 corporis
1127 4785 1251 4857 vitales
1300 4781 1525 4870 homiuibus,
1550 4783 1760 4878 Apostolos,
1785 4781 2000 4880 Prophetas,
2031 4778 2290 4872 Evangelistas,

262 4884 352 4975 adeo
370 4897 566 4975 prostratae
588 4886 755 4973 fuissent,
779 4900 819 4959 ut
837 4887 1059 4958 destillantes
1074 4887 1113 4957 in
1131 4903 1251 4980 pectus
1299 4884 1462 4958 Pastores
1475 4900 1509 4958 et
1520 4886 1710 4973 Doctores,
1735 4910 1825 4982 quos
1838 4912 1913 4961 non
1929 4898 2076 4980 repente
2088 4884 2176 4956 facit
2190 4905 2291 4955 sum·

263 5009 305 5056 ex
321 4981 485 5057 catarrho
502 4981 668 5058 humores
683 4990 810 5061 eiicere
822 4989 975 5083 amplius
988 5006 1063 5060 nou
1078 4991 1248 5078 valerent,
1298 5011 1378 5059 mos
1393 5002 1429 5061 et
1443 4989 1752 5062 excellentissimos
1766 4991 1882 5074 donis,
1906 4985 2081 5061 sedaddit
2095 5010 2164 5057 nsn
2182 4984 2291 5077 etpia

262 5089 361 5159 unde
383 5086 555 5181 paulatim
576 5087 746 5179 impedita
766 5091 978 5184 spiratione,
1008 5100 1073 5162 cen
1098 5087 1249 5165 inchoa·
1298 5090 1548 5162 exercitatione
1582 5092 1798 5165 incrementa
1831 5096 2027 5178 donorum,
2065 5089 2156 5160 sicut
2183 5108 2292 5180 expc-

262 5198 363 5262 turus
385 5191 843 5282 somnumpmfuuatorem
869 5195 1005 5286 placide
1019 5194 1249 5280 obdormivit,
1297 5192 1425 5263 rientia
1456 5206 1616 5270 testatur.
1671 5190 1751 5268 Etsi
1776 5193 1886 5284 igitur
1909 5193 2016 5263 talem
2043 5188 2288 5261 excellentiam

260 5291 407 5383 integris
432 5292 544 5387 usqam
573 5293 618 5387 ad
639 5304 833 5363 extremum
860 5296 1038 5382 sensibus,
1071 5310 1107 5369 et
1129 5311 1248 5370 mente
1297 5293 1543 5384 ingeniorum,
1567 5286 1685 5393 qualis
1704 5297 1743 5367 in
1763 5288 1922 5367 buthero
1945 5285 2233 5366 etMelanthone
2252 5303 2296 5365 et·

256 5393 454 5466 unissime
466 5394 535 5466 sihi
552 5402 753 5480 constante,
779 5394 815 5464 id
832 5398 928 5489 quod
951 5398 1100 5493 plurimi
1118 5392 1247 5472 antho-
1295 5394 1375 5468 aliis
1389 5396 1601 5490 quibusdam
1620 5397 1692 5469 vita
1705 5396 1836 5469 functis
1850 5397 2058 5470 doctoribus
2069 5389 2180 5466 huius
2194 5403 2292 5464 aeta·
