4748 6022
61 132 66 139 ·
121 122 175 197 m
288 111 759 231 Ιιιιιειόιιιιιιιι,
793 86 1165 196 ruotcronuu
1196 111 1273 190 nr
1305 97 1699 205 scurrroanu
1748 132 1981 242 urnxrv.
2106 146 2156 220 ss

124 295 181 366 vel
201 290 415 385 cogitatione
435 292 650 380 sententiae,
684 316 774 388 quae
795 292 901 365 altius
921 292 1046 382 illapsa
1068 304 1120 361 est
1173 291 1271 361 viora
1286 294 1408 369 seram.
1461 292 1664 374 Adhibetur
1679 323 1795 378 autem
1811 314 1862 382 sal
1878 308 1945 386 hoc
1960 316 2046 387 fine,
2072 342 2156 388 „am

125 397 247 469 animo
271 407 418 488 propter
437 396 651 481 melodiam,
681 413 719 465 se
740 395 884 487 erigere.
927 392 1035 482 ,Quis
1051 416 1119 463 no-
1170 417 1252 464 cum
1267 388 1431 468 Christus
1446 399 1532 470 dicit
1547 405 1592 471 ad
1609 400 1814 497 Apostolos:
1837 439 1900 485 vos
1918 419 2000 489 estis
2015 419 2066 488 sal
2082 432 2155 490 ter-

126 513 239 571 atrum
260 500 351 568 adeo
374 497 486 567 durus
509 511 579 579 est,
612 509 654 568 ut
674 520 750 566 non
771 512 877 568 cantu
893 495 1064 568 lusciniae
1080 496 1118 563 in
1170 518 1250 581 rae,
1283 521 1357 566 non
1387 499 1464 569 sine
1494 503 1750 592 significatione
1784 514 1902 610 aliqua
1934 520 2064 590 factum
2092 538 2154 592 est.

120 600 281 672 *dometis
304 611 340 670 et
361 598 505 670 cassitae
526 599 565 667 in
587 599 681 689 agris
703 597 810 669 simul
829 622 913 670 voce
936 611 970 666 et
997 596 1117 666 volatu
1168 595 1261 667 Salis
1281 601 1376 668 enim
1399 615 1525 673 natura
1545 621 1597 678 est
1613 612 1765 702 quadam
1779 616 1967 690 dulcedine
1980 635 2015 692 et
2030 644 2154 714 sapore

128 702 266 772 coelom
282 713 459 794 petentem
473 699 623 771 mirifice
635 695 874 772 exhilaretur?
922 697 1014 770 Cum
1035 696 1116 790 qui·
1167 700 1314 768 condire
1334 701 1471 790 cibum3
1490 705 1605 789 item,
1640 707 1829 802 prohibere
1850 723 2153 810 putrefactionem.

128 802 340 874 demetiam
363 824 430 873 nos
451 803 704 890 admonemur,
739 816 780 873 ut
801 800 912 872 simili
933 800 1051 871 studio
1074 823 1115 868 ex
1167 795 1274 868 Tales
1295 815 1412 871 autem
1432 827 1514 890 nos,
1540 809 1667 880 sivein
1682 809 1838 887 Ecclesia
1853 844 2051 911 versemur,
2077 828 2152 895 sive

127 899 307 977 hilaritate
325 904 546 975 conditorem
565 903 683 976 Deum
707 903 942 989 celebremus,
978 914 1013 972 et
1037 901 1115 970 lau·
1166 899 1205 968 in
1227 899 1460 993 Reipublicae
1482 909 1662 997 societate,
1689 937 1763 986 esse
1782 921 1967 1008 debemus,
1999 940 2039 995 ut
2063 926 2151 996 alios
2217 948 2223 959 ·

128 1008 192 1076 des
214 1006 248 1076 ei
269 1028 370 1075 veras
390 1007 630 1078 decantemus.
692 1003 839 1095 Quanto
855 1004 964 1095 magis
981 998 1115 1074 exhila-
1166 1002 1378 1074 delectemus
1391 1009 1563 1080 suavitate
1578 1013 1689 1101 vitae,
1716 1031 1750 1088 et
1767 1024 1932 1094 scandala
1944 1020 2109 1103 vitemus.

127 1107 201 1177 rari
216 1119 349 1178 mentes
363 1131 437 1177 nou
452 1107 614 1179 efferatos
627 1121 902 1179 consentaneum
915 1119 978 1180 est.
1021 1102 1112 1176 Cum

128 1208 278 1279 audiunt
300 1209 339 1277 in
354 1209 585 1281 vernantibus
606 1203 721 1281 hortis
738 1210 779 1280 in
796 1209 934 1280 floridis
949 1206 1060 1299 pratis
1075 1206 1113 1273 in

123 1410 166 1480 in
181 1434 331 1504 quarum
348 1406 468 1483 choris'
477 1425 611 1484 certum
626 1425 694 1498 est,
717 1435 791 1483 una
802 1411 922 1503 vagari
937 1424 972 1483 et
989 1431 1113 1480 canere

122 1513 268 1602 angelos
289 1510 378 1600 Dei,
409 1515 569 1586 custodes
591 1508 719 1585 barum
740 1512 933 1604 agminum.
992 1508 1113 1600 Quare

123 1637 201 1683 nou
231 1636 421 1709 sequamur
450 1615 650 1708 exemplum
679 1638 818 1700 eorum,
854 1615 918 1709 qui
947 1611 1112 1684 Musicen

123 1714 328 1805 negligunt,
359 1719 420 1789 sed
436 1717 553 1809 potius
567 1717 756 1789 excitemus
771 1717 922 1787 cauendi
942 1713 1112 1792 studium,
1217 1777 1227 1796 ,

1269 1135 1403 1208 Vinum
1425 1142 1535 1234 capiti
1556 1150 1897 1240 superinfunditur,
1922 1175 2067 1251 propter
2080 1162 2153 1231 ele-

199 1309 208 1327 ,
386 1311 396 1328 ‚
424 1312 433 1331 θ
718 1312 727 1328 ·
772 1311 782 1330 ι
911 1310 921 1328 .
1165 1237 1319 1308 ctionem
1341 1242 1387 1311 ad
1406 1236 1473 1313 hoc
1489 1267 1600 1335 genus
1617 1252 1729 1331 vitae,
1756 1276 1819 1324 seu
1835 1258 1881 1325 ad
1898 1252 1989 1329 hanc
2005 1265 2153 1353 provin·

126 1310 277 1380 collibus
292 1304 454 1381 herbrdss
471 1324 672 1382 uncturum
693 1333 871 1402 vrrgmum
885 1333 964 1402 pros
979 1319 1113 1392 cantus,
1164 1339 1255 1407 ciam
1279 1342 1465 1430 ,ulman

1466 1345 1561 1420 darn.
1613 1347 1694 1420 Mos
1717 1353 1813 1422 enim
1827 1357 1896 1427 init
1911 1361 2086 1456 antiquis,
2112 1379 2153 1436 ut

1164 1462 1261 1530 reges
1276 1455 1310 1559 et
1321 1447 1518 1517 sacerdotes
1531 1466 1748 1540 ungerentur
1760 1457 1806 1525 ad
1822 1457 2028 1531 electionem
2046 1458 2153 1536 huius

1163 1565 1333 1616 muneris.

1266 1675 1362 1750 Haec
1376 1682 1496 1752 omnia
1512 1684 1736 1759 considerare
1751 1693 1855 1764 debet
1869 1699 1949 1788 pius
1964 1696 2154 1784 studiosus,
2185 1772 2192 1779 ,

124 1830 161 1886 et
174 1817 343 1909 exemplis
366 1831 402 1890 ct
423 1818 611 1891 dulcedine
632 1818 829 1890 carminum
849 1818 1038 1889 invitemus
1056 1816 1113 1884 iu·
1164 1790 1199 1849 ⁸¹
1215 1790 1263 1849 “³
1280 1803 1398 1872 “8²“
1414 1785 1544 1871 Vltima
1570 1802 1609 1860 ¹¹¹
1625 1802 1660 1860 ⁸²
1673 1785 1851 1866 Ecclesiae
1867 1809 1901 1867 el
1919 1781 2153 1890 Reipublicae

120 1929 305 1987 ventutem
328 1932 363 1990 et
383 1921 575 2012 populum,
605 1935 646 1992 ut
669 1943 706 1990 se
729 1921 772 1990 ad
797 1919 1045 2011 cogitationem
1068 1917 1112 1986 de

121 2013 203 2089 Deo
217 2014 274 2090 his
291 2020 437 2094 musicis
456 2021 630 2093 exercitiis
644 2022 848 2093 accendant.
882 2016 961 2092 Etr.

138 2489 209 2564 No.
226 2485 339 2562 7092.
953 2524 1005 2538 -
1037 2523 1088 2539 -

128 2584 343 2620 Μ
830 2622 833 2627 ι
934 2577 1105 2611 ουν

413 2690 488 2777 De
512 2691 806 2805 depositione.

194 2868 231 2923 Ea
245 2869 329 2924 libro:
349 2866 392 2921 De
405 2866 447 2920 or’
466 2866 521 2940 ine,
538 2866 635 2935 causis,
650 2876 718 2941 typo
731 2877 756 2922 et
770 2864 934 2924 ceremoniis
947 2865 1020 2923 illios
1034 2866 1113 2933 ritus,

245 2936 274 2991 oi
288 2936 333 2993 vul
353 2953 371 2987 o
382 2934 412 3019 io
472 2934 523 2990 olis
534 2934 676 3008 Depositis
687 2935 844 3061 appellatur,
862 2945 914 2996 etc.
926 2944 1038 2993 auctore
1049 2936 1113 2991 ttet-

386 3005 528 3059 stebrando
547 3024 572 3060 a.
585 3003 694 3060 MDLX
748 3003 796 3061 lll.

247 3006 320 3062 esico

125 3174 315 3252 Iudicium
341 3170 525 3247 reuerendi
547 3182 580 3244 et
606 3173 811 3248 clarissimi
834 3175 923 3264 viri,
952 3170 1116 3249 Domini

125 3275 353 3377 Philippi
384 3271 743 3364 Melanthonis,
778 3277 865 3375 pios
898 3287 930 3348 et
961 3289 1113 3352 sanctas

125 3381 343 3468 memorias,
368 3375 412 3450 de
422 3375 663 3478 Depositione
678 3380 718 3452 in
732 3376 944 3453 Academiis
959 3380 1112 3458 usitata.

126 3538 398 3622 Nazianzenus
416 3558 555 3625 narrat,
580 3546 648 3615 sibi
665 3540 733 3615 hoc
747 3540 899 3616 Athenis
914 3546 1112 3634 contigisse,

123 3651 191 3723 ubi
207 3648 275 3719 tuit
289 3647 377 3717 olim
393 3647 618 3716 celeberrima
635 3644 844 3731 Academia,
870 3669 950 3714 curn
967 3647 1110 3716 balneas

122 3753 247 3824 inisset
262 3749 452 3839 ingressus,
475 3759 696 3836 agnoverunt
711 3770 790 3815 eum
806 3747 951 3842 quidam
966 3771 1007 3816 ex
1023 3741 1110 3816 Phi-

123 3847 305 3943 losophis,
337 3849 398 3943 qui
431 3861 517 3917 tunc
549 3871 620 3917 una
649 3848 812 3934 aderant,
850 3860 900 3931 et,
929 3863 1108 3939 arreptum

126 3979 226 4033 eum,
250 3973 342 4044 aqua
359 3949 487 4038 frigida
504 3950 735 4041 perfuderunt
753 3972 792 4019 ac
809 3972 936 4040 corpus
955 3951 1107 4042 quadam

126 4053 312 4146 nigredine
340 4052 594 4125 deformarent.
654 4048 752 4121 ldem
782 4051 948 4122 accidisse
972 4048 1107 4121 Basilio

124 4157 279 4247 Magno,
304 4166 453 4226 testatur
468 4151 542 4247 ipse
558 4152 664 4227 idem.

227 4338 336 4411 Vetus
358 4337 478 4430 itaque
499 4361 576 4408 mos
599 4338 684 4423 fuit,
708 4351 742 4408 et
765 4333 882 4409 adhue
895 4350 947 4407 est
961 4337 999 4406 in
1015 4333 1106 4407 Aca-

123 4442 270 4527 demiis‚
295 4454 336 4511 ut
355 4463 531 4509 novorum
552 4433 740 4509 hominum
764 4465 826 4510 seu
841 4440 1106 4531 discipulorum,

125 4541 428 4634 Beanorumque,
462 4540 525 4635 qui
559 4565 596 4612 se
625 4542 665 4610 in
692 4540 919 4612 Academiam
951 4541 1105 4635 aliquam

124 4649 331 4731 conferunt,
362 4643 504 4734 ingenia
532 4644 745 4738 quibusdam
768 4642 929 4714 ridiculis
951 4664 1106 4712 ceremo-

125 4749 198 4817 niis
212 4772 252 4819 ac
269 4745 514 4817 vexationibus
530 4747 815 4837 explorarentur,
839 4760 943 4839 atque
964 4743 1104 4813 mitiora

125 4849 368 4920 redderentur.
419 4843 535 4918 Simul
554 4859 671 4918 autem
685 4860 804 4918 monet
817 4841 905 4917 haec
920 4845 1056 4915 vexatio
1072 4858 1107 4915 et

125 4943 258 5036 illusio,
279 4948 409 5019 multas
425 4946 573 5017 iniurias
589 4963 623 5018 et
639 4947 861 5021 difficultates
877 4947 916 5016 in
931 4945 1030 5015 omni
1045 4968 1105 5036 ge-

1164 2129 1223 2185 tur
1239 2112 1289 2208 *).

1163 1880 1295 1972 prosit,
1320 1897 1355 1953 et
1369 1880 1575 1988 honorificet
1594 1888 1723 1962 Deum.

1269 2015 1385 2090 Simul
1403 2034 1438 2091 et
1461 2021 1869 2123 doctrinasingulorum
1892 2025 1951 2103 bic
1975 2034 2154 2105 examine-

1199 2380 1229 2463 l¹⁸)
1254 2393 1363 2464 Liceat,
1389 2396 1437 2482 bie
1456 2397 1492 2453 ds
1514 2397 1693 2482 depopitionis
1712 2400 1767 2457 ritu
1786 2417 1820 2457 ex
1837 2405 1933 2462 eodem
1952 2407 2042 2480 libro,
2065 2431 2154 2484 equo

1232 2462 1298 2545 baec
1309 2464 1443 2549 descripta
1456 2477 1531 2535 sunt,
1547 2468 1664 2524 adiscere
1676 2470 1817 2545 quaedam,
1834 2491 1919 2545 quum
1932 2475 2002 2532 liber
2013 2480 2069 2551 ipse
2081 2481 2154 2536 iuter

1233 2550 1352 2588 rariores
1366 2545 1401 2588 sst
1417 2535 1612 2592 numerandus.

1267 2650 1453 2716 Depositiouis
1476 2655 1687 2724 (blltbttltgttttfl)
1712 2652 1797 2722 tiltu,
1825 2673 1881 2726 (1¹¹0
1906 2659 1953 2721 out
1978 2673 2100 2719 recentes
2125 2668 2155 2721 in

1232 2719 1411 2775 Academiam
1429 2722 1589 2791 veniebant,
1607 2723 1703 2776 Beana·
1717 2720 1783 2792 dicti
1797 2726 1854 2791 (4),
1879 2725 2058 2785 initiabantur
2073 2752 2088 2787 a
2104 2753 2155 2790 so·

1234 2787 1300 2857 ciis,
1324 2789 1365 2843 sic
1381 2808 1410 2843 se
1424 2789 1532 2861 babuit,
1557 2801 1588 2844 ut
1602 2809 1693 2846 novus
1705 2791 1897 2860 scholasticus,
1920 2799 2061 2854 cornubus
2072 2821 2103 2857 cs
2125 2802 2156 2858 iti

1232 2875 1284 2941 gno
1296 2858 1424 2941 appositis
1431 2898 1452 2941 ¹..
1464 2859 1646 2941 deponeretur
1659 2858 1688 2912 io
1703 2859 1810 2926 tabula,
1834 2872 1861 2915 et
1872 2881 1888 2915 a
1900 2867 2092 2992 depositos-eh
2102 2824 2156 2926 id·

1232 2926 2059 3119 tl?til¹:⁸.tlattttt.ffdtitllfflffttt‘ttltls.
2074 2942 2155 3062 ..iis

1233 3063 1267 3118 lis
1280 3065 1408 3134 usitatus,
1424 3084 1439 3120 a
1452 3064 1602 3120 maioribus
1614 3064 1764 3139 institutus,
1793 3067 1853 3120 usui
1865 3066 1959 3123 iocoso
1974 3089 2028 3125 non
2042 3076 2155 3130 absimi-

1235 3133 1321 3186 lis-
1339 3165 1375 3180 -
1392 3133 1593 3216 quonanimum
1617 3132 1724 3189 avitiis
1746 3135 1856 3208 pnrgari
1883 3134 2028 3193 voluerunt
2047 3143 2110 3212 ita,¹
2124 3159 2154 3201 nt

1232 3203 1356 3285 membra
1378 3214 1510 3256 exteriora
1537 3204 1600 3270 [usu
1619 3200 1709 3285 salis,
1722 3216 1750 3286 ut
1770 3222 1801 3258 ex
1819 3203 1879 3288 aliis
1897 3204 2086 3290 colligepdum
2100 3217 2153 3282 est]

1232 3271 2094 3403 tillimttittltt·ltttl'tttstttt'tttl'1:⁰3’
2108 3293 2153 3406 '1¹'

1232 3376 1368 3468 secante.’
1378 3409 1510 3477 radente,
1536 3409 1655 3471 lavante,
1680 3411 1828 3483 levigante,
1853 3410 1983 3480 limante,
2007 3368 2154 3488 nealpiiri:

1232 3477 1708 3613 tiltttjttitlttss‘stttl'dt:
1723 3481 1886 3613 ‘illiti’
1899 3480 2050 3622 iiiiii:
2070 3505 2153 3614 {22¹2}

1230 3613 1642 3802 iiii}¹{3’.sp',..:qi÷ii‘iiiii
1654 3612 1890 3747 fitttlttdl'tt
1904 3616 2151 3748 titl'llztlt:

1230 3763 1378 3801 cuseaus
1432 3766 1463 3800 su
1495 3763 1691 3818 rnnssprrsnss

1261 3878 1437 3949 „Depositus
1455 3879 1590 3951 longeque
1606 3877 1693 3953 gisela
1710 3879 1842 3936 inferiore
1859 3882 1963 3938 locatus

1259 3949 1375 4022 Serpere
1394 3950 1478 4005 discat
1495 3947 1587 4011 borni,
1614 3949 1785 4020 caudamque
1803 3952 1942 4006 renrittere
1959 3956 2079 4028 supplex,

1261 4017 1303 4072 Ne
1321 4021 1393 4072 solet
1410 4028 1473 4071 sote
1491 4016 1563 4072 diem
1582 4019 1708 4072 nondum
1726 4019 1913 4073 crescentibus
1930 4019 1989 4087 slis,

1262 4084 1376 4155 Verbis,
1398 4083 1560 4144 verberibus
1578 4097 1697 4143 mentem
1716 4098 1821 4142 mutare
1839 4098 1959 4144 coactus.

1295 4221 1347 4279 Hic
1364 4223 1445 4276 armis
1463 4240 1533 4294 opus
1550 4233 1606 4291 est,
1629 4223 1711 4281 variis
1730 4242 1800 4296 opus
1816 4223 2014 4298 instrumentis,

1261 4290 1323 4347 lluc
1341 4291 1445 4346 directa
1462 4291 1528 4345 mibi
1546 4301 1604 4349 tots
1622 4301 1678 4364 est,
1699 4310 1779 4364 quam
1797 4302 1901 4362 tracto,
1925 4298 2073 4370 iuppelles,

1261 4360 1393 4427 Horrida,
1418 4358 1546 4415 materiae
1563 4357 1675 4428 similis,
1699 4360 1744 4416 cui
1763 4359 1854 4416 forma
1872 4377 1994 4435 paratur,

1260 4430 1355 4493 Serra.
1377 4430 1501 4491 dolabra,
1518 4429 1630 4489 bidens,
1648 4429 1731 4502 dens,
1748 4429 1821 4485 etan
1856 4435 2004 4507 novacula,
2021 4449 2118 4508 pecten

1262 4496 1342 4553 (lum¹
1354 4499 1461 4553 terebra
1478 4509 1591 4565 toruus,
1610 4516 1672 4554 curn
1691 4497 1759 4553 lima
1777 4467 1904 4563 malleus,
1921 4502 2010 4567 incus,
2120 4487 2127 4510 ⁶

1261 4568 1412 4639 Rostraque
1434 4583 1498 4621 cum
1517 4566 1627 4630 rostris,
1651 4585 1714 4624 eum
1732 4565 1810 4623 turea
1827 4576 1854 4620 et
1871 4567 1978 4643 forcipe
1996 4573 2100 4645 sospes,

1260 4636 1309 4691 llis
1327 4654 1378 4706 ego
1398 4635 1543 4689 distortum
1563 4637 1672 4690 nodoso
1689 4635 1790 4688 robore
1809 4643 1941 4691 truncum

1259 4704 1392 4772 Taedae,
1410 4704 1513 4773 tundo,
1530 4720 1612 4769 seco,
1628 4705 1711 4771 rado,
1728 4703 1805 4766 lato,
1821 4702 1927 4777 levigo,
1942 4707 2019 4779 limo,

1260 4773 1375 4842 scalpo,
1391 4771 1503 4843 sculpo,
1519 4771 1619 4839 scalso,
1634 4770 1728 4833 fodio,
1747 4779 1824 4837 tero,
1841 4781 1940 4842 torno,
1957 4780 2076 4846 terebro,

1260 4842 1378 4904 Dirido,
1395 4859 1549 4912 conspono,
1566 4839 1652 4902 frico,
1670 4836 1787 4905 dedolo,
1805 4838 1895 4926 cudo,
1909 4847 2022 4913 recudo,

1259 4913 1289 4965 st
1307 4927 1376 4984 qua,
1393 4908 1507 4965 iuvante
1523 4909 1600 4971 Deo,
1615 4917 1671 4961 tam
1690 4925 1781 4961 crasso
1799 4926 1814 4960 s
1831 4908 1923 4982 stipsts
1939 4917 2041 4984 possim

1259 4981 1377 5051 Fingere
1390 4977 1571 5045 Mercurium,
1588 4985 1616 5031 et
1628 4975 1702 5046 quod
1715 4992 1833 5034 cursum
1845 4989 1884 5034 est
1897 5000 1999 5057 ponere
2012 4985 2144 5041 rectum.”

124 5077 210 5123 nere
231 5051 324 5122 vitae
346 5063 380 5122 et
400 5049 624 5120 vocationum
651 5050 824 5136 accidere,
848 5070 975 5140 easque
994 5070 1105 5140 aequo
1158 5106 1360 5123 ...-

124 5156 247 5224 aniino
266 5153 447 5235 serendas,
472 5175 518 5221 ne
538 5152 628 5221 iorte
646 5150 685 5218 in
704 5151 819 5221 mains
835 5150 968 5218 malum
985 5148 1126 5217 incur-.

125 5279 182 5326 ras
195 5270 256 5325 tua
276 5252 508 5345 impatientia.
560 5251 669 5322 Ferre
684 5252 823 5323 minora
838 5250 941 5337 volo,
964 5273 1009 5318 ne
1027 5271 1104 5353 gra·

152 5360 358 5459 dlectare.
387 5358 492 5428 Orsa.
517 5358 601 5425 Vos..
628 5357 675 5425 X.

1228 5208 1263 5260 (⁸)
1281 5202 1361 5248 ssent
1370 5199 1517 5246 vocstsnlaaa
1530 5205 1609 5243 ortuar
1623 5211 1675 5244 csse
1689 5207 1790 5258 putatur
1801 5214 1831 5246 sa
1843 5170 2055 5267 gallicpstijasas,
2074 5219 2144 5267 qam

1263 5272 1401 5327 ose-jassa
1416 5276 1606 5333 (ulmum),
1624 5270 1709 5326 quales
1720 5277 1776 5316 tunt
1788 5271 1907 5322 suenus.

1510 5343 1532 5411 t
