4748 6022
299 210 348 282 85
457 118 923 292 ¹EPlS‘l’OLARUM,
956 194 1329 276 lUDIClORUM
1357 194 1431 273 ET
1464 183 1863 276 SCRlPTORUM
1912 200 2145 283 Linxtv.
2267 203 2316 276 36

303 371 423 460 Quare
447 386 481 440 et
502 385 604 441 tuum
621 384 844 463 conspectum
859 385 894 443 et
910 368 1087 439 eruditiss.
1104 391 1285 437 sermones
1336 379 1370 434 et
1391 387 1565 434 summam
1587 365 1784 450 doctrinae,
1812 390 1918 461 quem
1934 365 2031 439 Deus
2044 367 2222 440 Ecclesiae
2239 378 2322 440 sune

228 533 232 538 .
303 487 384 542 tuns
408 473 620 561 expetimus,
656 473 819 556 fortassis
836 486 869 541 et
892 493 958 541 nos
972 470 1107 561 aliquid
1124 470 1287 539 narrabi-
1336 466 1501 546 tradidit,
1527 466 1672 548 didicit,
1697 491 1871 562 speroque
1891 494 1973 540 cum
1997 472 2079 540 usui
2102 474 2177 541 lore
2195 468 2321 541 Eccle-

303 596 400 656 mus,
431 575 527 665 quod
552 575 640 644 scire
660 575 769 653 voles.
823 573 935 641 Valde
956 572 1065 660 igitur
1086 584 1288 649 tentamus,
1338 567 1410 636 siae
1432 568 1502 638 Dei
1524 567 1563 635 in
1586 569 1703 659 operis
1722 564 1938 640 scholasticis
1960 584 2022 641 aut
2052 571 2090 639 in
2121 572 2320 642 ministerio

302 687 344 755 ut
357 698 453 742 nunc
467 675 512 743 ad
529 677 716 765 prandium
733 677 776 745 ad
795 699 859 744 nns
874 674 1028 744 accedas.
1053 671 1108 742 De
1126 672 1288 760 capreolo
1338 664 1595 743 Ecclesiastico.
1655 666 1761 738 Tales
1783 674 1939 762 prolecto
1962 697 2043 741 cum
2065 685 2149 741 sunt
2170 672 2321 743 modesti

302 775 432 864 gratias
447 777 595 865 agimus.
646 776 717 850 Sed
734 801 851 846 coram
869 776 984 866 plura.
1034 769 1109 844 Cal.
1129 771 1224 847 lulii.
1339 783 1375 839 et
1396 770 1490 858 pacis
1513 785 1700 849 amantes„
1726 772 1981 862 complectendi
2004 786 2038 843 et
2057 772 2204 842 iuvandi
2228 785 2323 860 sunt,

988 868 1188 966 Philippus.
1331 883 1380 940 ut
1401 870 1496 941 filius
1511 866 1587 940 Dei'
1600 870 1732 963 inquit:
1762 873 1820 941 cui
1835 873 1891 941 vel
1909 875 2057 962 frigidae
2072 896 2184 967 aquae
2199 888 2324 965 potum

1340 970 1405 1041 uni
1427 995 1468 1039 ex
1487 971 1646 1039 minimis
1668 995 1829 1041 meorum
1850 976 2032 1046 doctrinae
2053 975 2205 1046 tuendae
2220 996 2324 1045 causa

303 1083 1288 1117 ·-··-··-·---···-·······⁴·····-·-·--·-·
1340 1071 1458 1148 dahit,
1482 1074 1679 1141 mercedem
1703 1072 1860 1163 accipiet.
1911 1074 2080 1168 Inprimis
2102 1089 2218 1146 autem
2238 1075 2324 1143 uni-

339 1220 344 1227 .
410 1191 413 1196 ·
1302 1183 1306 1191 ²
1340 1194 1459 1242 versae
1473 1166 1661 1243 hominum
1675 1174 1766 1243 vitae
1779 1166 1929 1246 s'alntare
1943 1192 2012 1258 est,
2038 1177 2214 1268 principes
2228 1177 2324 1246 viros

307 1240 384 1366 .N⁰‚·‚
399 1241 511 1347 7⁰20·
1141 1244 1290 1369 ffffil·
1340 1273 1539 1343 doctrinam
1553 1276 1736 1344 coelestem
1750 1273 1944 1368 inquirere,
1958 1278 2155 1369 intelligere
2171 1291 2204 1348 et
2218 1278 2325 1351 tueri.

375 1380 379 1385 '
707 1445 717 1466 ,
796 1430 806 1439 .
1341 1372 1462 1460 Quare
1485 1398 1567 1443 cum
1591 1377 1732 1445 audiam
1756 1377 1927 1447 celebrari
1949 1379 2154 1450 excellentes
2175 1377 2325 1448 virtutes

553 1443 695 1554 'Mag
698 1451 807 1528 18in
835 1440 1016 1528 Oimtm.
1340 1487 1438 1560 tuas,
1464 1487 1568 1567 teque
1589 1478 1706 1546 favere
1726 1478 1795 1569 piis
1816 1481 1943 1549 studiis
1961 1480 2175 1564 existimem,
2199 1491 2234 1549 te
2248 1502 2325 1564 orn,

1339 1588 1381 1644 ut
1409 1570 1493 1645 huic
1515 1570 1704 1662 Andreae,
1742 1580 1959 1669 confugienti
1989 1584 2033 1651 ad
2063 1593 2097 1650 te
2121 1593 2325 1671 patronum,

1341 1700 1416 1745 nnn
1439 1676 1543 1750 desis.
1594 1673 1693 1768 Opto
1721 1680 1826 1750 etiam
1850 1696 1890 1752 ut
1914 1684 1993 1752 lnce
2016 1705 2118 1751 verae
2140 1681 2324 1751 doctrinae

1339 1789 1461 1866 pectus
1477 1790 1576 1847 tuum
1590 1777 1687 1848 Deus
1701 1781 1869 1853 accendat
1884 1799 1917 1854 et
1931 1797 2037 1873 regat,
2064 1797 2105 1853 nt
2118 1795 2179 1852 tua
2193 1784 2323 1872 guber·

1339 1878 1436 1947 natio
1463 1879 1528 1947 tibi
1552 1893 1587 1947 et
1608 1880 1687 1950 aliis
1710 1884 1756 1951 sit
1778 1883 1950 1954 salutaris.
1997 1875 2100 1954 'Bene
2115 1884 2204 1953 vale.
2256 1879 2325 1951 Die

1338 1978 1414 2047 divi
1431 1978 1625 2051 Laurentii.

371 1607 391 1668 †
410 1603 447 1654 lix
460 1600 627 1673 autographo
640 1601 772 1655 Melantlr.
786 1601 814 1655 iu
825 1604 887 1659 cod.
900 1603 1048 1658 Laudabat.
1064 1602 1156 1658 Voti.
1169 1600 1290 1656 tot.189.

404 1671 535 1743 descripta
547 1693 562 1727 a
575 1670 603 1726 S.
619 1671 651 1726 V.
663 1670 801 1725 Scantin.

332 1822 554 1919 Eruditione
578 1834 610 1895 et
637 1823 765 1894 virtute
788 1827 999 1922 praestanti
1021 1820 1077 1896 M
1083 1826 1264 1922 agistro

590 1921 761 1997 Otman
788 1928 905 1999 amico
921 1954 999 2000 sao.

304 2064 352 2150 S.
379 2077 425 2146 D.
474 2074 597 2145 Laudo
614 2087 709 2144 tuam
728 2075 911 2165 pietatem,
931 2091 967 2147 et
981 2079 1046 2146 deo
1065 2089 1197 2165 gratam
1214 2098 1287 2145 esse

304 2203 378 2245 nnn
402 2176 545 2258 dubito,
577 2177 672 2267 quod
700 2176 805 2243 etiam
827 2177 904 2246 istic
928 2176 1095 2249 Ecclesiis
1119 2177 1285 2261 consulis,

2202 2172 2322 2185 m-
2339 2158 2344 2179 Ι

305 2292 339 2347 et
359 2303 431 2367 riou
454 2275 568 2345 solum
591 2277 762 2346 elementa
787 2276 984 2361 literarum,
1016 2281 1075 2348 sed
1099 2279 1204 2347 ctiam
1220 2279 1285 2347 do-
1336 2276 1530 2352 Noton.

305 2380 451 2448 ctrinam
477 2377 615 2466 pietatis
637 2377 747 2444 tradis
769 2377 955 2450 iuventuti.
1005 2372 1286 2448 HicBaldasa-

305 2503 366 2546 ras
390 2501 613 2545 communem
630 2473 806 2544 Ecclesiae
830 2480 1028 2548 doctrinam
1044 2482 1134 2548 bene
1150 2478 1285 2549 didicit.

303 2578 388 2647 lden
411 2578 555 2668 publico
578 2577 650 2644 ritu
673 2576 928 2647 sanctissimum
955 2579 1193 2650 ministerium
1215 2575 1287 2648 Ec-

2163 2380 2323 2404 Nm

1653 2441 1722 2527 In.
1748 2443 2005 2533 Praetorio.

1439 2599 1524 2671 aaa.
1543 2601 1591 2658 uu
1607 2599 1638 2657 v.
1657 2619 1684 2671 ρ.
1701 2596 1806 2672 141...

303 2679 427 2747 clasiae
449 2678 480 2744 ei
502 2677 787 2747 commendatum
808 2692 870 2750 est.
928 2677 982 2750 Te
1007 2680 1135 2749 iamin
1160 2680 1286 2749 itinere
1332 2756 1337 2761 ,

304 2803 377 2848 esse
393 2779 647 2862 arbitrabatur3
674 2790 787 2848 cetera
805 2779 912 2868 igitur
927 2807 1056 2853 curam.
1083 2778 1180 2850 Bene
1196 2781 1286 2854 vale.

303 2882 361 2947 die
381 2876 439 2948 15.
456 2879 578 2970 Septh.
1164 2884 1176 2903 ⁸

808 2977 996 3074 Philippus
1013 2979 1237 3073 Melanthon.

1439 2753 1618 2828 Ioanni
1641 2746 1908 2846 Praetorio,
1934 2757 2211 2867 (Vratislaoii.)

1338 2891 1386 2978 S.
1411 2903 1457 2979 D.
1507 2902 1719 2975 Venerande
1735 2906 1802 2991 vir,
1828 2920 1863 2976 et
1878 2904 2083 2981 charissime
2096 2916 2215 2993 frater.
2247 2917 2325 2992 Do-

1339 3009 1451 3090 lores,
1475 3006 1625 3095 gemitus
1645 3021 1679 3076 et
1702 3022 1782 3078 vota
1808 3032 1883 3077 mea
1901 3014 2024 3082 vestris
2043 3028 2077 3084 et
2091 3018 2275 3092 doloribus
2291 3038 2326 3095 et

1249 3136 1253 3143 ·
1339 3108 1432 3178 votis
1454 3109 1621 3195 adiungo.
1673 3106 1714 3178 si
1734 3133 1870 3198 possem
1886 3113 1993 3181 etiam
2007 3118 2141 3186 mederi
2157 3121 2324 3193 offensio-

303 3343 370 3413 No.
386 3345 497 3418 7021.

303 3443 502 3472 m

1111 3358 1289 3474 Q.

656 3551 723 3637 Io.
752 3551 935 3665 Pirynt.

372 3711 396 3782 †
416 3711 454 3765 Er
469 3711 625 3784 apographo
639 3713 668 3766 in
683 3712 746 3767 eod.
759 3710 847 3768 Paris.
861 3711 897 3768 D.
911 3713 944 3768 1..
958 3713 1017 3768 54³.

306 3864 461 3939 illustri
480 3879 512 3940 et
525 3862 735 3963 Magnifica
754 3864 940 3950 Domino,
974 3864 1188 3940 Iohanni
1210 3865 1291 3942 Pi-

307 3971 416 4063 ryni
430 3964 488 4061 *),
519 3965 731 4043 Nobilitate
755 3976 787 4036 et
811 3967 938 4038 virtute
958 3972 1188 4065 praestanti,
1220 3998 1289 4067 pa-

620 4077 725 4138 trono
739 4092 807 4137 suo
822 4066 981 4157 colendo,

305 4201 354 4290 S·
379 4213 424 4287 D.
477 4214 629 4285 Illustris
644 4228 678 4285 et
692 4213 881 4305 Magnifice
896 4216 1061 4292 Domine.
1092 4216 1290 4293 Rediturus

305 4319 343 4385 in
360 4316 581 4387 Pannoniam
595 4312 653 4385 hic
664 4311 832 4385 Andreas
848 4320 1024 4388 testimoni
1030 4346 1086 4389 unt
1103 4349 1121 4389 a
1137 4347 1193 4391 roe
1206 4345 1288 4393 suae

307 4419 513 4508 diligentiae
537 4420 575 4486 in
597 4420 723 4487 studiis
746 4433 781 4489 et
801 4421 991 4489 modestiae
1016 4422 1053 4488 in
1070 4423 1229 4492 moribus
1244 4430 1287 4495 ad

306 4537 342 4592 te
367 4522 597 4590 adserendum
621 4543 693 4588 esse
715 4521 874 4611 putavit,
894 4524 987 4613 quod
1012 4536 1104 4591 certe
1124 4529 1288 4612 prodesse

307 4623 339 4691 ei
355 4638 448 4714 nptu.
501 4620 590 4691 Nam
611 4635 644 4691 et
654 4635 781 4690 natura
798 4622 841 4689 ad
863 4622 1055 4708 iusticiam,
1080 4627 1287 4696 modestiam

308 4738 342 4792 et
359 4724 590 4793 constantiam
609 4724 646 4791 in
662 4724 759 4792 omni
780 4723 898 4791 'officio
921 4723 1051 4793 lactum
1078 4747 1151 4795 esse
1170 4728 1287 4796 anim·

308 4825 462 4909 adverti,
509 4837 543 4892 et
583 4840 728 4894 naturae
766 4825 858 4891 hona
901 4826 1100 4894 eruditione
1139 4828 1286 4898 cultiora

307 4925 401 4998 lecit.
456 4922 653 5013 Diligenter
672 4925 767 4994 enim
791 4939 825 4995 et
846 4925 1017 4995 elementa
1041 4923 1287 5021 philosophiae

306 5090 518 5114 .---——-

340 5177 528 5249 marenae
551 5202 586 5216 -
621 5175 682 5232 Vid.
700 5196 741 5247 ep.
760 5177 946 5233 antina.
969 5180 1044 5236 1545.
1087 5180 1195 5237 Nomen
1213 5184 1286 5239 idem

375 5265 433 5301 esse
449 5247 562 5299 ridetur.
608 5244 720 5298 lllustria
741 5256 799 5301 erat
813 5247 862 5302 illo
883 5259 1007 5320 tempore
1024 5250 1127 5307 tamilla
1143 5253 1285 5309 Nobilium

371 5315 479 5386 Peren]
492 5312 522 5369 in
534 5312 680 5386 Hungaria.

1339 3210 1466 3293 nibus,
1490 3231 1579 3300 quae
1594 3209 1688 3299 apud
1706 3232 1769 3278 vos
1792 3211 2015 3299 inciderunt,
2039 3218 2202 3291 facerem.
2252 3223 2325 3295 Sed

1341 3334 1455 3404 neque
1481 3332 1621 3378 caussae
1634 3311 1749 3378 fontes
1764 3313 1865 3392 nnvi,
1899 3340 2015 3409 neque
2031 3342 2087 3385 me
2102 3319 2254 3392 iudicem
2270 3327 2324 3394 fa·-

1341 3414 1406 3481 cin.
1456 3409 1496 3481 si
1520 3411 1607 3502 quid
1631 3424 1748 3480 taruen
1775 3436 1875 3503 posse
1896 3441 1916 3484 a
1938 3443 1993 3486 me
2012 3420 2086 3488 fieri
2102 3422 2326 3513 existimabis,

1340 3513 1545 3602 significato.

1441 3612 1545 3681 Nunc
1567 3624 1602 3681 te
1618 3637 1703 3694 nro,
1727 3626 1768 3684 ut
1786 3616 1971 3702 mendico,
1996 3613 2170 3692 Iohanni
2182 3620 2325 3726 Tschep

1342 3709 1528 3783 Olavieusi
1536 3762 1548 3796 ,
1576 3696 1638 3805 qhi
1653 3714 1723 3784 tuit
1738 3717 1795 3801 in,
1822 3718 1940 3788 nescio
1956 3745 2048 3813 quo,
2075 3726 2222 3816 collegio
2238 3728 2324 3800 Mo-

1342 3810 1553 3896 nachnrum,
1580 3814 1674 3884 idola
1697 3818 1906 3904 colentium,
1931 3836 1964 3892 ct
1985 3847 2081 3894 nunc
2093 3825 2207 3898 Deum
2233 3847 2326 3901 recte

1341 3917 1506 3984 invocare
1523 3915 1645 3998 discit,
1665 3919 1791 4007 stipem
1808 3923 1962 4010 colligas.
2014 3924 2145 4014 Spero,
2166 3932 2248 4000 usui
2263 3934 2324 4001 lu-

1341 4031 1461 4105 turum
1487 4037 1559 4082 esse
1580 4015 1619 4082 in
1645 4018 1804 4085 ducenda
1829 4018 1983 4091 Ecclesia
2012 4026 2153 4101 alicubi.
2214 4031 2324 4104 Mitto

1341 4116 1442 4185 vohis
1456 4114 1620 4205 pagellas,
1645 4142 1793 4208 quarum
1809 4120 1995 4190 lectionem
2012 4147 2114 4213 spero
2132 4130 2232 4198 vobis
2249 4157 2325 4204 nnn

1340 4218 1520 4285 insuavem
1538 4215 1625 4284 sore.
1664 4214 1867 4288 Benevalc.
1904 4221 2048 4297 Die28.
2066 4224 2170 4303 Febr.
2205 4229 2324 4304 Reve-

1339 4320 1452 4386 rendo
1483 4318 1577 4399 viro,
1620 4316 1776 4388 Domino
1796 4316 1956 4393 Musaeo
1978 4341 2012 4396 et
2034 4329 2133 4397 vobis
2156 4335 2324 4406 omnihus

1339 4420 1487 4490 salutem
1505 4431 1600 4509 opto.

2073 4470 2272 4623 Philippus.

1337 4725 2324 4758 ...-.-------.-..............,,,,,,,,

1347 4852 1539 4928 nonnas.

1339 4951 1548 4984 Μ

1612 5018 1779 5108 Ραωὶο’
1793 5022 2045 5112 Praetorio.

1407 5183 1444 5237 Er
1461 5193 1570 5254 autogr.
1588 5184 1616 5236 io
1635 5180 1698 5238 nod.
1719 5182 1791 5237 Seid.
1811 5185 1913 5239 Dresd.
1937 5183 2007 5238 edita
2024 5185 2053 5241 in
2072 5188 2126 5242 Pro
2162 5226 2170 5245 .
2191 5192 2212 5248 l.
2234 5194 2324 5265 Weg-

1437 5255 1542 5376 satagat.
1560 5273 1603 5323 ep.
1615 5251 1640 5309 6.
1675 5251 1831 5307 invenimus
1848 5253 2024 5326 apographon
2044 5254 2073 5311 in
2087 5276 2122 5315 eo
2143 5260 2260 5320 ,Mein
2272 5263 2326 5326 lv.

1438 5341 1478 5394 p.
1515 5358 1524 5378 .

2184 4879 2216 4944 4.
2232 4865 2296 4941 lan.

2152 4962 2324 4992 m
