1483 1683
234 956 236 958 ·
251 957 260 964 κ

269 409 275 412 ,
302 391 376 409 Christi.

299 170 337 190 935

299 213 329 231 dia
338 213 360 230 ad
368 207 444 235 gloriani
452 211 495 233 Dei,
507 204 721 235 Reipublicae‘saluteQ
735 216 752 230 et
765 216 794 230 to-
807 216 810 220 '

300 242 336 256 tam
349 238 469 261 posteritatem
484 238 580 260 pertinent.
610 237 670 260 Quare
687 238 794 260 negligentia

301 265 320 282 in
327 264 411 281 discendo
420 263 474 281 laedit
481 263 555 286 gloriam
563 262 607 284 Dei,
615 263 707 285 perturbat
713 263 794 286 Rempu-

302 290 377 310 blicam,
390 292 408 306 et
420 292 472 307 nocet
483 289 532 306 omni
544 289 648 312 posteritati.
674 288 717 306 Ideo
728 288 795 306 adhor-

301 319 330 333 tor
342 320 374 332 vos
385 318 458 337 propter
470 313 538 334 Deum,
555 318 575 332 nt
585 320 643 331 mores
655 315 761 336 emendetis,
778 318 795 332 et

302 340 426 361 consideretis,
440 340 482 364 quid
492 340 568 362 postulet
576 340 622 357 ratio
629 340 682 357 officii
692 341 754 361 vestri,
765 347 794 358 co-

302 366 360 389 gitetis
368 365 447 383 scholam
456 371 493 383 esse
502 365 613 388 praecipuam
628 369 695 388 partem
706 365 795 384 Ecclesiae

405 391 438 409 Est
449 395 507 408 autem
519 397 581 414 magna
590 391 680 414 impietas,
693 392 744 409 malis
756 398 795 409 mo-

302 417 352 435 ribus
363 420 380 434 et
391 417 479 434 scandalis
490 416 589 434 deformare
597 416 701 435 Ecclesiam.
728 416 763 434 Ista
775 423 795 435 ex

303 442 445 466 praeceptoribus
453 442 515 459 vestris
523 442 603 465 quotidie
610 442 682 462 auditis,
695 442 751 465 Leges
758 449 794 460 esse

302 468 337 486 Dei
343 474 403 485 vocem
409 481 414 488 ,
426 473 490 491 easque
497 468 549 485 nohis
557 468 630 485 traditas
639 474 686 489 esse,
698 468 739 491 quia
747 468 795 486 Deus

303 494 345 511 velit
353 499 385 511 nos
392 499 425 511 suo
432 494 486 510 verbo
495 493 542 515 regi,
555 499 592 511 non
601 493 643 511 velit
651 499 683 510 nos
692 494 751 511 laxare
759 494 795 511 t're-

302 525 345 536 num
354 519 420 536 nostris
430 519 562 541 cupiditatibus.
589 518 680 536 promittit
687 518 735 536 Deus
742 520 794 537 etiam

303 545 380 567 praemia
388 544 525 565 obedientibus,
538 544 583 561 sicut
592 543 634 562 haec
646 544 683 567 ipsa
696 551 729 562 vox
742 549 795 562 testa-

303 574 340 588 tur:
352 570 426 587 Honora
435 573 502 593 patrem
510 573 527 587 et
538 573 621 589 matrem,
635 574 654 587 nt
665 570 689 587 sis
700 570 795 593 longaevus

303 602 356 618 super
373 599 443 613 terram¹
471 595 568 613 Foeliciora
587 599 640 613 erunt
658 596 676 613 in
692 597 742 613 omni
758 596 794 614 vita

302 621 376 639 consilia
384 625 452 641 vestra,
465 625 482 638 et
495 621 545 638 vobis
557 625 574 638 et
584 621 711 644 Reipublicae,
724 622 739 639 si
752 620 795 639 haec

303 647 353 664 initia
365 647 421 668 vitae,
433 650 450 664 et
462 646 512 670 quasi
520 647 599 669 primum
611 650 669 664 actum
681 651 727 664 recte
735 648 795 670 agetis.

292 672 367 695 *Contra
379 672 456 695 improbi
471 676 488 690 et
503 672 611 695 negligentes
622 673 691 690 dabunt
703 672 740 691 Deo
751 673 794 690 oiim

301 704 363 721 graves
370 704 440 721 poenas.
456 697 504 715 Deus
512 698 559 715 enim
567 704 603 715 non
611 698 677 716 favebit
684 704 745 715 eorum
752 705 795 716 ron-

302 724 347 741 siliis
354 727 410 747 atque
420 723 526 741 actionibus.
553 723 613 745 Quare
624 724 670 741 caeci
680 728 742 745 ruent,
755 730 795 742 cor-

302 752 364 770 ruent,
378 753 395 766 et
403 752 492 766 accersent
501 749 535 766 sibi
544 749 646 772 perniciem.
673 749 728 772 Saepe
741 750 794 767 etiam

302 778 374 798 propter
383 781 479 797 paucorum
491 775 569 792 furorem
578 778 683 792 evertuntur
694 778 741 792 totae
749 775 794 793 Res-

301 800 388 823 publicae.
415 800 468 817 Nulla
481 803 506 817 est
512 800 560 817 enim
569 800 654 822 sapientia
662 800 700 817 sine
710 800 748 818 Dro
757 801 794 818 for-

300 828 368 843 tunata.
398 824 441 842 ldeo
455 826 473 842 in
486 825 583 843 Salomone
595 826 679 848 scriptum
690 829 723 843 est:
746 825 794 844 Dens

300 852 331 869 dat
346 851 450 874 sapientiam
465 854 482 868 et
496 857 600 868 successum.
628 851 725 874 Proponite
739 852 794 874 igitur

300 877 357 894 oculis
371 880 388 894 et
400 877 477 899 praemia
489 880 505 894 et
515 882 591 899 poenas.
606 880 623 894 et
635 877 718 899 cogitate,
736 877 793 895 Deum

300 908 379 919 veracem
388 908 433 923 erse,
445 902 541 925 praestabit
549 901 597 919 hand
605 902 660 919 dubie
668 903 793 920 obedientibus

301 928 388 950 praemia,
402 931 418 945 et
425 928 487 950 puniet
495 931 611 945 contumaces.
638 927 677 946 Hoc
685 928 745 945 animo
757 929 792 945 iam

299 953 359 970 audite
371 956 445 974 statuta,
455 956 472 970 et
483 953 568 975 cogitate,
581 959 612 970 vos
622 952 660 971 Deo
672 954 791 971 obedientiam

299 979 374 999 debere,
391 982 408 996 et
425 977 473 996 hunc
487 979 553 996 cultum
567 978 604 996 Deo
617 985 654 996 esse
665 979 791 1001 gratissimum.

299 1004 374 1022 Nostrae
390 1004 438 1021 enim
450 1004 497 1026 leges
507 1003 554 1021 nihil
566 1005 660 1023 continent
672 1005 792 1028 tyrannicum,

298 1030 329 1047 sed
341 1033 433 1053 praccepta
440 1030 583 1052 complectuntur
590 1030 641 1047 utilia
650 1031 722 1050 studiis.
736 1031 791 1048 mori-

276 1075 288 1082 ,
298 1055 340 1076 bus,
357 1059 374 1073 et
386 1056 477 1073 communi
487 1055 618 1079 tranquillitati.
648 1055 685 1073 Nee
703 1056 752 1074 alind
769 1057 790 1074 de

298 1081 388 1102 moribus,
401 1084 418 1098 et
426 1087 468 1099 cura
477 1082 552 1098 tuendae
561 1081 697 1104 tranquillitatis
705 1081 791 1105 praecipi-

297 1112 346 1127 mus,
363 1113 416 1130 quam
425 1107 472 1130 quod
482 1106 529 1124 Deus
541 1113 551 1123 e
559 1107 608 1124 coelo
620 1107 680 1124 sonuit
687 1108 735 1124 clara
743 1114 790 1128 vote,

297 1132 381 1156 quodque
390 1131 478 1150 Dominus
486 1135 546 1149 noster
555 1131 602 1149 lesus
607 1131 689 1150 Christus
695 1133 790 1156 praecepit,

297 1158 328 1181 qui
336 1161 382 1175 certe
390 1158 478 1180 postulat,
492 1161 512 1175 ut
520 1158 573 1175 bonis
583 1158 664 1176 moribus
671 1157 789 1181 Evangelium

296 1183 349 1201 nobis
358 1184 443 1200 donatum
452 1189 545 1203 ornemus,
556 1187 577 1201 ut
589 1186 650 1201 nostra
660 1184 739 1207 exempla
751 1184 790 1201 aliis

296 1209 370 1231 prosint.
395 1207 419 1226 Et
430 1215 532 1232 quanquam
541 1208 574 1226 hae
582 1213 653 1227 nostrae
664 1209 709 1231 leges
721 1213 789 1227 tantum

296 1235 319 1252 de
327 1238 398 1252 externa
409 1234 544 1252 conversatione
553 1234 670 1257 praecipiunt:
684 1238 743 1252 tamen
755 1235 789 1252 sei-

294 1260 317 1277 tis
326 1259 371 1277 hanc
381 1260 506 1283 paedagogiam
514 1260 629 1277 necessariam
637 1266 679 1281 esse,
687 1266 740 1284 quam
748 1261 788 1284 qui.

295 1286 335 1303 dem
353 1285 420 1303 Paulus
434 1284 533 1303 honorifice
548 1285 634 1307 ornavit,·
644 1292 685 1303 eum
701 1286 735 1303 ait:
752 1292 788 1304 esse

294 1311 420 1334 paedagogiam
433 1312 452 1328 in
459 1310 561 1331 Christum,
577 1309 611 1328 hoc
622 1315 656 1332 est,
669 1311 788 1334 disciplinam,

294 1342 339 1360 quae
347 1336 441 1354 assuefacit
450 1337 502 1355 rudes
508 1351 513 1358 ‚
521 1340 541 1354 ut
548 1336 617 1354 discant
625 1336 788 1359 intelligereEvan-

293 1362 366 1385 gelium.
392 1362 434 1379 Non
443 1366 469 1380 est
477 1363 537 1380 efficax
545 1361 663 1385 Evangelium
671 1363 690 1380 in
698 1363 743 1384 iliis,
756 1363 787 1386 qui
800 1376 802 1382 ,

292 1391 393 1410 contempta
403 1388 509 1411 paedagogia
517 1388 611 1410 indulgent
620 1388 690 1406 viciosis
697 1389 787 1412 eupidita-

331 1419 344 1432 ι,

291 1414 348 1462 ἒεῗιᾱε
356 1443 387 1457 aut
395 1439 526 1462 parvisatienda
534 1443 564 1457 est.

433 1465 496 1483 Recita
503 1465 558 1487 igitur
564 1464 640 1482 statuta.

527 167 684 191 ALLOQUtA
709 168 747 187 ET
773 168 888 188 BREvEs
913 167 1089 187 CONCIONES.

371 1413 432 1436 Quare
440 1412 483 1431 haec
491 1414 598 1436 paedagogia
607 1420 719 1438 nequaquam
730 1414 786 1437 negli-
798 1410 801 1427 ‚¹

1281 169 1317 188 9³6

944 210 984 228 Post
994 210 1079 228 lectionem
1089 211 1196 227 etatum-um.

872 249 972 267 Audivistis
980 249 1060 271 statuta,
1073 249 1138 273 quibus
1145 249 1228 272 postulo,
1240 252 1262 267 ut
1276 249 1315 267 obe-

821 275 884 295 diatis,
898 279 971 298 propter
978 276 1083 293 mandatum
1092 274 1135 296 Dei,
1148 275 1179 298 qui
1187 275 1287 298 praecipit,
1298 279 1315 293 ut

821 307 883 318 omnes
895 301 930 324 legi
944 301 1026 321 divinae,
1043 304 1061 319 et
1071 300 1203 323 magistratibus
1220 301 1259 318 suis
1276 301 1315 318 obe-

821 327 878 344 diant.
904 326 957 344 Scitis
974 326 1022 344 enim
1040 326 1108 344 dictum
1125 326 1184 344 Pauli:
1200 325 1278 350 Necesse
1294 330 1316 345 est

821 353 903 373 obedire,
916 358 954 369 non
963 352 1021 370 solum
1029 355 1102 375 propter
1110 352 1154 369 iram
1160 365 1166 373 ,
1172 352 1204 369 sed
1212 352 1267 370 etiarn
1276 358 1315 375 pro-

822 382 861 401 pter
869 378 1001 396 conscientiam.
1027 377 1067 395 Hoc
1079 378 1146 395 dictum
1158 377 1210 395 vobin
1223 378 1316 401 proponite

822 404 950 425 adolescentes,
963 407 983 421 ut
994 409 1026 421 vos
1037 402 1137 423 coherceat,
1153 403 1195 426 quia
1207 403 1230 420 de
1240 407 1316 427 utroque

822 435 852 446 vos
861 430 956 450 admonet.
969 429 991 446 de
1003 435 1060 452 poena
1072 432 1090 447 et
1099 428 1166 446 iudicio
1175 428 1215 447 Dei.
1241 429 1289 447 Nam
1301 433 1316 446 et

821 454 870 473 Deus
879 453 955 472 retrahit
966 455 988 472 ad
1002 460 1076 477 poenam
1090 458 1209 472 contumaces.
1234 454 1261 472 Et
1273 455 1316 472 iilud

822 484 848 497 est
857 480 936 501 tristius,
950 480 997 503 qnod
1007 480 1074 497 Paulus
1081 480 1116 501 ait,
1129 480 1245 498 conscientias
1253 480 1316 503 pollui.

822 505 883 528 Quare
894 505 912 523 hi
925 506 956 529 qui
968 506 1032 523 timent
1039 505 1107 526 Deum,
1121 505 1154 523 isto
1163 505 1211 523 dicto
1223 506 1317 526 admoniti,

821 535 883 553 regant
889 537 948 548 mores
956 531 1070 554 diligentius,
1083 537 1106 549 ne
1119 531 1163 555 quid
1174 531 1243 549 saciant
1256 534 1316 549 contra

822 557 902 580 publicas
911 557 962 579 leges.

872 582 933 605 Nuper
942 585 1003 600 contra
1012 582 1097 600 {arctarer
1105 585 1169 600 temere
1176 582 1231 599 audio
1245 582 1265 599 in
1278 582 1316 600 foro

822 608 918 626 tumultum
927 614 964 625 esse
973 611 1041 629 ortum,
1054 608 1076 625 de
1083 613 1119 631 quo
1131 613 1185 630 pauca
1192 608 1281 631 quaedam
1290 608 1317 625 di-

822 640 868 651 cam:
882 633 948 651 Omnis
956 639 1053 651 concursus
1064 633 1195 654 multitudinis,
1207 633 1221 650 si
1229 634 1317 651 accedunt

821 659 936 679 vociferatio,
949 659 1020 676 iactatio
1034 659 1125 681 lapidum,
1138 663 1170 677 aut
1182 659 1249 676 similes
1260 659 1316 681 imp&

822 688 860 706 tus,
873 683 926 702 habet
934 685 1009 707 speciem
1020 684 1118 702 seditionis.
1145 684 1199 702 Scitis
1209 688 1270 702 autem
1282 690 1315 701 esse

821 716 908 728 summam
917 710 1056 733 turpitudinem,
1065 710 1149 727 seditioni
1157 710 1247 728 interesse.
1261 709 1316 727 Dein-

821 737 843 753 de
851 739 937 759 quantum
950 736 973 753 sit
984 735 1059 758 periculi
1070 735 1089 752 in
1099 735 1131 753 tali
1140 741 1238 755 concursu,
1252 741 1316 758 expen-

821 762 863 779 dite.
894 761 939 778 Nam
950 762 964 778 si
977 761 1054 779 vicissim
1067 767 1115 778 arma
1126 761 1174 778 cives
1185 761 1284 784 cepissent,
1300 765 1315 778 et

821 790 860 804 orta
876 787 938 804 suisset
952 787 1011 810 aliqua
1027 787 1098 807 caedes,
1114 792 1167 808 qnam
1182 786 1218 804 late
1234 790 1314 809 vagatum

822 815 866 830 esset
878 812 895 829 id
909 812 989 830 malum?
1014 812 1075 834 Quare
1086 812 1137 829 vobis
1150 812 1227 832 mando,
1242 818 1264 829 ne
1277 811 1313 835 quis

820 838 842 856 sit
852 842 904 855 autor
911 838 938 855 vel
946 838 1017 855 adiutor
1026 838 1088 855 talium
1096 843 1223 856 eoncursnum.

871 863 932 881 Audio
941 864 1026 887 quosdam
1038 863 1093 881 fuisse
1104 862 1238 884 dehortatores,
1252 862 1312 881 horum

820 889 906 907 modestia
917 889 970 912 digna
984 892 1010 906 est
1021 889 1079 907 laude.
1105 888 1200 912 imperitos
1211 892 1272 906 autem
1284 889 1313 906 ad-

819 921 893 936 moneo,
914 918 934 932 ut
951 914 1025 937 periculi
1040 914 1181 937 magnitudinem
1197 915 1313 932 considerent.

819 940 839 958 Si
852 940 911 964 enirn¹>
925 940 973 963 quod
985 939 1033 957 Deus
1049 939 1151 963 prohibeat,
1167 940 1226 957 caedis
1241 940 1312 957 initium

820 966 877 987 fleret,
894 966 938 989 quid
952 966 1032 983 futurum
1045 965 1102 983 met?
1127 965 1203 983 Nostrae
1219 966 1272 986 fidei.
1288 969 1312 983 tot

819 989 889 1009 honesti
908 990 998 1011 homines,
1015 994 1098 1014 parentes
1113 991 1168 1009 vestri
1185 997 1228 1009 suos
1242 991 1311 1011 liberos.

818 1022 863 1040 quos
871 1015 936 1034 habent
947 1017 1057 1038 carissimos,
1071 1017 1207 1038 commendant,
1221 1017 1284 1034 volunt
1293 1019 1311 1033 ut

818 1043 864 1065 apud
873 1048 906 1060 nos
912 1042 948 1060 nint
956 1042 975 1059 in
984 1045 1033 1064 tuto,
1046 1042 1082 1060 acsi
1091 1042 1141 1059 domi
1152 1046 1212 1060 essent
1224 1042 1270 1060 intra
1283 1048 1311 1065 pa-

818 1071 888 1085 rentum
897 1071 941 1086 tecta
950 1071 967 1086 et
975 1071 1053 1091 penates.
1080 1067 1117 1085 Nos
1128 1074 1201 1091 quoque
1212 1071 1271 1091 tegere
1283 1073 1310 1085 eon

817 1093 845 1111 vel
853 1100 893 1111 cum
904 1094 950 1111 vitae
958 1097 1029 1111 nostrae
1036 1094 1115 1117 periculo
1121 1094 1211 1117 cupimus.

868 1123 904 1141 Sed
912 1124 990 1141 vicissim
998 1124 1032 1146 ipsi
1040 1130 1077 1141 non
1085 1124 1150 1142 debent
1158 1129 1197 1141 esse
1203 1124 1309 1142 seditionum
1335 1145 1337 1148 ι

816 1153 896 1170 autores,
904 1155 942 1166 non
949 1150 1014 1167 debent
1023 1150 1095 1167 turbare
1103 1155 1216 1167 communem
1223 1149 1310 1173 tranquil·
1335 1149 1337 1152 ’

816 1175 889 1193 litatem.
916 1174 959 1193 ldeo
968 1175 1056 1192 admoniti
1065 1175 1103 1193 sitin
1109 1175 1237 1193 modestiores.

866 1204 958 1222 Praeterea
970 1208 1068 1222 nocturnae
1076 1204 1214 1222 vociferationes
1223 1205 1274 1222 valde
1285 1204 1308 1221 oi-

815 1230 891 1248 sendunt
906 1236 967 1252 graves
980 1230 1036 1251 viros,
1054 1233 1071 1248 et
1083 1231 1161 1253 profecto
1173 1234 1216 1248 sunt
1228 1231 1307 1247 indecora

815 1254 934 1276 scholasticis,
946 1258 964 1273 et
973 1255 1064 1273 interdum
1072 1256 1158 1278 praebent
1166 1256 1270 1273 occasiones
1283 1259 1307 1273 tn-

815 1281 906 1299 multibus.
937 1280 979 1298 Ideo
992 1281 1127 1299 vociferationes
1138 1281 1178 1299 illas
1189 1282 1257 1299 iterum
1270 1287 1306 1304 pro—

815 1306 902 1325 hibemus.
930 1306 1014 1324 Ululatus
1022 1307 1049 1324 illi
1057 1307 1141 1324 nocturni
1152 1307 1221 1330 proprii
1231 1310 1275 1325 sunt
1283 1307 1304 1324 lu-

814 1339 884 1356 porum.
910 1332 988 1350 Minime
1000 1336 1059 1350 autem
1072 1333 1121 1350 decet
1129 1338 1161 1350 vos
1172 1332 1242 1351 imitari
1255 1333 1303 1356 lupos.

814 1358 842 1376 Sit
851 1365 885 1376 nox
894 1359 949 1381 quieti
958 1362 975 1376 et
984 1358 1109 1382 tranquillitati
1118 1358 1215 1380 destinata,
1226 1362 1247 1376 ut
1256 1359 1304 1376 inter-

814 1385 845 1401 diu
853 1384 909 1406 magis
916 1384 976 1401 idonei
985 1384 1006 1401 ad
1015 1384 1078 1402 studia.

865 1413 891 1431 De
899 1414 962 1431 vestitu
970 1414 1022 1431 etiam
1035 1414 1094 1431 dicere
1102 1413 1160 1437 cupio.
1186 1413 1223 1431 Sed
1233 1414 1254 1431 in
1263 1416 1303 1432 tanta

813 1439 884 1456 licentia
896 1445 958 1462 parum
971 1439 1066 1462 proficiunt
1077 1439 1136 1457 verba.
1166 1438 1239 1457 Hortor
1251 1444 1304 1458 tamen

797 1471 800 1485 Α·
813 1465 920 1482 modestiora
933 1465 1013 1488 ingenia,
1026 1468 1046 1483 ut
1057 1465 1076 1482 in
1089 1465 1154 1483 vestitu
1166 1471 1204 1483 non
1213 1465 1304 1484 imitentur
1331 1487 1334 1490 Δ
