4748 6022
110 228 188 307 ns
702 175 1118 312 Quarsrtonus
1151 203 1552 296 tcnndntcan
2039 181 2146 298 'rso

110 414 154 473 ug
168 420 273 470 ,uum
291 391 442 489 qunque
457 406 585 468 teneat,
636 390 711 465 lam
727 388 767 465 hi
781 392 916 465 reditu,
931 415 1007 462 „011
1022 401 1106 461 aunt
1156 383 1380 459 temnenda„
1427 381 1546 455 Multa
1568 398 1713 459 naturae
1741 388 1911 464 miracula
1932 387 2144 485 Philosophi

110 498 306 595 impiorum
324 495 610 582 Canonicorum,
630 496 692 567 sed
704 509 794 591 sunt,
804 516 907 565 verae
915 491 1105 569 Ecclesiae.
1154 483 1376 573 collegerunt
1398 483 1436 553 in
1459 486 1576 572 coelo,
1601 491 1701 574 aiire,
1729 493 1986 582 animantibus,
2011 495 2143 589 plantis

110 603 234 694 Quare
249 597 480 689 Magistratus
495 599 642 669 reddere
657 620 717 668 eoa
731 620 835 667 verae
848 593 1026 669 Ecclesiae
1041 595 1104 665 de-
1154 585 1416 665 dnimddverffls
1448 588 1560 658 multa
1582 605 1783 664 monstrant
1803 597 1946 687 vestigia
1971 597 2142 669 divinita-

81 700 82 704 ’
109 707 190 796 bet,
225 715 259 772 eg
284 725 437 792 poenam
461 716 611 791 sumere·
626 699 671 769 de
694 698 832 791 impiis,
865 710 1036 792 unquam
1058 696 1104 767 de
1154 686 1220 771 tia,
1243 687 1304 755 scd
1320 687 1477 777 profecto
1493 688 1721 763 Metellorum
1741 697 1974 771 consideratio
1988 723 2064 768 non
2084 722 2141 769 cc-

110 803 366 900 prgedonibug,
1033 820 1037 827 =
1153 787 1205 857 dit
1219 785 1291 857 illis
1316 800 1462 858 naturae
1483 792 1654 880 partibus.
1703 790 1838 870 Amant
1851 793 1936 870 haec
1957 815 1990 873 et
2006 800 2140 871 muan-

212 904 345 994 Magna
362 901 518 994 proiecto
532 901 718 975 necessitas
735 913 805 982 est,
828 899 998 973 acerrime
1010 892 1102 968 banc
1152 902 1211 961 tur
1226 883 1389 965 homines
1407 890 1569 966 utilitatis
1583 918 1705 981 causa,
1733 921 1798 968 nec
1812 896 2142 992 reprebendohunc

111 1032 252 1081 causam
267 1006 334 1095 agi,
384 1002 572 1073 Nigienim
587 1004 769 1074 facultates
784 995 1102 1085 oegdgtgugnmrEe.
1152 991 1334 1074 affectum,
1368 989 1427 1061 Sic
1443 993 1538 1062 enim
1554 1009 1589 1067 et
1604 1019 1660 1065 res
1677 998 1762 1068 alias
1776 1001 1905 1075 multas
1919 1003 2143 1095 suspicimus.

110 1112 255 1194 clesiae,
282 1106 371 1177 boni
389 1117 545 1196 pastores
560 1119 594 1174 et
610 1128 779 1198 pauperes
792 1099 993 1175 scholastici
1007 1103 1100 1171 fame
1151 1090 1221 1165 Sed
1249 1104 1363 1162 nmen
1391 1106 1443 1163 est
1462 1094 1575 1167 animi
1595 1097 1688 1168 bene
1708 1099 1879 1189 instituti,
1908 1128 1983 1174 non
1999 1117 2138 1174 tantum
2237 1143 2248 1161 =

109 1213 297 1305 peribunt,
330 1206 445 1278 studia
470 1206 737 1298 extinguentur,
767 1208 919 1277 deerunt
933 1201 1102 1275 Ecclesiis
1151 1193 1339 1265 utilitatem
1350 1196 1519 1284 cogitare,
1537 1200 1598 1269 sed
1611 1199 1716 1268 etiam
1732 1216 1876 1274 naturas
1885 1206 1979 1298 ipsas
1995 1205 2140 1279 intueri.

110 1328 147 1386 et
162 1309 394 1405 Reipublicae
411 1307 553 1377 literati.
703 1335 721 1359 υ
1149 1292 1233 1366 Non
1262 1295 1358 1365 enim
1386 1308 1524 1369 tantum
1552 1300 1721 1392 opinione
1749 1298 1936 1377 hominum
1955 1306 2141 1393 differunt,

213 1412 319 1503 Agite
331 1410 442 1500 igitur
454 1422 489 1479 et
504 1406 681 1498 publicam
696 1402 875 1477 Ecclesiae
889 1423 1051 1498 causam,
1066 1419 1102 1479 et
1151 1396 1212 1467 sed
1225 1393 1339 1482 Deus,
1363 1410 1403 1468 ut
1416 1400 1533 1489 precia
1545 1402 1776 1490 discerneret,
1801 1406 1916 1476 voluit
1930 1408 1999 1477 alia
2012 1408 2138 1479 metal-

110 1529 282 1597 vestram,
306 1525 343 1583 et
361 1513 464 1583 tucos
482 1509 563 1580 illos
584 1508 629 1578 ab
652 1508 801 1578 alveolis
820 1510 1006 1601 depellite,
1038 1508 1101 1602 qui
1150 1497 1184 1569 lt
1203 1500 1427 1589 genetotiora
1448 1524 1521 1573 csse
1543 1505 1633 1574 aliis.
1682 1503 1776 1575 Mira
1792 1507 1900 1597 igitur
1915 1508 2139 1598 singulorum

109 1618 309 1689 vastitatem
324 1614 364 1683 in
379 1609 555 1696 Ecclesia,
581 1626 756 1700 quantum
772 1611 810 1681 in
826 1610 914 1701 ipsis
928 1626 1001 1693 est,
1025 1610 1101 1681 effi·
1151 1600 1356 1691 ⁰⁵1⁰1'5802.
1385 1601 1476 1675 mira
1503 1599 1702 1697 tympalhid
1731 1621 1765 1678 el
1787 1608 1973 1684 discordia.
2032 1606 2138 1679 Unde

111 1743 188 1789 cere
205 1729 391 1788 conantur.
444 1710 711 1801 circumspicite
731 1705 980 1783 hunccoemm
995 1708 1100 1781 acho.
1149 1701 1391 1771 testimonium
1415 1703 1553 1775 illustre
1580 1707 1672 1779 sumi
1696 1721 1827 1799 potest,
1851 1706 1948 1780 branc
1962 1711 2140 1781 mundum

111 1820 336 1898 lecticorum,
363 1837 468 1911 quam
490 1813 602 1884 multa
623 1807 780 1882 sunthic
797 1813 937 1901 ingenia
955 1814 1101 1904 optima,
1150 1825 1226 1873 nun
1243 1824 1315 1873 esse
1335 1826 1418 1873 casu
1433 1820 1562 1880 ortum.
1602 1807 1695 1881 Sunt
1712 1811 1808 1881 enirn
1824 1812 2046 1901 singulorum
2062 1833 2138 1882 ωε-

111 1924 157 1991 ad
175 1908 340 1991 virtutem
361 1915 532 1985 cet-literas
548 1914 694 1999 idonea,
726 1934 817 2006 quae
841 1912 911 1984 nisi
935 1914 984 1984 eis
1007 1912 1098 1986 Res-
1150 1903 1315 1983 ultorum
1341 1918 1453 1976 certae
1476 1907 1587 1999 leges,
1622 1924 1657 1982 et
1681 1927 1773 1983 certa
1793 1938 1872 1983 curn
1889 1890 1969 1983 aliis
1984 1914 2138 2000 foedera,

108 2023 251 2116 publica
276 2016 540 2112 opitulabitur,
564 2017 725 2084 deserere
748 2013 864 2083 studia
880 2029 1027 2107 propter
1042 2014 1099 2083 in·
1150 2017 1208 2087 ut,
1233 2003 1392 2095 Argenta
1408 2033 1486 2077 cum
1498 2007 1654 2095 Galena,
1680 2037 1763 2083 nam
1778 2011 1936 2085 sinehac
1951 2028 2137 2104 argentum
2252 2027 2264 2037 ”“
2291 2011 2308 2075 ἕ.

106 2125 227 2217 opiam
261 2130 443 2209 cogentur.
506 2113 574 2185 llis
602 2114 848 2205 opitulamini,
890 2110 955 2187 bos
984 2117 1035 2186 ali
1064 2127 1100 2186 et
1150 2108 1297 2199 excoqui
1312 2132 1386 2177 non
1405 2125 1528 2198 potest.
1579 2111 1754 2203 Purgatur
1774 2117 1905 2205 optime
1925 2112 2065 2188 Aurum
2079 2139 2138 2186 ar·

108 2216 548 2306 iuvffl3p1,3;,gfflfihus
571 2215 673 2285 ἰωὴ
684 2211 799 2295 Deus,
815 2230 860 2287 ‚01
872 2218 1015 2309 quidem
1030 2216 1100 2308 ipsi
1150 2219 1257 2295 gento
1281 2210 1383 2294 vivo,
1407 2234 1488 2281 cnm
1506 2227 1641 2285 caetera
1657 2218 1796 2285 metalla
1817 2217 1979 2290 innatare
1992 2229 2137 2305 argento

107 2325 274 2397 Canones
287 2320 411 2389 iubent
427 2317 477 2388 eia
490 2341 594 2410 opem
613 2317 699 2387 icrri
711 2341 752 2387 ex
766 2313 1005 2390 Ecclesiamm
1020 2322 1099 2411 opi.
1150 2308 1234 2379 rivo
1260 2310 1406 2385 soleant.
1465 2307 1604 2385 Aurum
1626 2316 1658 2385 ei
1679 2332 1869 2407 repugnat,
1901 2332 1936 2389 et
1951 2318 1990 2387 in
2006 2343 2047 2388 eo
2062 2341 2137 2391 cer·

107 2429 192 2499 bus.
236 2423 310 2494 Sed
328 2418 469 2491 audiam
482 2432 582 2489 tuam
601 2418 837 2491 sententiam..
876 2415 974 2490 Dixi.
1024 2496 1031 2508 x
1149 2409 1284 2480 tamine
1297 2411 1429 2502 optime
1446 2431 1634 2504 purgatur,
1655 2441 1696 2487 ac
1710 2420 1859 2491 discedit
1874 2445 1895 2491 a
1912 2432 2060 2511 purgato
2079 2444 2137 2491 ar-

302 2556 308 2565 .
391 2560 394 2565 .
1147 2525 1294 2600 gentum
1311 2513 1448 2600 vivum,
1473 2538 1579 2610 seque
1594 2519 1638 2587 ab
1654 2543 1695 2588 eo
1710 2521 1892 2610 disiungit.
1932 2522 2136 2612 Dicaapro·

1147 2614 1340 2703 pemodum
1365 2615 1555 2705 imaginem
1578 2641 1651 2688 esse
1667 2619 1863 2694 discordiae
1879 2624 1973 2693 inter
1988 2624 2137 2692 verbum

549 2764 553 2783 ‚
682 2762 685 2770 .
1146 2708 1219 2785 Dei
1232 2727 1267 2783 et
1276 2708 1469 2785 humanam
1484 2719 1705 2811 sapientiam.
1756 2720 2136 2807 anteferuntaumm.

125 2809 270 2885 Nasu
488 2855 490 2859 ι
720 2830 723 2835 ·
839 2805 1096 2892 tasopctaau
1150 2814 1232 2906 quia
1256 2816 1361 2887 durat
1379 2817 1415 2885 in
1440 2817 1539 2906 igne,
1563 2823 1624 2891 sed
1645 2822 1792 2914 opinor,
1817 2826 1904 2895 alias
1920 2825 2024 2896 ctiam
2042 2825 2137 2897 mul·

113 2907 286 2938 Μ
879 2899 1090 2936 Μ
1149 2927 1201 2985 tas
1217 2940 1337 2987 causas
1361 2940 1452 2999 esse,
1478 2943 1549 2991 cur
1572 2922 1618 2991 sit
1638 2929 1841 3012 generosius
1857 2928 2137 2999 existimandum.

1149 3016 1243 3104 Quia
1254 3020 1413 3090 nativum
1429 3044 1554 3091 aurum
1570 3047 1705 3096 venena
1719 3030 1856 3117 prodit,
1881 3027 2030 3099 exiliunt
2040 3028 2136 3098 enim

109 3169 285 3256 Quaegggo
312 3163 358 3234 g,
383 3157 494 3231 nrm,
517 3157 741 3244 mmmm,
771 3162 935 3230 migma
954 3176 979 3227 a
994 3159 1095 3254 Μαθ.
1149 3142 1167 3186 e
1191 3121 1328 3236 poculis
1350 3122 1466 3191 aureis
1482 3121 1612 3211 lrides,
1643 3141 1678 3196 et
1702 3131 1834 3201 accedit
1855 3130 1978 3220 igneus
1992 3129 2135 3217 stridor,

103 2979 107 2983 ,
206 3008 238 3063 ln
258 3002 424 3075 Quaestion·
442 2997 530 3073 de.
604 2976 640 2985 Η

139 3267 354 3343 Iohanne
380 3256 662 3348 Magggeggo,
693 3256 808 3332 Md.
825 3264 932 3350 Sep,
953 3257 1064 3339 1540·
1148 3242 1247 3310 qnasi
1269 3223 1348 3293 auri
1370 3225 1589 3297 extrudentia
1613 3251 1758 3305 venena.
1809 3230 1925 3319 Quam
1940 3233 2135 3323 aptafimj.
2236 3298 2240 3304 Α
2361 3220 2370 3231 ,

1143 3321 1264 3398 litudo
1288 3337 1360 3408 eat,
1393 3324 1592 3414 significans
1616 3329 1678 3412 iis,
1705 3332 1765 3422 qui
1789 3334 1931 3405 coelesti
1953 3333 2136 3407 doctrinae

106 3420 265 3522 Semper
281 3428 331 3498 ita
346 3424 458 3505 sensi,
483 3417 550 3493 bos
567 3433 687 3492 coetus
700 3433 739 3491 et
750 3421 914 3512 publicos
930 3446 1095 3514 congres-
1147 3422 1502 3509 infunduntvenena‚
1515 3424 1632 3498 Deum
1639 3431 1768 3500 minari
1777 3433 1948 3505 iudicium
1958 3450 1992 3507 et
2002 3434 2136 3524 ignaru

107 3558 167 3607 sus
186 3529 470 3602 doctissimorum
498 3517 686 3594 bominum
713 3536 861 3612 propter
889 3518 1096 3595 honestissi-
1146 3521 1264 3594 Multa
1287 3521 1492 3599 huiusmodi
1511 3531 1668 3622 symbola
1692 3554 1966 3615 commercarere
1988 3559 2135 3629 possem,

106 3658 183 3706 mas
197 3654 317 3702 causas
340 3628 521 3698 institutos
544 3647 637 3707 esse,
668 3624 707 3693 in
726 3623 854 3716 quibua
868 3626 1019 3696 maxime
1031 3629 1096 3697 de·
1146 3626 1178 3693 si
1193 3625 1314 3697 liceret
1330 3622 1412 3695 buic
1428 3644 1635 3719 argumento
1655 3631 1849 3710 immorari.

104 3750 163 3809 cet
178 3733 249 3803 dici
265 3729 400 3821 aliquid
415 3751 455 3796 ac
472 3725 588 3795 audiri
606 3749 647 3793 ex
665 3724 809 3814 optimis
826 3724 979 3811 artibus,
1006 3752 1095 3819 quae
1248 3725 1318 3797 Sed
1339 3727 1446 3797 venio
1473 3731 1517 3798 ad
1540 3733 1798 3824 quaestionem:
1834 3734 1970 3809 Utrum
2002 3759 2045 3807 nc
2069 3735 2132 3828 sit,

99 3848 190 3909 suot
201 3833 308 3903 utiles
323 3829 426 3898 vitae.
468 3824 667 3914 Quareetsi
681 3819 772 3895 mihi
788 3825 924 3914 ingenii
939 3828 1008 3897 mei
1025 3829 1094 3898 im·
1146 3822 1247 3924 quud
1259 3826 1386 3901 scribit
1394 3823 1570 3915 Plinius,
1596 3828 1797 3926 Argentum
1811 3845 1955 3907 tantum
1970 3847 2132 3910 exterra

104 3934 281 4009 bacillitaa
302 3942 387 4001 nota
409 3939 479 4011 est,
511 3940 630 3996 tamen
647 3925 731 4018 quia
747 3929 963 4000 consuetudo
978 3925 1094 4001 Sebo·
1144 3951 1209 3999 scu
1232 3924 1424 4026 lapidibus
1448 3931 1717 4030 accopuandum
1747 3960 1842 4021 csse,
1876 3963 1939 4010 nec
1964 3962 2030 4035 per
2056 3944 2133 4013 sese¹

105 4042 161 4111 lae
184 4034 290 4105 nobis
312 4028 377 4102 has
400 4029 541 4099 dicendi
567 4041 682 4117 partes
703 4027 884 4109 attribuit,
921 4031 1006 4101 duxi
1029 4033 1094 4103 ob-
1142 4032 1255 4105 nasci
1271 4056 1419 4104 massas
1441 4035 1664 4129 argenteus?

102 4137 375 4229 ‚mmperandum
396 4153 470 4203 esse
491 4128 637 4220 publico
658 4129 771 4212 mori,
795 4154 836 4199 ac
856 4131 1020 4201 maluiin
1036 4157 1094 4205 me
1139 4210 1143 4217 ,
1248 4133 1365 4206 Verba
1387 4137 1465 4205 eius
1488 4136 1572 4209 baec
1594 4152 1694 4226 sont,
1720 4141 1813 4211 libro
1834 4145 1896 4217 dd.
1947 4142 2054 4214 Nulla
2074 4145 2133 4223 sui

104 4237 298 4314 desiderari
311 4233 568 4316 eruditionem,
584 4231 873 4324 quamollicium,
896 4247 932 4303 et
948 4235 1094 4323 parendi
1146 4258 1209 4326 spe
1223 4238 1399 4322 nascitur,
1423 4251 1488 4309 etc.
1538 4240 1657 4310 Nullis
1668 4254 1713 4311 ut
1727 4245 1869 4315 induro
1887 4245 2132 4321 interlucenti-

104 4345 333 4415 voluntatem.
384 4334 578 4408 Scioenim
594 4356 668 4400 non
686 4332 837 4421 flagitari
853 4357 873 4403 a
889 4335 994 4404 nobis
1012 4358 1094 4424 per-
1144 4336 1213 4407 bus
1224 4338 1407 4419 scintillis,
1432 4353 1526 4411 terra
1541 4341 1610 4413 alia
1623 4343 1717 4412 ruffa
1729 4356 1800 4425 est,
1825 4346 1893 4415 alia
1912 4348 2102 4420 cineracea.

103 4449 212 4516 fectae
227 4439 408 4511 doctrinae
423 4450 484 4506 aut
500 4434 722 4529 eloquentiae
738 4435 935 4524 specimen,
960 4437 1094 4535 sedin-
1228 4437 1341 4516 'Haec
1366 4440 1474 4511 verba
1504 4442 1554 4512 sic
1578 4443 1782 4533 intelligunt
1807 4449 1994 4534 nonnulli,
2031 4451 2132 4541 quasi

105 4547 226 4617 stituta
251 4554 301 4610 est
321 4539 537 4607 consuetudo
567 4537 842 4606 exercendorum
867 4537 1092 4626 ingeniorum
1143 4536 1285 4610 Plinius
1306 4542 1423 4611 nullas
1446 4543 1619 4616 existimet
1635 4569 1767 4627 massas
1785 4564 1967 4637 argenteas
1983 4575 2132 4641 peraeae

104 4669 219 4718 causa,
269 4640 390 4728 Quare
405 4638 570 4709 convenit
592 4660 655 4707 suo
672 4662 836 4731 querique
851 4637 930 4708 loco
948 4664 1092 4731 operam
1143 4641 1260 4716 nasci..
1302 4643 1455 4713 Addunt
1475 4647 1646 4734 amplius,
1678 4661 1814 4718 tantum
1835 4649 1874 4718 in
1891 4646 1947 4719 his
1960 4647 2131 4724 Bobemi-

104 4747 264 4820 conierre
287 4741 331 4810 ad
354 4741 633 4808 conservandum
656 4734 751 4808 bunc
771 4763 918 4816 morem.
976 4739 1093 4812 Vicis-
1138 4741 1202 4821 cis,
1211 4744 1394 4814 montibus
1419 4747 1567 4837 reperiri
1590 4771 1720 4817 massas
1741 4762 1941 4835 argenteas,
1972 4776 2036 4844 per
2058 4778 2132 4825 sese

104 4851 171 4921 sim
189 4858 241 4916 est
254 4839 485 4931 humanitatis
501 4851 654 4926 vestrae,
678 4854 718 4911 ut
728 4840 871 4927 soletis,
896 4865 961 4910 nos
978 4866 1091 4935 aequo
1141 4855 1261 4927 natas,
1286 4845 1372 4913 alibi
1390 4869 1465 4916 non
1480 4848 1638 4938 reperiri.
1690 4846 1842 4934 Quodsi
1861 4849 1909 4921 ita
1925 4867 1997 4936 est,
2027 4856 2131 4929 venie

103 4948 223 5023 animo
241 4942 376 5037 audire,
1135 4943 1260 5013 ‚danda
1282 4957 1334 5014 est
1356 4943 1495 5030 Plinio,
1530 4947 1592 5039 qui
1622 4961 1759 5019 nostras
1789 4972 1896 5020 venas
1925 4977 1999 5025 non
2028 4958 2131 5034 vidit.

98 5074 101 5079 ·
203 5045 252 5139 Er
265 5041 436 5141 quoniam
451 5037 542 5107 alius
556 5038 625 5107 alia
641 5038 686 5105 de
700 5060 740 5107 re
755 5031 816 5106 bic
829 5039 1001 5128 disputat,
1026 5062 1090 5130 ego
1143 5042 1213 5115 Sed
1229 5067 1297 5115 nos
1307 5046 1462 5116 vidimus
1477 5072 1497 5118 e
1511 5044 1662 5137 Carpato
1676 5063 1797 5119 monte
1813 5052 1936 5125 allatas
1950 5060 2130 5131 candidis-

101 5142 596 5252 quiadiuinlocisvenarum
606 5138 958 5223 metallicammvixi,
982 5165 1091 5232 quae-
1135 5143 1246 5225 sitnat
1267 5147 1517 5230 massas„lilis
1538 5148 1639 5240 quasi
1655 5150 1798 5220 artificis
1819 5177 1926 5225 manu
1943 5160 2131 5236 distinctis.
2212 5198 2234 5237 ρ
2271 5164 2277 5175 “

100 5259 251 5330 stionem
285 5249 329 5318 de
353 5241 544 5316 Metallicis
579 5240 692 5310 rebus·
713 5262 911 5329 proponere
938 5242 1090 5319 decrevi.
1134 5241 1269 5317 ,Narrat
1282 5244 1439 5327 Plinius,
1463 5250 1551 5318 adeo
1565 5250 1751 5339 opulentas
1766 5253 1872 5324 luisse
1887 5254 2157 5349 Hispanorum-

97 5359 165 5436 aar
184 5356 282 5429 enim
304 5360 338 5422 et
362 5340 449 5419 haec
471 5366 554 5438 pars
567 5336 738 5440 Physicae
759 5362 981 5439 nequaquam
1003 5368 1090 5421 con·
1134 5368 1264 5434 retus,
1291 5361 1330 5417 ut
1353 5344 1537 5425 Hannibal
1559 5344 1724 5426 habuerit
1742 5379 1783 5427 ex
1799 5364 1872 5428 uno
1888 5372 1994 5451 puteo
2008 5363 2129 5456 quoti-
