4748 6022
130 382 207 462 ros
729 378 1147 475 Quausrronrs
1181 376 1578 482 acanuuroau

2103 389 2178 462 tto

128 554 303 628 institutis
321 578 363 624 ae
384 553 522 644 legibus
540 576 684 648 parere,
706 578 812 649 quam
828 554 991 627 doctrina
1013 531 1128 627 excel·
1179 565 1221 625 ut
1244 573 1341 624 nunc
1373 549 1562 622 Pontifices
1592 547 1757 626 horribili
1785 556 1955 628 servitute
1976 555 2172 631 Ecclesiam

130 660 215 729 lere.
269 655 378 746 Quod
395 681 476 727 cum
493 655 646 729 arbitrer
660 678 724 727 vos
743 680 896 752 quoque,
920 657 1016 728 viros
1032 659 1128 750 opti·
1179 653 1406 747 opprimunt,
1448 655 1579 724 nolunt
1620 656 1785 748 explicari
1821 660 2002 750 dogmata,
2036 657 2171 733 Christi

128 785 208 830 mos
229 772 264 830 et
285 759 530 849 gravissimos,
553 758 704 844 sentire,
729 782 832 850 spero
855 770 920 831 v'os
936 760 1124 832 consilium
1177 756 1377 827 doctrinam
1398 755 1571 847 patelieri,
1596 758 1715 827 sanari
1733 775 1889 832 errantes
1904 776 1966 834 aut
1986 763 2169 854 ambigen-

131 887 251 934 meum
270 862 485 952 probaturos
505 881 595 947 esse,
620 862 718 956 quod
738 861 1000 933 laudatissimae
1022 857 1126 933 scho-
1177 873 1227 930 tes
1256 858 1500 929 conscientias.
1552 855 1786 955 Relinquitur
1810 862 1937 950 igitur,
1968 880 2009 935 ut
2032 866 2168 936 medius

130 968 185 1035 lac
201 962 452 1035 consuetudini
469 962 786 1055 obtemperandum
804 964 901 1035 duxi.
953 961 1044 1036 Cum
1058 989 1125 1035 an·
1176 960 1322 1055 quidam
1341 955 1521 1030 Ecclesiae
1543 973 1653 1030 status
1674 964 1851 1056 optandus
1874 965 1930 1038 sit.
1983 965 2053 1037 Sed
2081 963 2168 1038 haec

64 1103 67 1107 ·
129 1085 200 1140 tem
218 1091 292 1137 non
309 1065 441 1157 possim
460 1065 661 1158 eloquentia
679 1066 781 1136 vobis
797 1067 1005 1153 satisfacere,
1019 1057 1123 1136 vdabo
1175 1061 1418 1147 mediocritas,
1442 1061 1514 1131 nisi
1531 1059 1754 1136 Geometrica
1776 1067 2007 1157 proportione
2022 1084 2168 1155 constet,

129 1194 293 1262 operam,
333 1190 379 1235 ne
402 1166 460 1237 cui
481 1166 666 1257 prolixitas
694 1168 867 1240 orationis
897 1169 1042 1238 molesta
1068 1168 1124 1238 sit.
1175 1165 1294 1235 statim
1311 1167 1498 1254 degenerat
1512 1163 1551 1232 in
1566 1159 1796 1263 ὀλιγαρχίαν,
1812 1169 1870 1258 sel
1886 1167 1925 1238 in
1943 1171 2038 1261 vulgi
2056 1172 2167 1244 licen-

128 1270 176 1344 Et
191 1284 230 1343 ut
245 1270 404 1339 novitate
419 1269 576 1338 taedium
592 1268 711 1363 aliqua
729 1293 770 1339 er
785 1283 885 1361 parte
901 1270 1026 1357 levem,
1046 1294 1123 1340 ma·
1175 1267 1274 1338 tiam.
1326 1263 1392 1337 Est
1411 1279 1528 1336 autem
1544 1263 1705 1338 Platonis
1727 1270 1909 1361 proportio
1934 1271 1995 1341 illa
2012 1270 2167 1344 Geome-

127 1375 181 1445 lui
212 1372 453 1468 quaestionem
484 1371 640 1467 aliquam
672 1371 823 1462 agitare,
855 1396 961 1465 quam
991 1373 1121 1443 artium
1175 1368 1285 1454 trica,
1308 1392 1390 1438 curn
1411 1392 1487 1437 non
1507 1391 1602 1439 unus
1618 1369 1748 1464 aliquis
1767 1371 1988 1459 dominatur,
2013 1377 2071 1444 sed
2088 1400 2167 1467 gra·

127 1475 316 1546 encomion
331 1473 498 1558 recitare,
521 1470 629 1559 Quod
647 1497 688 1543 eo
710 1474 748 1542 in
774 1497 902 1564 genere
922 1475 960 1544 in
983 1470 1049 1545 hac
1065 1475 1124 1543 in-

128 1579 223 1668 genii
239 1576 493 1656 imbecillitate,
518 1568 611 1644 nihil
626 1575 782 1667 reperire
797 1576 911 1670 potui,
934 1579 1031 1671 quod
1048 1600 1122 1646 non

130 1695 218 1750 esset
237 1678 532 1766 vulgatissimum.

230 1780 429 1872 Disputabo
446 1780 570 1870 igitur:
597 1773 725 1875 Quare
738 1772 851 1849 Plato
867 1775 1024 1850 dixerit:
1042 1803 1122 1849 cum

128 1878 371 1982 Reipublicae
389 1889 528 1951 statum
552 1879 728 1977 optimum
753 1903 846 1968 esse,
872 1881 940 1980 qui
955 1883 1005 1952 sit
1028 1878 1123 1951 inter

129 1979 387 2082 Tyrannidem
419 1991 450 2052 et
475 1980 746 2051 Democrutiun
776 1977 937 2070 medius,
968 2007 1123 2079 propor-

128 2089 226 2160 tione
240 2082 480 2158 Geometricu.
531 2081 759 2153 Perliberalis
774 2080 862 2153 mihi
877 2086 952 2156 visa
973 2100 1024 2157 est
1039 2085 1122 2158 Pla-

128 2193 225 2263 tonis
249 2186 443 2269 sententia,
467 2199 504 2257 et
526 2187 571 2254 ad
595 2185 704 2256 vitam
728 2186 936 2269 utilissima,
963 2212 1067 2281 quam
1092 2190 1121 2259 si

129 2303 323 2384 sequautur
344 2289 389 2370 ii,
416 2289 478 2379 qui
501 2300 689 2379 praesunt,
714 2282 811 2357 haud
828 2290 937 2359 dubie
962 2290 1123 2360 beatissi-

128 2417 207 2462 mae
232 2404 337 2462 erunt
362 2389 530 2458 civitates.
582 2387 743 2459 Multum
764 2391 869 2461 etiam
889 2388 1121 2481 Reipublicae

129 2494 315 2578 conducit,
345 2491 502 2583 privatos
529 2515 605 2559 eam
632 2504 767 2576 tenere,
800 2504 842 2562 ut
864 2515 968 2562 suum
992 2495 1122 2580 locum,

130 2619 305 2690 suumque
333 2617 463 2663 munus
494 2593 545 2665 ita
575 2605 758 2677 tueantur,
789 2610 853 2674 ne,
887 2597 1121 2688 quantumin

130 2699 215 2791 ipsis
230 2714 298 2781 est,
322 2688 562 2787 pulcherrima
586 2694 648 2764 illa
672 2691 858 2764 harmonia
876 2693 1122 2768 Geometricae

128 2799 371 2893 proportionis
398 2798 636 2888 perturbetur.
696 2795 875 2884 Quantam
906 2812 1022 2869 autern
1049 2798 1121 2867 vim

128 2899 257 2974 habeat
273 2899 432 2971 Platonis
449 2898 602 2983 dictum,
628 2899 667 2966 in
691 2899 850 2989 exemplo
873 2900 1012 2971 facilius
1035 2925 1120 2970 con·

129 3006 217 3097 spici
236 3003 374 3097 poterit.

234 3105 278 3176 ln
293 3101 449 3175 Ecclesia
466 3102 618 3172 maxime
642 3101 740 3173 cerni
762 3115 895 3194 potest,
921 3128 1029 3197 quarn
1042 3127 1122 3194 per-

132 3209 290 3279 niciosus
313 3206 358 3275 sit
371 3219 521 3299 uterque
537 3218 664 3287 status,
690 3202 913 3302 Democratia
931 3218 965 3276 et
980 3204 1123 3300 Tyran-

129 3313 201 3382 nis.
253 3308 352 3398 Quid
378 3309 473 3377 enim
494 3307 655 3379 futurum
676 3320 783 3395 esset,
809 3308 838 3377 si
856 3309 963 3398 vulgo
980 3307 1123 3378 licentia

130 3415 402 3496 concederetur,
424 3412 586 3500 dogmata
609 3423 643 3479 et
658 3410 750 3480 ritus
770 3411 949 3481 condendi
965 3424 1026 3480 aut
1041 3434 1123 3479 mu-

130 3516 256 3588 tandi?
281 3512 400 3583 Tanta
415 3526 467 3582 est
480 3512 578 3601 vulgi
592 3512 758 3595 stultitia,
780 3525 852 3580 tam
867 3511 960 3580 caeci
975 3535 1014 3581 ac
1032 3512 1123 3581 varii

129 3620 302 3710 impetus,
327 3629 368 3684 ut
390 3613 530 3684 infinita
554 3613 753 3697 harbaries,
778 3613 988 3683 etomnium
1003 3637 1122 3683 rerum

132 3721 169 3788 in
187 3716 345 3787 Ecclesia
361 3714 521 3785 confusio
535 3715 655 3785 futura
671 3726 770 3783 esset.
824 3711 989 3784 Vidimus
1006 3738 1124 3783 exem-

130 3823 189 3911 pla
205 3818 390 3912 quaedam.
442 3815 515 3885 Nec
529 3816 599 3884 alia
613 3838 669 3885 res
685 3815 789 3885 initio
806 3813 1121 3907 Anabaptistarum

130 3921 307 3990 insaniam
329 3917 567 4003 confirmavit,
599 3917 669 3986 nisi
692 3913 779 3988 haec
801 3918 839 3987 in
859 3919 904 3987 iis
920 3919 1027 4004 locis,
1059 3919 1123 3989 ubi

131 4035 392 4105 convenerunt,
417 4018 657 4106 Democratia,
682 4020 722 4088 in
745 4045 814 4113 qua
828 4023 934 4111 vulgo
957 4016 1123 4091 homines

129 4125 305 4219 nepharii,
320 4122 488 4207 seditiosi,
503 4122 636 4214 cupidi,
653 4137 857 4214 sparserunt
869 4122 967 4196 varia
978 4125 1123 4214 dogma-

129 4245 176 4311 ta,
202 4228 262 4297 alii
277 4248 341 4317 per
354 4225 598 4306 ambitionem,
619 4223 680 4292 alii
698 4224 835 4296 incitati
851 4226 930 4295 aliis
946 4225 1123 4323 cupidita-

130 4333 245 4415 tibus,
271 4343 311 4399 ut
334 4341 513 4418 praetextu
528 4326 712 4415 religionis
734 4342 1035 4421 consequerentur
1059 4352 1123 4419 po-

131 4434 297 4517 tentiam,
324 4429 522 4523 diriperent
543 4428 761 4519 locupletum
786 4430 979 4504 facultates.
1030 4427 1123 4500 Nam

131 4538 171 4603 in
186 4535 292 4624 vulgo
308 4556 383 4601 non
407 4534 523 4602 solum
540 4531 640 4600 nulla
663 4531 752 4602 ratio
771 4545 838 4617 est,
863 4526 957 4600 nihil
972 4531 1124 4616 consilii,

131 4636 232 4704 nulla
252 4635 467 4720 moderatio,
489 4632 672 4703 sedetiam
694 4633 841 4725 plurimi
856 4648 939 4705 sunt
955 4634 1122 4725 improbi.

131 4733 180 4806 Et
196 4748 236 4805 ut
253 4736 401 4827 quisque
415 4736 608 4828 pessimus,
634 4735 888 4806 audacissimus
905 4759 945 4806 ac
962 4735 1125 4805 furiosis-

131 4839 243 4907 simus
259 4847 329 4915 est,
350 4836 399 4904 ita
413 4838 610 4927 plurimum
627 4837 738 4926 gratia
756 4851 861 4931 atque
876 4837 1068 4907 autoritate
1085 4836 1124 4904 in

132 4939 239 5029 vulgo
264 4935 384 5028 pollet.
431 4934 528 5005 Haec
551 4937 690 5008 notiora
705 4952 808 5023 sunt,
835 4961 939 5032 quarn
956 4951 997 5008 ut
1019 4938 1124 5026 longa

134 5041 295 5112 oratione
308 5061 398 5129 opus
414 5037 470 5108 sit.

233 5140 374 5215 Rursus
397 5152 430 5210 et
459 5134 642 5232 Tyrannis
670 5139 835 5230 pestilera
865 5151 917 5209 est
935 5133 1125 5224 Ecclesiae,

131 5270 214 5316 cum
237 5240 298 5328 hi,
325 5243 387 5335 qui
411 5240 664 5319 dominantur,
691 5239 765 5307 non
790 5242 877 5310 dant
899 5263 1058 5331 operam,
1084 5256 1124 5314 ut

132 5344 266 5419 Christi
288 5345 438 5435 gloriam
461 5367 502 5413 ac
518 5341 701 5412 veritatem
714 5342 867 5412 reddant
881 5341 1125 5429 illustriorem,

131 5474 209 5520 non
226 5447 421 5521 consulunt
443 5443 548 5516 saluti
568 5440 765 5524 Ecclesiae,
789 5444 850 5514 sed
872 5467 971 5515 suarn
988 5445 1126 5517 autori-

133 5567 261 5637 tatem,
287 5573 370 5622 suas·
388 5571 474 5641 opes
494 5547 685 5618 defendere
707 5556 772 5617 aut
788 5568 916 5637 augere
938 5559 1125 5631 conantur,

1175 1472 1242 1540 dus
1265 1470 1373 1555 fiunt,
1405 1483 1440 1541 et
1463 1469 1590 1541 delecti
1610 1471 1737 1563 optimi
1759 1487 1794 1545 et
1815 1474 2010 1544 doctissimi
2034 1479 2167 1574 quique

1176 1572 1371 1664 plurimum
1393 1573 1582 1643 autoritate
1607 1573 1737 1644 valent.
1793 1573 1857 1662 Ut,
1891 1576 1980 1646 siin
2007 1575 2165 1650 Ecclesia

1174 1674 1379 1767 praecipuas
1400 1673 1603 1746 functiones
1617 1676 1811 1747 doctissimi
1834 1691 1870 1750 et
1892 1679 2018 1771 optimi
2035 1681 2166 1776 quique

1175 1790 1338 1862 teneant,
1372 1800 1438 1846 nec
1462 1777 1600 1847 iaceant
1631 1778 1709 1869 pari
1735 1779 1903 1852 servitute
1926 1806 2049 1854 omnes
2078 1784 2166 1854 honi

1173 1879 1350 1972 oppressi,
1380 1880 1441 1948 sed
1464 1880 1592 1970 gratim
1615 1896 1812 1956 serventur.
1869 1883 2011 1954 Inducti
2033 1886 2165 1976 guber-

1173 1995 1317 2053 natores
1338 1981 1527 2052 admittant
1550 1981 1727 2052 bonorum
1749 1999 1784 2054 et
1800 1985 1985 2056 doctorum
2005 1988 2165 2059 virorum

1173 2083 1334 2173 consilia,
1360 2107 1434 2153 non
1448 2083 1715 2155 confundantur
1729 2087 1870 2177 gradus,
1895 2091 1956 2159 sed
1973 2090 2165 2184 unusquis-

1174 2209 1263 2279 que,
1288 2185 1386 2256 velut
1405 2185 1612 2265 stationem,
1635 2208 1738 2256 suum
1762 2188 1881 2257 locum
1899 2203 2041 2260 tueatur
2057 2206 2088 2261 et
2106 2218 2166 2263 or-

1173 2301 1245 2361 net.
1278 2282 1425 2356 Eruditi
1438 2287 1597 2358 iudicent
1610 2287 1655 2355 de
1671 2289 1844 2369 doctrina,
1872 2291 2006 2361 indocti
2024 2296 2165 2364 auscul-

1174 2402 1250 2459 tent
1284 2402 1319 2460 et
1350 2389 1612 2480 obtemperent,
1646 2414 1711 2461 nec
1739 2392 1778 2459 in
1805 2392 1937 2462 alienas
1964 2393 2166 2466 functiones

1175 2490 1396 2581 irrumpant,
1427 2492 1637 2581 conturbato
1669 2493 1814 2574 ordine,
1850 2496 1938 2566 sicut
1970 2512 2003 2567 et
2034 2495 2166 2569 Paulus

1173 2591 1378 2681 gravissime
1402 2604 1542 2671 monet,
1578 2592 1681 2682 capit.
1705 2595 1761 2667 12.
1785 2596 1831 2665 ad
1851 2593 2053 2683 Romanos,
2084 2625 2164 2669 cum

1175 2693 1363 2785 praecipit,
1388 2715 1434 2763 ne
1448 2693 1657 2763 immodeste
1681 2697 1724 2764 de
1747 2697 1851 2767 nobis
1866 2699 2077 2786 sentiamus,
2104 2706 2164 2772 sed

1173 2797 1417 2889 unusquisque
1432 2819 1496 2889 pro
1515 2817 1579 2864 suo
1597 2797 1693 2865 dono
1716 2802 1873 2870 modeste
1888 2798 2033 2887 serviat,
2059 2826 2164 2874 suum

1173 2921 1306 2968 munus
1320 2911 1434 2968 ornet.
1463 2894 1560 2966 Haec
1574 2911 1625 2968 est
1642 2899 1702 2968 illa
1719 2900 1840 2970 divina
1857 2902 2054 2994 proportio,
2076 2931 2166 3000 quae

1175 3001 1205 3068 si
1236 3013 1324 3070 esset
1353 2999 1392 3068 in
1415 2995 1572 3069 Ecclesia
1602 3013 1636 3069 et
1658 3000 1696 3071 in
1716 3000 1933 3096 Republica,
1966 3031 2047 3076 vere
2073 3010 2165 3081 beati

1174 3125 1341 3176 essemus.
1640 3155 1643 3167 .
1926 3157 1928 3159 .

1276 3201 1355 3273 Hoc
1371 3203 1529 3273 medium
1552 3203 1647 3274 inter
1663 3201 1908 3300 Tyrannidem
1925 3224 1959 3282 et
1973 3210 2165 3284 Democra-

1174 3306 1250 3377 tian
1272 3305 1560 3377 constituendum
1582 3330 1654 3376 esse
1677 3309 1897 3400 sapientibus
1918 3316 2166 3403 gubernatori-

1174 3411 1252 3493 bus,
1269 3407 1370 3478 Plato
1386 3406 1482 3476 dicit.
1517 3405 1588 3478 Sed
1604 3422 1778 3501 quantum
1792 3413 1836 3482 ah
1854 3408 1919 3482 hac
1932 3416 2046 3485 forma
2062 3419 2167 3487 distet

1173 3507 1353 3594 Ecclesia,
1378 3532 1453 3577 non
1474 3520 1524 3578 est
1544 3511 1745 3584 obscurum.
1797 3510 1887 3582 Nam
1911 3530 1971 3586 aut
1995 3516 2083 3586 iacet
2099 3543 2165 3610 op-

1173 3634 1292 3702 pressa
1320 3610 1529 3705 tyrannide,
1568 3623 1630 3681 aut
1657 3605 1879 3684 horribiliter
1907 3618 2100 3710 dissipatur
2126 3644 2166 3690 ac

1173 3713 1348 3783 laceratur
1366 3735 1385 3782 a
1402 3713 1519 3803 vulgo.
1570 3710 1643 3783 Nec
1657 3713 1745 3784 falso
1759 3716 1850 3788 dixit
1866 3716 1986 3800 Plato,
2015 3724 2165 3813 propor-

1173 3816 1309 3887 tionem
1330 3815 1430 3885 illam
1452 3814 1642 3885 difficulter
1665 3817 1841 3903 inveniri,
1868 3843 1907 3889 ac
1928 3823 2101 3892 iudicium
2121 3825 2165 3893 de

1174 3942 1213 3988 ea
1228 3943 1302 3987 non
1316 3941 1389 3987 esse
1405 3912 1615 4003 hominum,
1638 3920 1697 3987 sed
1713 3917 1801 3990 Dm.
1834 3920 1903 3992 Sed
1922 3936 2039 3992 tamen
2054 3925 2165 3997 inter·
2292 3976 2298 3991 .

1173 4022 1260 4091 dum
1286 4021 1442 4115 aliquam
1473 4019 1549 4089 eius
1584 4035 1718 4111 partem
1749 4025 1855 4092 rebus
1888 4018 2053 4095 humanis
2079 4051 2166 4097 con·
2289 4056 2293 4071 ·

1174 4123 1327 4212 tingere,
1353 4137 1388 4193 et
1402 4123 1431 4190 si
1447 4122 1533 4215 quid
1550 4123 1637 4215 boni
1655 4122 1700 4195 sit
1720 4123 1757 4190 in
1774 4123 1970 4216 Republica
1993 4129 2165 4199 beneficio

1175 4219 1283 4295 huius
1299 4224 1543 4315 proportionis
1560 4223 1719 4296 existere.
1762 4221 1971 4318 Optandum
1989 4231 2097 4319 igitur
2113 4245 2167 4301 est

1174 4327 1358 4411 omnihus,
1382 4340 1422 4396 ut
1438 4326 1533 4396 Deus
1554 4327 1747 4419 aliquando
1773 4321 1864 4398 hanc
1881 4329 2103 4402 Harmonian
2126 4333 2164 4401 in

1172 4425 1330 4498 Ecclesia
1346 4429 1524 4512 restituat,
1547 4443 1581 4500 et
1596 4453 1671 4514 nos,
1699 4429 1761 4522 qui
1778 4430 1815 4499 in
1831 4432 1957 4508 studiis
1973 4458 2166 4518 versamur,

1174 4533 1297 4600 demus
1320 4554 1482 4622 operam,
1515 4543 1554 4601 ut
1582 4555 1713 4600 munus
1735 4535 1962 4605 commissum
1988 4561 2165 4623 ornemus,

1174 4647 1214 4704 ut
1237 4634 1281 4702 ad
1307 4633 1508 4702 docendum
1541 4646 1576 4703 et
1605 4633 1835 4703 iudicandum
1859 4636 2043 4707 veniamus
2074 4640 2164 4707 bene

1174 4734 1335 4803 meditati
1359 4759 1399 4804 ac
1429 4735 1561 4824 parati,
1593 4748 1632 4803 ut
1656 4737 1795 4816 dextre,
1828 4737 1990 4826 proprie,
2025 4754 2059 4809 et
2087 4740 2164 4808 sine

1174 4835 1384 4905 confusione
1406 4837 1571 4927 dogmata
1597 4835 1772 4924 explicare
1795 4837 1980 4925 possimus.
2033 4837 2164 4911 Assue-

1174 4936 1343 5007 faciamus
1382 4961 1449 5007 nos
1489 4938 1532 5005 ad
1575 4935 1801 5021 modestiam,
1843 4939 2019 5029 fugiamus
2050 4947 2164 5014 πολυ-

1174 5026 1447 5136 πραγμοσύνην
1465 5050 1499 5106 et
1521 5036 1765 5128 petulantiam.
1815 5037 1895 5111 Ho'c
1922 5047 2029 5113 modo
2052 5047 2163 5116 nostri

1174 5140 1312 5208 ordinis
1328 5162 1389 5209 seu
1407 5142 1536 5228 gradus
1554 5135 1751 5210 Harmonia
1771 5157 1943 5228 correcta,
1970 5145 2164 5236 plurimum

1174 5241 1261 5310 boni
1280 5236 1457 5310 Ecclesiae
1473 5241 1606 5312 afferet.
1857 5257 1863 5262 “

1276 5342 1377 5413 Haec
1395 5342 1487 5429 dixi,
1512 5356 1551 5414 ut
1566 5341 1726 5415 Platonis
1752 5347 1963 5418 sententiam
1989 5347 2165 5442 interpre-

1176 5460 1289 5532 tarer,
1320 5469 1410 5539 quae
1439 5447 1483 5514 ad
1511 5445 1651 5529 illustre
1677 5450 1847 5518 translata
1876 5451 2094 5543 exemplum,
2127 5454 2167 5524 fit

1175 5547 1287 5640 magis
1311 5546 1506 5642 perspicua.
1549 5546 1606 5619 Ἐῑ
1632 5552 1881 5642 praestandum
1902 5552 2008 5625 nobis
2029 5567 2099 5640 est,
2125 5570 2167 5626 ut

1429 5647 1512 5723 4⁶*
