4748 6022
240 171 314 251 631

241 341 310 419 No.
325 343 413 412 295.

248 435 420 467 Μ

1067 372 1117 417 sn.
1131 351 1226 414 1556.

1048 438 1220 469 Μ

311 525 472 581 Disticbonz
491 526 579 597 „Non
599 528 679 583 Deus
696 536 740 583 est
757 531 886 585 manen”
898 541 968 601 etc..
988 550 1087 604 quaere
1103 534 1132 588 iu
1149 534 1227 606 epist.

346 594 416 650 Mel.
436 597 496 651 Vol.
509 594 583 652 Vlll.
598 615 625 669 p.
637 597 698 655 612.

715 846 1202 866 m

243 1026 315 1101 No.
329 1019 418 1105 294.

252 1127 425 1157 Μ
1051 1129 1223 1160 Μ

308 1207 398 1301 'apua
416 1226 543 1287 vassu.
561 1229 643 1302 ..13
660 1235 688 1282 u
704 1226 734 1282 1.
754 1225 868 1300 saepo.
887 1227 963 1300 pust.
985 1227 1072 1285 nu.
1089 1231 1194 1304 ..113

388 1396 569 1488 Gigantes
595 1376 756 1462 clausere
777 1392 875 1460 unni
901 1344 1090 1482 dissipati.

245 1543 358 1637 Impia
373 1568 451 1613 curn
468 1557 611 1614 ruerent
625 1540 773 1612 Titanes
788 1540 825 1609 in
842 1565 937 1611 arma
955 1545 1129 1630 furentes,

295 1644 421 1716 Conati
439 1639 618 1715 aethereas
631 1644 817 1734 profudere
832 1666 913 1711 ense
930 1647 1070 1714 domos:

244 1745 380 1838 Iupiter
396 1761 436 1817 ut
450 1747 573 1838 patriis
588 1746 779 1834 depelleret
791 1745 931 1815 arcibus
945 1740 1083 1832 hostes,

294 1847 361 1917 His
377 1864 491 1917 tamen
507 1850 666 1916 incussus
682 1869 746 1914 nec
761 1870 871 1938 pavor
887 1848 970 1915 inde
985 1849 1094 1918 foret:

244 1946 409 2018 Mentitis
423 1951 564 2020 imitans
578 1947 652 2017 Pan
667 1944 881 2036 Aegocerota
898 1949 1036 2039 figuris,

296 2050 441 2121 Terruit
456 2048 520 2120 hac
534 2049 648 2138 specie
662 2051 808 2137 grandia
824 2065 979 2120 monstra
998 2051 1100 2120 truci.

244 2148 314 2223 Sed
332 2176 447 2245 neque
463 2166 547 2223 tuuc
561 2152 663 2220 fracti
681 2151 776 2219 bello
794 2149 1131 2241 cessereGigantes,

296 2248 433 2323 Bacche
448 2266 529 2322 tuus
544 2268 664 2321 vector
678 2255 790 2321 donec
805 2247 945 2320 Asellus
961 2256 1069 2325 abest.

244 2351 309 2424 llle
325 2358 455 2424 rudens
472 2380 577 2423 rauco
595 2359 679 2423 dum
700 2354 840 2422 classica
857 2369 1020 2442 personat
1037 2381 1118 2441 ure,

296 2456 521 2545 Auguipedes
537 2455 632 2546 turpi
648 2459 733 2524 dant
750 2479 810 2522 sua
827 2468 922 2543 terga
941 2457 1053 2545 fugae.

243 2555 348 2627 llaud
366 2582 463 2626 secus
479 2557 636 2627 Atrtolici
653 2556 816 2624 callentes
833 2557 926 2623 furta
940 2553 1144 2647 sophistae,

294 2657 458 2728 Dicentes
472 2682 556 2727 vero
574 2656 722 2726 crimina
740 2656 850 2723 multa
865 2651 959 2724 Deo:

246 2758 416 2829 Terribili
435 2759 570 2845 fugient
587 2755 689 2826 Asini
704 2757 856 2824 clamore
876 2759 1043 2846 repressi,

295 2860 392 2930 Bella
407 2853 668 2957 ματαιολόγων
686 2858 797 2926 exitus
814 2852 871 2927 bic
887 2860 1056 2953 sequitur.

243 3305 312 3375 No.
327 3303 413 3380 295.

250 3399 422 3432 Μ

1067 3333 1115 3374 sn.
1132 3311 1227 3380 1556.

1048 3400 1220 3431 Μ

312 3503 393 3574 Apud
411 3501 539 3561 Vincent.
558 3522 584 3576 p.
600 3504 643 3561 ³6.
658 3513 684 3558 st
701 3502 729 3556 in
746 3501 860 3573 Scriptis
878 3499 954 3574 publ.
973 3500 1005 3557 T.
1018 3501 1055 3558 ll.
1073 3523 1100 3576 p.
1114 3504 1175 3561 tes.

358 3667 478 3734 Locus
501 3669 553 3736 Io.
573 3661 635 3752 lt,
648 3661 905 3758 2611111111113
929 3662 1114 3737 redditus.

240 3813 313 3886 Nec
327 3829 365 3885 tu
382 3813 499 3887 Gnate
515 3816 582 3887 Dei
597 3818 710 3886 maios
724 3817 895 3885 meliusve
909 3837 1032 3903 rogare

291 3912 487 4013 Aeternum
505 3933 657 4009 poteras,
680 3918 811 4009 optime
827 3913 985 4000 Christe,
1011 3930 1164 4008 patrem:

241 4016 357 4108 Quam
375 4021 472 4114 quali
489 4026 630 4117 στοργῇ
645 4044 782 4111 semper
798 4036 831 4090 te
847 4017 965 4104 diligit
982 4018 1075 4109 ipse,

291 4120 423 4210 Diligat
437 4136 470 4191 et
483 4124 591 4191 simili
606 4147 670 4192 nos
687 4136 727 4192 ut
742 4146 861 4191 amore
876 4133 986 4211 paler.

237 4220 311 4293 Nec
325 4224 434 4292 tribui
453 4225 557 4293 nobis
574 4219 639 4293 hcc
656 4225 765 4314 possit
781 4244 927 4292 munere
944 4223 1076 4296 maius:

291 4322 388 4416 Quid
405 4327 477 4393 nati
500 4339 614 4415 posset
628 4327 741 4395 maius
756 4349 875 4393 amore
892 4324 982 4394 dari.

237 4423 321 4496 Non
338 4427 430 4515 apud
448 4441 630 4494 aeternum
646 4426 729 4496 facis
744 4425 842 4494 irrita
861 4442 939 4495 vota
958 4441 1156 4515 parentem,

213 4544 218 4553 “
288 4526 463 4597 Adfirmat
480 4527 600 4596 iurans
615 4521 682 4596 hoc
701 4539 799 4617 pater
815 4527 887 4615 ipse
907 4526 983 4600 tibi.

234 4624 288 4700 Er
312 4653 330 4697 a
349 4654 413 4697 nos
430 4629 533 4699 etiam
550 4652 586 4697 es
601 4629 705 4720 patrii
722 4643 760 4698 tu
779 4629 907 4717 pignus
925 4628 1071 4713 amoris,

286 4652 405 4802 iussus
421 4755 484 4822 pro
500 4733 604 4801 uobis
621 4731 739 4801 debita
756 4723 872 4822 λύτρα
888 4731 980 4798 dare.

233 4830 306 4904 Nos
318 4834 426 4923 igitur
436 4859 638 4928 quanquam
649 4856 879 4922 sumusaegra
895 4845 930 4900 et
940 4825 1220 4903 sordidamassa:

283 4935 470 5006 Credimus
486 4937 549 5004 ista
563 4951 680 5005 tamen
696 4960 842 5027 1111111313
859 4957 994 5002 sununa
1011 4929 1107 5013 dari,

1062 1063 1112 1107 an.
1135 1040 1231 1104 1556.

955 167 1279 252 CARMINUM
1327 167 1437 246 LlB.
1463 166 1545 246 lll.

1278 338 1346 411 No.
1367 340 1456 412 296.

1285 436 1456 469 W
2042 439 2261 484 Μ

1378 540 1462 616 Apud
1484 538 1566 595 Vinc.
1586 557 1614 612 p.
1627 537 1669 594 ⁴9.

1277 704 1323 774 ln
1343 701 1663 772 commentarium
1681 698 1868 789 Epistulae
1888 702 2000 774 Pauli
2019 700 2071 775 ud
2084 709 2273 783 1101113111»

1558 823 1582 871 a
1601 799 1773 892 Philippo
1792 807 1989 893 scriptun.

1278 946 1487 1023 Doctrinam
1504 977 1546 1022 ex
1559 951 1663 1022 Pauli
1679 975 1797 1023 sumas
1811 955 2024 1044 scaturigine
2037 957 2167 1046 lector,

1330 1050 1400 1125 Sed
1418 1054 1511 1125 liber
1527 1056 1573 1124 ad
1587 1055 1704 1125 fontes
1722 1048 1780 1124 hic
1794 1055 1860 1124 tibi
1876 1071 2048 1128 monstrat
2064 1059 2142 1135 iter.

1280 1153 1341 1226 Sic
1356 1148 1469 1253 λόγον
1484 1169 1647 1227 aeternus
1664 1155 1761 1226 misit
1775 1154 1896 1242 Pater,
1922 1173 1961 1229 ut
1977 1182 2040 1230 sua
2056 1162 2151 1233 dicta

1329 1253 1443 1325 Nobis
1456 1258 1641 1348 ambiguos
1655 1282 1728 1326 non
1742 1257 1829 1328 velit
1845 1283 1917 1328 esse
1930 1284 2049 1332 sonos.

1279 1353 1375 1449 Ergo
1393 1358 1498 1428 velim
1515 1361 1659 1450 proprie
1676 1358 1836 1429 coelestia
1854 1361 1946 1432 dicta
1964 1365 2114 1444 referre,

1329 1458 1402 1530 Nec
1418 1484 1566 1530 coenum
1581 1460 1778 1551 inspersum
1795 1463 1954 1533 fontibus
1969 1488 2043 1534 esse
2056 1466 2182 1553 velim,

1280 1554 1328 1630 At
1346 1575 1481 1631 mentes
1495 1557 1682 1632 hominum
1697 1562 1808 1650 caligo
1828 1565 1989 1645 abducit,
2014 1582 2055 1637 ut
2070 1582 2166 1640 extra

1330 1661 1477 1734 Rectam
1493 1663 1674 1734 discedant
1688 1664 1804 1754 lapsae
1820 1664 2013 1758 aliquando
2028 1668 2134 1747 viam.

1281 1763 1351 1835 Sed
1365 1779 1481 1835 13111111
1498 1779 1653 1834 errantes
1669 1780 1809 1835 revocat
1824 1790 1970 1837 censura
1987 1769 2144 1860 piorum,

1331 1862 1378 1935 Et
1394 1866 1538 1934 monitis
1551 1881 1650 1956 paret
1663 1890 1762 1935 mens
1779 1869 1917 1957 pietatis
1930 1894 2064 1943 amans.

1283 1965 1427 2038 ludit-iis
1445 1968 1550 2055 igitur
1565 1967 1735 2037 lectorum
1752 1971 2029 2058 posco‘moneri‚

1330 2067 1508 2139 Censurae
1525 2071 1657 2138 candor
1671 2070 1701 2138 si
1719 2072 1824 2138 modo
1842 2070 1982 2143 iunctus
1997 2074 2074 2146 erit.

1282 2171 1324 2240 ln
1337 2165 1479 2240 Christo
1497 2193 1634 2262 semper
1649 2195 1714 2240 nos
1728 2195 1800 2240 una
1816 2168 1973 2243 Ecclesia
1992 2175 2119 2261 simus,

1332 2271 1410 2342 Una
1426 2272 1512 2341 fides
1529 2273 1651 2361 iungat
1672 2286 1830 2364 pectora,
1855 2288 1890 2343 et
1904 2299 1997 2345 unus
2012 2300 2129 2362 amor,

1284 2372 1368 2443 Vult
1383 2373 1477 2442 Deus
1492 2397 1564 2442 esse
1579 2398 1690 2444 unum
1711 2375 1780 2443 sibi
1805 2399 1887 2459 nos,
1913 2377 2122 2471 iunctosque
2138 2392 2270 2469 tuctur,

1331 2475 1516 2544 Distractis
1530 2476 1644 2543 rabies
1657 2490 1777 2544 mutua
1792 2477 1959 2570 utrinque
1979 2494 2096 2550 nocet.

1284 2575 1430 2646 {unxisti
1448 2591 1488 2646 ut
1503 2598 1650 2644 massam
1668 2576 1732 2644 tibi
1747 2591 1902 2646 nostram
1911 2576 2270 2672 ChristeRedemtor,

1329 2676 1485 2746 Aeterno
1499 2677 1549 2746 sic
1566 2701 1631 2746 nos
1646 2678 1786 2748 foedere
1801 2679 1907 2770 iunge
1921 2683 1998 2755 tibi.

1279 3015 1344 3084 No.
1358 3014 1444 3087 297.

1285 3109 1455 3139 Μ

1996 3068 1999 3073 -
2088 3051 2137 3098 uu.
2161 3032 2257 3096 1556.

2086 3121 2263 3151 m

1379 3196 1462 3267 Apud
1476 3194 1605 3251 Vioceut.
1620 3195 1714 3268 11267
1726 3216 1767 3271 sq.

1302 3356 1361 3428 De
1385 3357 1637 3449 appellatione
1656 3355 2242 3534 Sihhl'gei’dwmm‘fflm

1385 3478 1389 3486 ·
1675 3483 1737 3531 ou.
1857 3512 1867 3535 .

1280 3609 1402 3701 Magni
1419 3610 1559 3680 consilii
1575 3611 1635 3703 qui
1652 3613 1784 3682 dicitur
1802 3610 1959 3702 An'gelus
1977 3643 2051 3688 esse

1330 3713 1484 3781 Aeteruo
1503 3727 1605 3780 uatus
1623 3717 1666 3782 de
1680 3717 1840 3803 genitore
1857 3710 1975 3812 λόγος.

1278 3813 1403 3884 Edidit
1423 3815 1574 3885 lsacidae
1589 3814 1678 3883 laeta
1698 3811 1781 3886 haec
1797 3820 1938 3887 oracula
1958 3844 2060 3890 voce.

1327 3912 1417 3985 Cum
1436 3917 1502 3985 fuit
1520 3915 1615 3984 exilii
1634 3918 1774 4010 duxque
1795 3944 1979 4013 comesque
1995 3923 2082 3994 seni.

1276 4016 1356 4086 Non
1375 4019 1471 4106 prius
1487 4018 1623 4086 amittet
1638 4033 1813 4108 sceptrum
1836 4022 1960 4092 iudaea
1979 4048 2149 4114 propago,

1327 4117 1443 4206 Quam
1460 4121 1575 4188 veniet
1589 4115 1691 4188 Siloh
1708 4123 1835 4191 missus
1850 4123 1894 4190 ab
1911 4148 1988 4192 arce
2007 4126 2092 4215 poli.

1278 4219 1469 4311 Perpetuae
1486 4222 1609 4290 reddet
1625 4222 1727 4288 nohis
1745 4225 1806 4315 qui
1823 4226 1949 4312 gaudia
1965 4227 2074 4312 vitae,

1326 4318 1485 4391 Crimina
1500 4349 1578 4391 111111
1596 4323 1739 4413 propriu
1756 4340 1867 4396 vestra
1885 4350 2009 4395 cruore
2025 4329 2108 4402 luel.

1276 4419 1349 4492 Cur
1364 4439 1479 4493 tamen
1496 4440 1544 4494 est
1562 4425 1675 4493 dictus
1691 4445 1850 4496 servator
1866 4429 2009 4496 flumine
2026 4427 2154 4502 Siloh?

1254 4542 1257 4546 ’
1327 4523 1433 4612 Quod
1451 4530 1494 4594 de
1512 4527 1670 4615 virgineo
1688 4529 1832 4595 nomine
1848 4529 1961 4599 foetus
1980 4532 2057 4604 erit.

1274 4621 1320 4698 Et
1334 4627 1450 4715 fragili
1467 4629 1592 4696 similis
1610 4621 1750 4709 chorio,
1779 4630 1933 4724 pellique
1951 4647 2133 4720 cruentae,

1233 4754 1236 4759 ·
1326 4725 1367 4796 ln
1382 4752 1483 4798 eruce
1497 4753 1575 4796 cum
1591 4727 1671 4796 tabo
1685 4728 1833 4800 vulnera
1851 4733 1939 4802 facta
1959 4733 2086 4808 fluunt.

1273 4826 1373 4898 Talis
1390 4844 1425 4900 at
1441 4843 1491 4899 est
1507 4832 1619 4900 factus
1638 4852 1702 4919 pro
1718 4832 1822 4901 nobis
1835 4834 1938 4903 fascia
1956 4831 2139 4923 Christus,

1321 4929 1534 5024 Quanquam
1549 4931 1708 5032 iusticias
1722 4932 1802 5002 fons
1817 4937 1893 5004 sine
1911 4935 1989 5004 labe
2004 4957 2132 5015 manet.

230 5020 436 5131 Coitfisique
453 5053 511 5108 tua
529 5063 647 5128 prece,
672 5032 829 5118 Christe,
856 5032 1008 5126 pericula
1025 5045 1146 5105 nostra
1268 5030 1342 5103 Nos
1358 5029 1519 5103 homines
1533 5047 1649 5105 autem
1666 5057 1747 5103 vere
1761 5050 1831 5106 13111
1851 5038 1993 5106 sordida
2009 5064 2140 5126 massa,

281 5139 315 5212 A
331 5165 471 5211 summo
486 5140 638 5232 petimus
655 5141 778 5208 concta
798 5150 941 5228 parente
958 5133 1041 5225 regi.

230 5241 359 5337 Tuque
373 5258 434 5314 tuo
450 5265 565 5313 serves
580 5237 924 5324 infirmosNomine,
951 5239 1010 5330 qui
1029 5235 1081 5304 vis

278 5346 322 5418 ln
340 5347 469 5419 nostris
483 5344 607 5414 vivens
621 5340 800 5410 mentibus
814 5365 887 5410 esse
900 5333 1019 5438 λόγος.

1319 5133 1392 5204 Nos
1409 5136 1561 5206 lacerum
1580 5130 1751 5220 chorion,
1777 5155 1879 5229 putre
1896 5163 2065 5233 reumque
2080 5167 2215 5217 sumus

1268 5234 1337 5307 Sed
1355 5250 1392 5305 tu
1411 5251 1515 5325 gnate
1529 5234 1595 5307 Dei
1612 5250 1750 5306 nostras
1764 5240 1867 5307 etium
1885 5241 1995 5311 indue
2015 5244 2141 5332 pelles,

1317 5335 1366 5408 Et
1381 5338 1489 5409 vitam
1506 5341 1642 5412 miseris
1657 5337 1773 5411 insere
1786 5341 1949 5412 fasciolis.
2051 5414 2053 5419 ,
