4748 6022
169 278 245 352 987
574 272 926 381 „ALLOQUtA
977 274 1052 348 ET
1103 269 1333 347 BREVES
1384 269 1734 347 CONClONES.
2118 269 2194 341 988

170 451 251 520 11133
264 470 375 518 novas
390 447 560 539 ineptias,
587 459 621 516 et
639 470 726 541 quas
742 449 903 517 virorum
920 446 1080 537 gravium
1096 448 1154 517 iu·
1170 471 1174 480 ’

170 552 273 622 diciis
288 551 486 640 improbari
507 551 636 623 sciunt.
688 548 842 620 Videtur
864 573 937 619 esse
956 573 1063 640 parva
1086 574 1154 635 res,

169 657 286 724 forma
302 653 461 726 vestitus.
514 651 584 723 Sed
600 651 773 739 significat
787 652 899 720 levem
917 652 1097 742 animum,
1121 667 1154 722 et

171 768 455 826 contemnentem
478 753 609 822 iudicia
626 755 787 842 gravium
802 755 974 825 virorum.
1027 751 1076 824 Et
1091 755 1154 825 ubi
1204 741 1357 843 Quoties
1375 755 1416 821 ad
1435 747 1500 820 hos
1516 754 1677 844 publicos
1693 775 1899 842 congressus
1923 753 1960 820 in
1975 747 2105 820 scholis
2126 762 2189 819 aut

170 861 209 927 in
233 855 289 927 his
311 858 459 929 minutis
481 857 673 925 discessum
695 870 747 926 est
764 881 784 926 3
799 856 1006 947 disciplina,
1033 871 1152 948 postea
1204 856 1343 946 templis
1359 856 1576 939 accedimus,
1596 856 1700 925 toties
1715 856 1820 923 nobis
1836 855 1875 922 in
1894 867 2047 922 mentem
2063 851 2187 920 venire

170 958 401 1030 confirmatur
416 958 647 1030 contumacia.
696 957 843 1050 Semper
859 983 879 1026 a
895 960 1024 1028 talibus
1042 959 1153 1028 initiis
1204 960 1327 1038 debet,
1354 953 1419 1027 hos
1437 972 1554 1051 coetus
1578 981 1652 1025 nun
1676 980 1748 1025 esse
1775 951 1932 1026 humano
1956 955 2106 1024 consilio
2129 954 2188 1021 10-

171 1061 542 1152 ortaestdisciplinae
564 1059 762 1129 dissolutio.
814 1057 905 1129 Cum
922 1059 1153 1149 LegatisDa-
1204 1061 1363 1143 stitutus,
1392 1083 1457 1127 nec
1484 1061 1628 1128 defendi
1663 1073 1798 1129 tantum
1831 1053 1985 1128 humana
2010 1080 2093 1148 ope:
2126 1056 2188 1123 sed

171 1166 232 1234 vid
249 1176 365 1234 essent
389 1163 564 1254 praecisae
581 1162 722 1231 tunicae
746 1163 787 1231 ad
806 1176 926 1244 nates,
952 1164 1064 1232 vetuit
1079 1160 1153 1232 Da·
1204 1161 1320 1232 Deum
1338 1162 1523 1252 praecipue
1545 1164 1588 1230 ad
1614 1156 1680 1230 hoc
1696 1185 1828 1231 munus
1849 1161 2050 1230 condidisse
2075 1171 2189 1228 totum

1204 503 1333 572 Oratio
1359 501 1530 570 110010νὶ3
1557 496 1673 568 Acad.
1705 495 1830 570 Witeb.
1865 507 1954 569 01110
1987 499 2189 570 lectionem

1488 609 1730 672 statutorum.
1785 597 1896 673 15111.

171 1268 249 1351 vid,
282 1289 328 1334 ne
359 1265 397 1333 in
419 1264 603 1357 publicum
628 1265 825 1355 prodirent.
886 1261 992 1333 Nunc
1014 1261 1153 1334 schola·

81 1456 87 1464 ,
171 1369 267 1450 31101,
309 1367 371 1460 qui
395 1368 573 1436 debebant
595 1365 810 1455 singularem
836 1368 1086 1435 verecundiam
1121 1381 1155 1437 01

80 1470 91 1568 J
168 1469 377 1540 modestiam
399 1492 486 1560 prae
511 1491 547 1537 se
567 1469 680 1552 ferre,
713 1468 883 1538 incedunt
907 1467 947 1536 in
969 1464 1026 1538 his
1046 1461 1154 1539 curtis

168 1572 330 1666 penulis,
358 1594 448 1664 quae
472 1593 547 1639 000
573 1583 720 1661 possunt
743 1595 783 1640 ea
808 1582 944 1660 tegere,
975 1594 1064 1665 quae
1089 1597 1154 1640 na-

171 1691 249 1746 tura
267 1674 383 1743 voluit
399 1671 582 1743 occultari.

270 1772 565 1845 Commemorabo
589 1770 775 1861 historiam
805 1775 978 1865 principis
999 1772 1153 1844 Palatini

169 1877 340 1948 Friderici
360 1877 509 1947 senioris
526 1877 641 1960 illius,
657 1877 719 1968 qui
736 1898 790 1943 res
808 1876 901 1944 bello
916 1899 1061 1966 magnas
1080 1900 1156 1967 ges-

169 1983 224 2055 sit.
278 1977 333 2049 Ad
360 1977 457 2049 hunc
478 1994 623 2049 venerat
645 1975 796 2047 Carolus
818 1974 899 2046 Dux
924 1977 1155 2069 Burgundiae

169 2085 208 2151 iu
233 2104 347 2149 arcem
370 2078 727 2169 Heidelbergensem,
762 2080 865 2172 eique
895 2080 989 2150 inter
1020 2095 1154 2151 caetera

167 2183 302 2264 Xenia,
325 2194 365 2254 ut
380 2181 437 2261 111,
463 2181 559 2250 dono
574 2183 672 2250 dedit
690 2181 837 2272 pallium
856 2205 897 2250 ex
921 2207 1079 2274 purpura
1103 2184 1154 2252 13-

169 2297 283 2363 ctum,
310 2296 344 2351 et
368 2296 535 2352 ornatum
560 2283 727 2374 preciosis
751 2285 928 2373 gemmis,
953 2287 1013 2353 sed
1037 2287 1155 2369 breve,

168 2398 319 2455 011000
346 2398 419 2456 erat
435 2382 595 2455 Gallicae
623 2386 739 2474 gentis
762 2385 920 2459 vestitus.
970 2385 1155 2477 Palatinus

168 2485 372 2557 Fridericus
395 2488 433 2556 in
456 2487 604 2576 gratiam
629 2483 781 2577 hospitis
804 2488 914 2577 pallio
939 2489 1154 2579 uticogeba·

168 2603 244 2674 tur,
271 2589 409 2658 etiamsi
431 2589 492 2658 illa
508 2590 663 2659 brevitas
688 2589 743 2658 illi
766 2588 962 2679 displicuit.
1015 2590 1064 2662 Ut
1091 2617 1155 2661 au-

170 2705 241 2762 tem
261 2693 389 2760 melius
406 2704 538 2780 tegeret
554 2691 710 2783 priorem
734 2690 895 2780 corporis
911 2706 1066 2783 partem,
1093 2719 1154 2763 cu-

168 2793 261 2863 ravit
277 2794 345 2862 sibi
358 2792 578 2882 marsupium
597 2794 710 2863 latum
731 2817 772 2860 ex
787 2817 943 2884 purpura
962 2795 1057 2880 lieri,
1083 2822 1154 2890 quo

167 2896 355 2967 incedebat
378 2909 546 2986 tanquam
561 2890 739 2965 Rhenone
764 2906 887 2966 tectus.
936 2895 1053 2966 Tanta
1080 2914 1155 2969 erat

168 3011 254 3068 tunc
269 2998 307 3066 in
325 2994 517 3067 Germanis
533 2997 706 3087 gravitas,
731 3008 849 3064 tantus
867 3019 967 3065 amor
983 3023 1154 3069 verecun-

59 3167 60 3170 ,
168 3101 259 3169 (1130.
320 3099 426 3170 Nunc
465 3100 613 3169 vestitus
654 3098 912 3188 impudentiam
952 3100 1152 3170 animorum

167 3202 333 3274 ostendit.
386 3199 470 3270 ldeo
492 3223 681 3290 rogovos,
705 3215 745 3270 ut
768 3199 879 3290 figura
906 3203 1052 3271 vestitus
1076 3217 1155 3272 uta-

167 3302 278 3388 mini,
304 3327 411 3399 quam
430 3304 584 3393 probent
599 3305 825 3391 viri'graves,
854 3305 1057 3392 praesertim
1074 3330 1153 3374 cum

165 3405 314 3498 plurimi
338 3397 493 3474 vestrirm
517 3398 663 3489 sciant,
691 3400 783 3474 hanc
808 3420 1042 3475 monstrosam
1066 3399 1154 3497 figu-

167 3531 243 3575 ram
267 3509 474 3600 parentibus
492 3507 690 3598 displicere.
739 3503 805 3576 Est
826 3520 943 3575 autem
966 3504 1154 3578 inhumani

167 3609 279 3678 animi
320 3634 395 3678 non
432 3609 547 3677 vereri
588 3622 776 3701 parentum
812 3607 957 3678 iudicia.
1015 3609 1154 3681 Deinde

165 3711 324 3801 exempla
342 3711 462 3801 inepta
477 3725 608 3780 nocent
624 3710 702 3778 aliis
717 3710 1020 3797 adolescentibus,
1047 3726 1079 3783 et
1102 3715 1155 3782 01-

165 3813 322 3882 10011001
341 3806 508 3902 hospites.
562 3808 787 3881 Christianos
810 3824 927 3881 autem
951 3838 1074 3884 cavere
1091 3818 1151 3884 de-

166 3928 243 3998 cet,
277 3936 323 3983 ne
347 3914 419 3982 sint
439 3914 606 3983 scandalo
630 3913 720 3987 aliis.
778 3912 934 3983 Haecin
959 3919 1153 4005 praesentia

165 4015 326 4085 breviter
343 4016 444 4085 vohis
463 4018 670 4106 exponenda
686 4016 873 4088 esseduxi.
912 4016 1054 4110 Vosque
1069 4043 1154 4108 rogo

163 4131 199 4188 et
216 4119 394 4202 obtestor,
415 4131 457 4187 ut
471 4118 548 4186 sitis
564 4118 713 4187 modesti
732 4131 878 4208 propter
900 4121 1049 4208 gloriam
1074 4119 1153 4204 Dei,

165 4221 227 4313 qui
242 4220 378 4291 favebit
394 4221 521 4290 studiis
547 4234 579 4290 et
597 4220 797 4291 actionibus
813 4222 959 4303 vestris,
984 4223 1013 4290 si
1038 4225 1153 4314 ipsum

165 4323 356 4407 timebitis,
378 4322 470 4393 sicut
485 4323 656 4413 scriptum
676 4336 742 4392 est:
770 4321 902 4393 Timor
914 4320 1064 4393 Domini
1082 4326 1154 4393 ini-

164 4423 253 4492 tium
269 4425 471 4512 sapientiae.
524 4424 706 4495 Dominus
730 4437 852 4493 noster
874 4426 970 4495 lesus
990 4422 1154 4497 Christus

164 4526 336 4613 gubernet
352 4551 468 4594 mores
484 4540 516 4596 et
533 4527 648 4598 studia
664 4541 778 4596 vestra
796 4529 839 4594 ad
856 4528 1005 4616 gloriam
1023 4529 1089 4600 Dei
1106 4530 1152 4598 itss

167 4627 404 4709 lustrandam,
430 4631 524 4698 etad
542 4624 728 4700 utilitatein
745 4625 944 4715 Ecclesiae,
970 4648 1005 4703 et
1023 4635 1066 4703 ad
1093 4658 1152 4702 ve-

166 4741 273 4797 stram
294 4729 455 4801 salutem.
507 4726 603 4802 Dixi.

1061 4954 1151 4963 -οι-

161 5079 239 5181 13.
255 5109 314 5178 13.

162 5204 334 5231 m
936 5207 1147 5244 Μ

231 5331 263 5383 10
278 5325 439 5397 Quaestioq.
454 5323 528 5398 apud
547 5323 626 5387 Eber,
639 5342 665 5395 p.
682 5321 766 5381 1711.
782 5280 842 5396 sqq..

1205 1288 1314 1355 genus
1337 1259 1556 1347 humanum,
1581 1278 1622 1333 ut
1643 1264 1717 1354 ipse
1743 1264 1957 1344 innotescat,
1984 1274 2018 1330 et
2033 1260 2188 1329 celebre-

1206 1383 1282 1451 tur,
1309 1380 1343 1435 et
1365 1365 1493 1436 tradita
1518 1388 1579 1435 303
1595 1389 1682 1433 voce
1704 1378 1898 1436 conventus
1915 1358 2102 1432 hominum
2129 1362 2188 1428 in-

1204 1470 1380 1548 stituisse,
1406 1468 1597 1561 inquibus
1621 1469 1665 1535 de
1688 1464 1754 1534 Dei
1779 1468 1982 1548 voluntate,
2015 1466 2059 1532 de
2082 1464 2188 1532 rebus

1206 1572 1375 1652 aeternis,
1402 1584 1436 1639 et
1449 1571 1571 1639 multis
1588 1570 1668 1638 aliis
1689 1570 1783 1638 vitae
1803 1567 1988 1660 praesidiis
2011 1566 2072 1634 alii
2099 1565 2189 1634 alios

1206 1677 1367 1755 doceant.
1427 1670 1588 1765 Cumque
1619 1672 1658 1739 iu
1697 1666 1767 1739 hoc
1797 1671 1933 1738 mundo
1966 1667 2087 1757 magni
2119 1669 2192 1735 sint

1208 1774 1442 1864 lmperiorum
1459 1775 1649 1853 tumultus,
1676 1795 1822 1861 magnae
1839 1773 1980 1854 ruinae,
2003 1781 2192 1862 quaesunt

1206 1878 1328 1946 fatales
1354 1900 1487 1967 poenae
1512 1877 1658 1954 mundi,
1696 1878 1884 1945 defendere
1910 1898 1990 1942 eum
2015 1872 2102 1942 tales
2124 1870 2191 1940 ali-

1208 2003 1296 2072 quos
1319 1992 1534 2063 conventus,
1565 2002 1611 2045 ne
1633 2000 1777 2068 prorsus
1799 1978 2023 2064 extinguatur
2045 1973 2106 2042 lux
2126 1976 2192 2063 do-

1208 2083 1343 2150 ctrinae
1367 2081 1535 2152 coelestis.
1589 2078 1664 2147 Hac
1688 2080 1886 2148 confirmati
1912 2076 2104 2157 sententia,
2131 2098 2191 2144 co·
2286 2084 2289 2091 ’

1207 2186 1357 2271 gitemus
1382 2177 1519 2252 scholas
1543 2178 1610 2249 Dei
1635 2182 1775 2269 politias
1800 2204 1894 2258 esse,
1922 2193 1956 2248 et
1980 2204 1998 2246 a
2023 2177 2098 2248 Deo
2115 2199 2190 2245 ser-

1208 2286 1302 2369 vari,
1334 2287 1395 2353 sed
1416 2285 1503 2353 alias
1525 2284 1603 2351 aliis
1634 2283 1740 2363 locis,
1775 2283 1861 2350 alias
1884 2282 1922 2349 in
1943 2281 2021 2349 aliis
2042 2278 2193 2348 domici-

1209 2388 1277 2458 liis.
1332 2386 1421 2455 Nam
1442 2412 1522 2456 cum
1539 2385 1698 2455 doctrina
1716 2387 1948 2475 depravatur,
1975 2383 2064 2452 etin
2080 2381 2192 2449 mori·-

1207 2492 1274 2558 bus
1305 2490 1488 2558 barbarica
1512 2489 1674 2557 ferocitas
1696 2487 1820 2556 solutis
1843 2485 2050 2574 disciplinae
2074 2483 2193 2551 nervis

1207 2593 1338 2674 oritur,
1366 2606 1485 2660 coetus
1506 2591 1566 2658 ille
1589 2584 1747 2660 desertus
1767 2587 1879 2657 aDeo
1897 2588 2107 2676 dissipatur,
2133 2596 2194 2653 aut

1207 2695 1279 2763 suis
1295 2695 1478 2782 furoribus
1495 2693 1568 2763 ruit
1581 2694 1618 2760 in
1635 2715 1764 2781 poenas
1781 2704 1817 2760 et
1831 2691 1990 2761 exitium.
2029 2686 2112 2756 Non
2127 2681 2194 2756 hos

1207 2789 1355 2886 parietes
1373 2819 1453 2864 casu
1471 2811 1576 2879 stare,
1594 2820 1668 2863 non
1685 2818 1764 2862 casu
1780 2806 1833 2863 tot
1853 2794 1987 2861 lumina
2006 2776 2193 2860 doctorum

1208 2899 1386 2981 virorum,
1412 2912 1464 2968 tot
1483 2899 1659 2986 praeclara
1681 2897 1841 2984 ingenia,
1867 2897 1905 2962 in
1922 2919 1996 2963 uno
2013 2893 2091 2961 loco
2108 2914 2192 2968 esse,

1206 3001 1243 3069 in
1262 3015 1358 3071 tanta
1378 3013 1596 3091 temporum,
1621 2999 1827 3067 difficultate
1843 2998 1984 3088 putetis.
2024 2994 2108 3064 'Sed
2128 2991 2195 3065 Dei

1207 3104 1364 3173 bonitate
1388 3099 1473 3172 haec
1507 3114 1579 3171 tota
1603 3097 1732 3171 Schola
1763 3095 1935 3169 hactenus
1963 3109 2099 3166 servata
2131 3107 2193 3164 est.

1207 3203 1326 3275 Simus
1342 3205 1452 3292 igitur
1475 3205 1563 3291 grati
1582 3204 1749 3272 omnibus
1766 3202 1857 3270 veris
1875 3200 2018 3283 officiis,
2044 3213 2195 3268 010010-

1207 3331 1303 3391 mus,
1330 3331 1407 3374 nea
1426 3309 1570 3375 custode
1590 3306 1663 3374 Deo
1682 3307 1898 3377 deseramur.
1952 3300 2030 3393 lpse
2047 3313 2194 3372 testatus

1208 3424 1278 3490 est,
1305 3409 1369 3476 ubi
1393 3410 1510 3475 adesse
1532 3408 1633 3488 velit,
1659 3431 1739 3474 cum
1767 3406 1832 3475 ait:
1885 3404 2099 3497 Ubicunque
2121 3403 2194 3471 duo

1207 3523 1267 3578 aut
1281 3522 1351 3597 tres
1368 3508 1566 3596 congregati
1587 3507 1724 3577 suntin
1742 3506 1888 3574 0010100
1904 3530 1997 3588 1000,
2020 3507 2058 3572 10
2076 3503 2195 3573 medio

1207 3635 1328 3680 eorum
1344 3633 1434 3679 sum.
1467 3609 1737 3679 Meminerimus
1752 3622 1786 3678 01
1802 3630 1867 3676 003
1883 3608 1920 3675 10
1935 3600 2196 3675 nomineChri·

1206 3714 1251 3782 sti
1270 3728 1497 3802 congregatos
1522 3735 1617 3815 esse⁸
1642 3705 1709 3779 hoe
1733 3724 1805 3792 est,
1832 3723 1866 3778 01
1882 3710 2025 3778 iuvante
2040 3703 2195 3791 Christo,

1207 3829 1240 3884 et
1257 3818 1300 3884 ad
1320 3816 1598 3884 conservandam
1616 3814 1725 3905 ipsius
1745 3813 1954 3881 doctrinam.
1989 3810 2029 3881 Si
2046 3810 2095 3878 sic
2113 3832 2195 3878 sen·

1206 3919 1353 4001 1101003,
1386 3932 1421 3988 01
1451 3917 1666 3986 mediocrem
1690 3916 1729 3984 in
1752 3915 1878 3986 studiis
1906 3913 2128 4002 diligentiam
2161 3923 2197 3980 et

1207 4021 1415 4090 modestiam
1437 4021 1475 4089 in
1493 4019 1652 4089 moribus
1669 4017 1944 4110 praestabimus,
1971 4011 2068 4083 haud
2087 4013 2197 4083 dubie

1207 4119 1267 4191 hic
1285 4122 1520 4192 custosnobis
1537 4121 1663 4192 aderit.
1715 4116 1774 4189 Ad
1798 4113 1896 4188 hunc
1919 4119 2025 4186 finem
2049 4116 2094 4184 de
2118 4127 2195 4185 310-

1207 4223 1276 4292 diis
1293 4238 1326 4293 et
1341 4224 1502 4293 moribus
1517 4235 1768 4314 proponuntur
1781 4221 1882 4290 vobis
1898 4221 2004 4310 leges,
2030 4231 2063 4288 et
2080 4240 2196 4309 quau-

1207 4339 1282 4394 tum
1301 4348 1488 4416 possumus
1504 4326 1594 4396 tueri
1609 4323 1834 4415 disciplinam
1850 4324 2050 4405 studemus,
2077 4333 2117 4390 01
2132 4326 2197 4389 ad-

1206 4429 1250 4496 sit
1267 4426 1504 4516 nobisDeus,
1532 4441 1564 4498 et
1589 4422 1681 4496 hanc
1700 4421 1859 4495 scholam
1884 4438 2017 4506 servet,
2042 4421 2195 4491 011001-

1207 4545 1261 4598 130
1279 4525 1455 4601 Ecclesiae
1470 4547 1503 4600 et
1520 4528 1680 4619 Respub.
1701 4523 1857 4598 habeant
1874 4525 2061 4597 seminaria
2080 4526 2196 4594 bonae

1207 4645 1242 4701 et
1259 4633 1422 4701 salutaris
1446 4633 1641 4704 doctrinae.
1693 4630 1798 4700 Scitis
1826 4632 1864 4697 in
1889 4628 2048 4720 qualibet
2072 4625 2196 4715 politia

1207 4734 1299 4802 cives
1318 4736 1446 4803 debere
1461 4734 1700 4804 obedientiam
1717 4732 1789 4799 suis
1807 4729 1962 4814 legibus,
1988 4751 2061 4795 non
2078 4726 2194 4796 solum

1206 4849 1353 4923 propter
1367 4850 1566 4927 praesentes
1582 4853 1731 4923 poenas,
1755 4831 1835 4911 sed,
1856 4842 1896 4898 ut
1911 4826 2044 4899 Paulus
2063 4823 2195 4923 inquit,

1206 4936 1312 5004 etiam
1331 4952 1476 5028 propter
1491 4932 1754 5004 conscientiam.
1806 4931 2036 5001 Severissima
2052 4946 2195 5001 senten·
2240 4962 2246 4973 ·

1207 5037 1255 5122 tia
1281 5053 1343 5109 est.
1397 5038 1487 5107 Nam
1516 5037 1672 5126 pollutae
1693 5034 1929 5103 conscientiae
1949 5031 2045 5103 Deus
2071 5035 2195 5104 irasci-

1206 5154 1275 5211 tur.
1328 5139 1417 5209 Cum
1436 5139 1546 5227 igitur
1560 5137 1780 5207 contumacia
1799 5138 1935 5228 polluat
1951 5136 2195 5218 conscientias,

1206 5243 1358 5330 cogitent
1387 5254 1628 5318 contumaces,
1655 5240 1829 5331 quamsit
1852 5239 2040 5321 miserum,
2074 5239 2194 5308 vivere

1206 5343 1243 5409 in
1262 5343 1346 5411 odio
1363 5341 1452 5426 Dei,
1479 5367 1543 5412 nec
1561 5342 1695 5431 protegi
1720 5365 1784 5409 000
1810 5340 1883 5430 regi
1899 5339 2087 5411 divinitus.
2138 5337 2193 5410 lta

1208 5445 1371 5517 collocati
1395 5469 1516 5518 sumus
1540 5441 1702 5517 homines
1726 5444 1764 5511 in
1785 5437 1879 5512 hunc
1895 5444 2089 5530 mundum,
2115 5457 2194 5513 tan·
