4748 6022
66 233 147 306 sos
388 256 393 267 ·
517 202 519 207 ’
652 190 1510 318 Quansrrounsacannur'can
1750 285 1751 288 κ
2026 238 2105 311 aro

66 418 159 476 tores
182 425 255 472 esse
278 396 404 472 barum
429 399 760 484 renunciationem,
795 412 835 471 ut
850 398 974 471 mirari
991 393 1059 469 bo·
1111 393 1230 469 sumit.
1290 393 1425 467 Senilia
1441 421 1588 490 corpora
1604 417 1688 474 sunt
1713 405 1886 494 aridiora,
1922 420 1955 479 et
1973 409 2105 499 largius

65 528 172 576 nores
193 504 344 584 artium,
372 516 408 574 et
428 502 521 595 ipsas
541 516 633 572 artes
659 500 907 592 inciperemus.
965 497 1059 572 Cum
1111 492 1346 569 humectanda
1369 513 1470 588 sunt,
1505 515 1540 573 et
1560 501 1652 575 fiunt
1679 506 1847 582 intestina
1874 510 2040 591 sicciora,
2061 511 2105 579 si

65 621 184 678 autem
207 605 318 675 multa
343 626 468 695 magna
487 603 653 674 beneficia
677 616 797 674 nostra
813 615 907 673 setas
923 604 968 673 ab
984 615 1059 674 arte
1111 598 1205 671 sitim
1220 601 1346 673 lerant.

64 709 200 778 medica
225 705 393 798 accipiat,
423 707 523 777 decet
539 729 605 776 nos
621 704 818 790 assuefieri,
841 717 881 776 ut
897 717 932 787 et
948 704 1059 797 ipsius
1211 699 1280 772 Sed
1306 701 1525 773 contrarium
1548 723 1794 797 argumentum
1816 728 1885 786 est:
1921 714 2007 787 Sitis
2023 714 2103 808 plus

64 811 151 882 artis
169 809 376 898 dignitatem
394 807 616 878 considerare
629 806 862 899 incipiamus,
894 821 928 878 et
943 805 1060 876 medi·
1109 802 1262 894 adpetit,
1293 829 1399 897 quam
1423 820 1569 877 naturae
1592 833 1680 898 opus
1704 827 1766 883 est.
1816 813 1897 886 Non
1914 817 2025 907 igitur
2040 816 2102 887 siti

65 935 124 982 cos
141 911 290 979 fideliter
306 923 447 979 nostrae
463 910 553 980 vitae
568 907 760 979 servientes
777 932 997 978 veneremur.
1109 905 1377 1003 gratificandum
1403 921 1467 978 est.
1534 908 1602 981 Sed
1628 912 1839 998 videndum,
1877 919 1955 1011 quis
1972 921 2101 989 modus

169 1010 305 1101 Quare,
328 1012 391 1080 etsi
407 1006 499 1079 nihil
513 1012 650 1080 adferre
660 1009 807 1100 dignum
821 1010 947 1082 vestris
961 1007 1057 1078 auri-
1108 1020 1256 1077 naturae
1275 1023 1455 1099 congruat.
1508 1006 1631 1104 ltaque
1649 1014 1809 1088 videmus
1823 1021 2040 1089 adsuefactos
2055 1022 2099 1088 acl

64 1117 132 1185 bns
145 1137 311 1206 possum,
338 1127 456 1182 tamen
470 1125 637 1184 ut‘meam
658 1112 921 1201 graditndinem
938 1112 1057 1204 aliqua
1108 1109 1290 1179 modicum
1313 1126 1454 1202 potum,
1486 1124 1520 1181 et
1546 1114 1664 1182 minus
1686 1117 1802 1204 sitire,
1834 1136 1869 1192 et
1891 1120 2017 1190 melius
2040 1145 2100 1192 co-

65 1215 323 1307 significatione
348 1209 529 1283 ostendam
554 1236 634 1303 erga
655 1213 797 1299 Deum,
829 1226 864 1283 et
884 1236 964 1302 erga
981 1235 1057 1281 me·
1110 1233 1217 1302 quere
1239 1211 1354 1295 cibos,
1379 1225 1414 1282 et
1436 1213 1566 1283 rectius
1582 1229 1744 1286 naturam
1767 1222 1928 1299 reticere,
1954 1235 1987 1293 et
2003 1214 2099 1291 iale-

64 1319 180 1387 dicam
197 1330 328 1399 artem,
353 1316 444 1404 patri
461 1316 621 1400 iubenti,
655 1327 695 1385 ut
715 1314 753 1383 in
766 1309 835 1384 hoc
849 1316 927 1384 loco
948 1336 1056 1408 quae-
1108 1311 1266 1381 tudinem
1284 1309 1410 1382 habere
1424 1314 1635 1401 firmiorem,
1659 1332 1700 1389 ut
1714 1315 1770 1390 bic
1785 1320 1985 1392 Hubertum
2003 1322 2097 1393 Bur-

63 1420 213 1489 stionem
233 1417 665 1510 proponerem,'libenter
679 1417 897 1506 obtempero.
1107 1417 1266 1502 gundum
1298 1415 1453 1484 vidimus
1493 1419 1695 1509 parcissime
1726 1422 1925 1507 bibentem,
1966 1426 2098 1514 optime

165 1519 326 1589 Primum
349 1519 469 1612 itaque
493 1517 569 1587 Deo
595 1517 852 1607 omnipotenti,
877 1513 1054 1588 conditori
1107 1515 1241 1599 valere,
1266 1539 1306 1585 ac
1320 1518 1459 1590 dicebat
1475 1519 1523 1603 is,
1547 1543 1584 1589 se
1601 1521 1638 1588 in
1654 1523 1753 1592 ltalia
1778 1548 1880 1615 saepe
1897 1525 1936 1591 in
1959 1538 2099 1610 aestate,

62 1624 153 1693 coeli
176 1638 210 1692 et
232 1634 344 1690 terrae
367 1632 400 1688 et
421 1613 629 1704 hominum,
660 1631 695 1688 et
710 1618 860 1688 aliarum
877 1632 1055 1689 creatura·
1108 1629 1181 1686 toto
1196 1632 1349 1688 mensea
1368 1634 1454 1710 potu
1472 1622 1699 1708 abstinuisse,
1725 1625 1857 1695 interea
1872 1641 1990 1695 tamen
2007 1627 2099 1695 lam-

64 1749 164 1806 rum,
189 1736 329 1791 aeterno
344 1719 442 1790 Patri
457 1720 603 1791 Domini
616 1721 731 1792 nostri
750 1718 828 1791 lesu
841 1716 995 1805 Christi,
1020 1731 1056 1790 et
1108 1719 1248 1808 beatem
1266 1744 1367 1808 poma
1382 1719 1522 1790 Persica
1539 1724 1668 1813 rigasse
1684 1751 1822 1816 corpus.
1859 1725 1931 1797 Nec
1947 1728 2097 1798 dubium

64 1825 138 1894 filio
156 1825 229 1893 eius
246 1821 323 1893 lesu
337 1817 498 1902 Christo,
525 1821 689 1893 crucifixo
706 1847 770 1913 pro
787 1821 891 1891 nobis
904 1834 938 1890 et
953 1842 1055 1890 resn·
1106 1833 1176 1901 est,
1209 1833 1368 1889 naturam
1394 1823 1534 1893 modico
1556 1840 1644 1916 potu
1664 1842 1866 1899 contentam
1890 1852 1977 1902 esse.
2026 1829 2097 1900 Sed
2160 1901 2161 1904 ,

64 1927 205 2006 scitata,
239 1938 273 1995 et
292 1922 444 2013 Spiritui
468 1938 607 2008 sancto,
633 1923 762 2015 gratias
778 1945 863 2012 ago,
892 1945 1054 2014 cumpro
1106 1922 1150 1990 de
1180 1915 1246 1991 hac
1276 1925 1482 2016 quaestione
1511 1938 1607 1996 tuam
1644 1931 1910 2019 responsionem
1942 1928 2098 2000 arbitror

63 2022 228 2097 omnibus
258 2024 456 2108 beneficiis,
489 2039 565 2094 tum
594 2049 677 2093 vero
704 2048 768 2112 pro
799 2018 867 2092 boc
895 2047 1055 2108 munere,
1106 2025 1524 2112 gratamforeomnibus.
1580 2026 1909 2125 ldeoabstepeto,
1934 2044 2097 2124 ntexpo-

63 2133 157 2223 quod
176 2131 282 2197 vitam
298 2125 403 2194 nobis
417 2125 581 2215 largitur,
606 2148 672 2195 nos
689 2124 900 2194 mirabiliter
913 2125 994 2206 alit,
1020 2138 1054 2195 et
1105 2147 1189 2209 nas,
1220 2149 1325 2218 quam
1352 2129 1628 2199 moderationem
1654 2133 1783 2204 nostris
1801 2133 2010 2226 corporibus
2025 2132 2097 2204 uti-

62 2231 224 2299 condidit
248 2251 288 2295 ac
309 2225 521 2295 monstravit
542 2249 597 2295 res
618 2226 797 2311 salubres,
828 2239 863 2296 ct
885 2226 991 2296 utiles
1008 2227 1051 2295 ad
1104 2225 1230 2295 liorem
1245 2248 1318 2296 esse
1335 2241 1476 2302 statuas.
1526 2226 1622 2304 Diri.

62 2329 364 2401 conservationem
387 2325 499 2412 vitae,
525 2329 623 2397 etad
643 2329 852 2398 morborum
875 2326 1054 2420 depulsio-

61 2455 163 2513 nem,
189 2442 222 2498 et
243 2429 356 2518 ipsum
382 2427 516 2496 sontem
536 2429 629 2499 vitae
646 2443 681 2499 et
697 2418 917 2498 conditorem
933 2452 1052 2497 rerum

60 2532 235 2600 bonarum
259 2555 341 2612 oro,
376 2542 418 2598 ut
441 2530 545 2598 nobis
566 2530 676 2614 adsit,
707 2542 740 2599 et
759 2553 821 2599 sua
837 2532 932 2599 dona
948 2529 1053 2598 nobis

61 2647 195 2712 servet,
221 2656 311 2725 quae
324 2631 467 2722 quidem
481 2645 566 2702 sunt
580 2630 781 2701 testimonia
798 2631 1052 2721 providentiae.
1115 2631 1183 2707 No.
1200 2631 1262 2708 48.
1898 2646 1962 2727 (an,
1980 2649 2093 2728 tm)

59 2731 201 2806 Deinde
224 2746 258 2803 et
280 2731 348 2802 arti
373 2742 407 2799 et
430 2728 646 2802 Doctoribus
671 2733 905 2821 reverentiam
922 2755 1051 2825 perpe·
1107 2732 1257 2753 Ἄ
1912 2739 2084 2769 ”⁴⁹

60 2852 158 2907 tuam
186 2857 252 2903 nos
277 2834 405 2903 debere
432 2832 617 2924 profiteor,
649 2857 757 2928 quam
779 2833 924 2927 quidem
948 2855 1052 2926 prae-
1174 2853 1205 2908 tn
1226 2848 1480 2907 metamucense.
1499 2818 1684 2923 tse.t>.lt.p.
1704 2849 1856 2934 istaq-
1892 2850 2095 2905 pertinemus·

1203 2923 1375 2995 quaestiones
1395 2939 1452 2973 non
1471 2919 1503 2973 ad
1527 2919 1712 2987 academicae,
1743 2931 1881 2991 igiturque
1899 2939 1961 2988 eas,
1985 2919 2094 2989 inepi-

61 2938 160 3008 ⁸l³h⁰
176 2934 421 3052 ⁰m⁰i⁸ludi⁰f
661 3035 671 3052 ,
804 3033 814 3051 ,
1205 2991 1284 3046 stolis
1302 2988 1382 3043 simul
1402 3008 1464 3043 cum
1484 2986 1595 3041 iudiciis
1614 2989 1678 3042 dare
1698 2987 1870 3043 debebamus.
1906 2987 1990 3057 Quod
2028 3008 2092 3043 uum

161 3036 266 3108 Nunc
280 3048 521 3130 quaestionem
533 3028 628 3104 bane
645 3034 713 3106 ubi
728 3033 921 3105 clarlSSlme
936 3034 1053 3105 (lomi-
1206 3061 1244 3115 ibi
1263 3066 1322 3114 non'
1337 3057 1439 3114 iactum
1458 3057 1509 3131 sit,
1531 3056 1576 3111 bic
1594 3058 1713 3112 inserere
1730 3049 1879 3111 soluimus.
1960 3113 1964 3122 ,
2008 3008 2025 3061 q

60 3166 107 3211 ne
128 3136 264 3210 Doctor
278 3131 470 3208 Iohannes
494 3130 641 3205 Athene
663 3160 844 3229 propono:
879 3131 940 3205 An
964 3142 1052 3205 recte

60 3238 198 3327 dictum
230 3239 280 3309 sit
309 3262 333 3308 a
355 3230 615 3335 Xenophonte,
652 3230 849 3308 hibendum
882 3248 957 3308 esse
984 3235 1053 3324 ita,
1104 3236 1350 3321 Quaestionas
1380 3235 1524 3325 aliquot
1555 3228 1605 3304 de
1633 3235 1901 3305 sacramentis
1935 3242 1972 3303 et
2006 3232 2094 3304 aliis
2188 3291 2199 3307 ,

58 3352 100 3415 aet
142 3339 272 3411 sitiens
307 3335 469 3413 desinas.
540 3335 646 3411 Sicut
686 3337 807 3439 inquit
844 3332 1051 3439 Xenophon
1101 3340 1274 3409 materiis
1304 3333 1522 3431 theotopicis
1555 3355 1580 3405 u
1614 3335 1665 3404 D.
1691 3332 1756 3406 ct.
1782 3337 1976 3421 (Cultam)
2006 3357 2095 3427 prae

58 3441 185 3540 depuis
207 3435 374 3514 παύεται.
430 3436 491 3510 An
519 3465 599 3512 vero
622 3440 753 3513 rectius
777 3436 912 3512 dictum
935 3440 986 3511 sit
1010 3438 1051 3509 in
1123 3443 1273 3534 positae
1299 3440 1349 3509 D.
1372 3435 1544 3528 Ptutppo
1554 3486 1570 3523 ,
1604 3445 1642 3505 et
1663 3432 1776 3508 leuius
1800 3440 2087 3528 itespomiosses·

60 3543 171 3615 reteri
191 3537 406 3616 comoedia?
445 3545 543 3638 τρεῖς
567 3537 710 3635 μόνους
736 3548 923 3638 κρατῆρας
950 3542 1051 3641 ipses-
1256 3536 1538 3635 quaestionibus
1569 3539 1731 3634 singulis
1758 3536 1940 3610 adiectae.

59 3641 230 3746 ραννύω,
265 3644 342 3726 τοῖς
360 3639 401 3717 εὖ
426 3648 628 3739 φρονοῦσι,
659 3638 812 3737 τὸνμὲν
826 3640 955 3743 ὑγείας
971 3642 1049 3729 ἕνα,
1101 3698 1144 3781 R
1614 3701 1623 3720 .
1712 3701 1723 3720 .
1774 3702 1784 3719 .
1867 3701 1876 3718 .

829 3742 849 3769 ee
1007 3741 1025 3770 u
1146 3722 1328 3778 evereuter
1343 3718 1444 3798 peto,
1468 3717 1509 3775 nt
1523 3705 1680 3774 breviter
1694 3701 1915 3792 significetis,
1941 3725 2092 3795 quomo-

57 3746 127 3822 τὸν
159 3740 201 3818 δὲ
223 3740 398 3840 δεύτερον
413 3740 565 3837 ἡδονῆς,
595 3741 664 3817 τὸν
679 3741 807 3840 τρίτον
822 3770 965 3830 υπνου,
1005 3770 1050 3818 ον

57 3840 253 3930 eleusium
267 3844 304 3918 oi
319 3838 430 3941 σόφοι
443 3842 657 3938 κεκλημένοι
672 3839 798 3919 οὶκάδε
814 3841 1049 3942 βαδίζουσιν.

50 3951 151 4025 ⁴Tres
166 3961 304 4019 tantum
321 3963 473 4018 crateras
495 3950 644 4037 praebeo
670 3949 917 4040 prudentibus.
969 3947 1050 4019 Pri·
1737 4010 1739 4014 ,

56 4077 157 4126 mum
179 4049 350 4123 sanitatis.
401 4047 606 4119 Secundum
630 4050 832 4143 voluptatis
884 4049 1049 4122 Tertium
1450 4058 1478 4133 ι,
1516 4056 1747 4148 Quaestio,

56 4154 209 4272 ⁸⁰¹⁰¹¹3·,
262 4149 346 4240 0¹¹⁰
379 4143 507 4269 ll³⁰⁵l⁰
541 4151 734 4268 Prudemffi
773 4165 860 4236 ⁰⁰⁰⁸
892 4153 1049 4222 dmum·
1201 4175 1359 4252 Rectene
1382 4174 1518 4249 dicitur
1541 4171 1585 4245 de
1607 4170 1880 4261 Sacramentis,
1906 4169 1949 4244 de
1970 4172 2094 4270 bapti-

57 4255 146 4330 Utra
180 4268 226 4326 ιιι
258 4267 430 4324 sententia
465 4264 615 4340 gratior,
655 4277 731 4322 non
764 4253 954 4324 obscurum
986 4265 1049 4327 est.
1100 4306 1199 4365 ΜΟ,
1239 4291 1271 4354 ,2
1306 4277 1349 4351 d,
1378 4270 1504 4350 Coma
1537 4272 1719 4359 pompm,
1756 4271 1859 4374 quod
1883 4272 2093 4371 confirmem

56 4357 126 4429 sed
144 4370 260 4427 “men
279 4355 467 4472 ffl‘fh'm
484 4354 687 4473 ³⁶⁰!“cem
702 4352 837 4451 εἴωθ’
863 4355 956 4446 ‘²9⁰⁶
974 4353 1048 4424 X‘·
1089 4379 1229 4482 fidem,
1255 4381 1312 4454 vel
1326 4377 1429 4483 quod
1436 4386 1585 4479 propter
1600 4373 1911 4472 confirmationem
1922 4370 2022 4471 fidei
2034 4379 2093 4448 in·

55 4455 295 4552 ”⁰Pl¹⁰¹¹t⁰¹¹¹’
321 4456 1048 4576 v¹d⁰turn⁰b¹flegeml‘ml’ussmmeln
1099 4487 1231 4561 stitutn
1246 4483 1351 4557 sint?
1400 4477 1562 4581 Cumque
1579 4480 1619 4551 in
1633 4477 1805 4551 articulis
1809 4474 1912 4574 fidei
1928 4474 2031 4551 nihil
2042 4481 2092 4548 sit
2157 4517 2158 4521 =

55 4586 137 4633 cum
161 4572 301 4630 natura.
359 4553 493 4629 Natura
517 4571 760 4650 ensmexpetrt
783 4569 1047 4628 tantumrestr-
1099 4591 1180 4664 sin,
1208 4610 1380 4684 expresso
1417 4583 1522 4655 mh„
1549 4579 1631 4655 Du·
1653 4574 1908 4663 statuendum,
1947 4604 2095 4680 qum,

54 4663 129 4746 ῑωι
163 4671 336 4754 ‘immun‘
353 4657 577 4775 {bfumplum
594 4673 664 4746 ⁶⁵¹⁵
697 4673 734 4732 οἱ
750 4660 1047 4782 “¹¹⁶³andpe'
1100 4686 1590 4786 ubileiefinisproponntur
1610 4681 1878 4781 inscriptura?

54 4778 136 4838 trtro
158 4784 233 4830 non
258 4771 310 4829 est
335 4781 486 4841 vrcrosa,
525 4761 637 4831 donec
661 4775 807 4833 naturae
830 4762 1045 4835 satisfactum
1238 4828 1493 4921 Responsio
1520 4821 1594 4897 ph·
1620 4813 1952 4892 Melanthum

54 4878 117 4937 est
171 4862 244 4932 lam
265 4861 296 4930 si
320 4858 438 4927 minus
462 4858 623 4946 bibatur,
655 4888 759 4957 quam
785 4878 957 4955 quantum
982 4863 1046 4930 ab·
1997 4938 2006 4955 ·

54 4976 320 5057 sumptumst,
345 4983 419 5029 non
433 4959 554 5030 satisfit
568 4975 724 5033 naturae.
774 4961 979 5033 Bibendum
996 4973 1047 5030 est
1199 4951 1294 5021 Dico
1310 4961 1400 5016 recte
1415 4945 1484 5016 dici
1501 4945 1545 5012 ad
1560 4939 1837 5020 confirmandam
1848 4937 1972 5024 fidem,
1995 4953 2093 5010 tuxia

43 5070 163 5159 ‚igitur
190 5065 351 5147 tantum,
383 5074 423 5132 ut
451 5059 546 5131 sitim
577 5063 792 5155 restinguas,
823 5077 858 5135 et
894 5061 1045 5153 expleas.
1097 5053 1206 5124 illud:
1235 5043 1428 5146 oppays'da
1444 5035 1691 5133 δικαιοσύνης.
1745 5037 1850 5158 item,
1875 5034 1957 5134 Hoc
1970 5038 2093 5138 jacite

53 5171 131 5242 lmo
142 5170 247 5240 etiam
258 5162 397 5256 corpori
413 5163 731 5256 rigatioaliquanto
741 5166 875 5253 largior
890 5165 1045 5254 prodest,
1096 5155 1137 5226 in
1152 5153 1225 5222 mei
1238 5143 1630 5226 commemorationem,
1653 5141 1815 5262 videl-icet
1831 5141 1983 5215 fidelem.
2017 5140 2091 5212 Nec

52 5289 129 5346 tum
155 5268 321 5389 inve-nili,
357 5278 431 5335 tum
454 5264 577 5348 senili,
611 5281 755 5357 propter
779 5267 894 5334 varias
912 5286 1043 5335 causas.
1095 5273 1233 5330 tantum
1254 5265 1338 5325 sunt
1359 5248 1518 5344 symbola
1542 5247 1787 5337 professionrs,
1811 5257 1881 5317 >aut
1898 5265 2090 5334 congrega·

1102 3812 1148 3880 do
1163 3808 1422 3902 simplicissime
1438 3820 1472 3877 et
1485 3804 1677 3876 rectissime
1691 3801 2093 3874 delinibusSacramen·

1082 3937 1086 3954 ¹
1101 3926 1220 3983 torum
1237 3913 1457 4008 loquendum
1475 3909 1533 3982 sit.

58 5357 63 5371 Ι

50 5374 170 5449 Labor
185 5396 280 5445 enrm
296 5393 336 5440 m
350 5367 501 5440 iuvenili
514 5392 662 5461 corpore
676 5367 795 5440 statim
810 5368 962 5440 multum
978 5365 1041 5438 ab·
1095 5360 1453 5457 nonin-quanquam
1470 5344 1585 5422 etlroc
1601 5360 1695 5448 sunt.
1795 5420 1802 5426 „
1858 5366 1861 5373 ·
