4748 6022
155 125 205 197 ss
320 108 778 207 urtsrossnun,
817 76 1192 185 suntcronun
1229 93 1306 171 nr
1339 92 1737 177 scutrronuu
1785 96 2022 176 nrnxrv.
2116 102 2191 175 too

973 361 1143 399 Μ’

414 479 576 582 (Ratio
601 430 899 574 studiorum.)-

227 646 251 715 ᾗ
268 645 309 698 ss
323 642 478 717 spsgsspso
492 641 520 694 a
536 643 597 694 coa
611 638 722 693 sesne.
736 635 779 689 ss.
801 635 855 690 m.
871 631 917 686 vt,
934 650 962 705 p.
975 631 1021 687 se.

154 289 221 363 No.
237 285 350 359 7093.

160 380 334 415 w

159 799 280 877 Ratio
305 797 515 873 studiorum
548 794 777 894 praescripto
812 787 847 861 Α
854 784 1026 882 ndreae
1061 778 1150 854 Po·

346 901 453 973 lono
476 927 503 971 a
519 891 698 994 Pttttppo
710 887 969 967 ttdstanttose.

162 1042 386 1124 Die'Lunae
411 1069 445 1125 et
460 1052 590 1123 Martis
611 1071 716 1119 mane
737 1068 883 1138 surgens
906 1040 1013 1133 legito
1039 1062 1151 1109 unum

164 1171 270 1246 caput
284 1157 410 1245 veteris
427 1140 638 1238 testamenti,
664 1165 699 1220 ct
713 1149 840 1219 ordine
855 1159 969 1217 textus
983 1144 1087 1232 legas,
1113 1153 1154 1210 ut

165 1258 292 1329 seriem
312 1252 480 1329 historiae
494 1270 587 1326 reete
603 1255 737 1336 discas,
772 1264 808 1321 et
827 1251 903 1340 ipsa
920 1247 1027 1317 rerba
1040 1257 1154 1314 textus

163 1360 253 1430 bant
271 1359 338 1430 tibi
358 1359 559 1431 familiaria.
617 1356 741 1426 Postea
767 1347 853 1420 hora
878 1350 924 1421 sit
947 1347 1005 1418 die
1030 1345 1155 1415 Lunae

165 1461 397 1551 epistolarum
414 1456 597 1532 Ciceronis
614 1468 674 1528 aut
691 1450 929 1534 Orationum,
953 1449 1012 1518 die
1026 1444 1155 1516 Martis

169 1559 332 1631 Terentii
363 1576 425 1632 aut
446 1563 621 1631 iucundae
644 1557 805 1626 lectionis
829 1578 870 1623 ex
892 1552 963 1620 alio
984 1549 1157 1638 scriptore*

166 1663 375 1753 profuturae
402 1666 448 1733 ad
477 1659 730 1754 eloquentiam.
794 1653 989 1746 Reliquum
1016 1664 1155 1739 tempus

167 1765 488 1835 antemeridianum
512 1763 662 1834 tribuito
683 1757 899 1831 lectionibus
916 1750 957 1827 V
955 1749 1002 1823 ili
1021 1764 1057 1821 et
1078 1751 1155 1818 dia·

167 1865 311 1938 lecticis.
364 1864 449 1935 Post
469 1863 651 1933 meridiem
675 1861 797 1933 audito
813 1860 946 1931 librum
962 1857 1007 1924 de
1023 1851 1156 1922 Anima

169 1979 204 2033 et
227 1963 417 2036 Ebraicarn
438 1964 728 2035 Grammaticam.
798 1959 993 2053 Reliquum
1018 1970 1156 2044 tempus

167 2066 317 2137 tribuito
341 2068 428 2139 alias
451 2067 613 2137 exercitio
632 2065 734 2161 styli,
769 2062 855 2132 alias
876 2059 1075 2148 cuicunque
1100 2055 1156 2122 iu-

169 2171 305 2237 cundae
321 2170 465 2238 lectioni
483 2191 660 2237 novorum
678 2177 741 2235 aut
756 2177 916 2233 veterum
932 2158 1156 2249 scriptorum.

270 2284 375 2388 Diem
385 2318 556 2389 Mercurii
570 2330 684 2389 totum
697 2315 846 2385 tribuito
861 2334 1002 2403 graecae
1014 2309 1157 2401 linguae

169 2434 204 2489 et
220 2414 354 2490 ethicis.
398 2419 472 2491 Nec
487 2418 728 2511 superstitiose
743 2411 803 2485 bic
818 2417 907 2486 ordo
926 2412 1157 2503 intelligatur,

170 2523 231 2590 sed
252 2522 467 2593 misceantur
486 2523 662 2592 iucundae
684 2517 855 2588 lectiones
876 2516 931 2585 vel
953 2515 1035 2608 styli
1058 2537 1158 2584 exer-

239 2782 324 2838 aaut
338 2800 450 2839 cumen
464 2779 567 2836 ibidem
580 2778 657 2834 laune
671 2776 756 2832 eitum
770 2777 808 2833 ita
825 2776 964 2851 depingit:

408 2923 427 2957 „
435 2883 544 2966 Salqete
560 2879 670 2938 candidi
681 2879 817 2965 ‘hospitem

375 2952 598 3023 conviviumque
616 2957 742 3035 sospites,

374 3022 459 3146 guod
478 3031 608 3103 apparatu
625 3020 711 3100 divite

401 3109 480 3162 ospes
496 3099 619 3161 persen,
640 3095 750 3144 eumue.

374 3186 783 3317 sl‘dtdltdzllt..

405 3336 415 3381 t
434 3328 469 3381 sit
487 3343 577 3381 novus
593 3322 785 3391 scholasticus,

372 3392 526 3449 Providerit
541 3393 577 3447 de
592 3392 737 3450 sumtibus.

334 3512 341 3529 ⁹
406 3496 471 3551 Mos
489 3504 546 3558 est,
560 3495 653 3551 eibum
670 3490 845 3565 magnatibus

301 3594 305 3601 ·
371 3564 496 3619 Condire
511 3562 695 3635 morionibus,

269 3648 274 3661 ·
372 3633 430 3687 llos
448 3633 513 3687 dum
533 3630 658 3687 ieeamm
675 3629 795 3686 messius

276 3728 293 3747 ·-
370 3701 457 3757 Bonis
475 3702 620 3756 studemus
636 3698 771 3754 moribus.

405 3805 523 3874 Lignum
541 3803 670 3859 iniamus
686 3801 842 3862 borridum,

370 3872 500 3929 &mum
519 3872 644 3926 dotamus
659 3871 806 3937 niueum,

302 3998 307 4013 ,
370 3943 494 3997 cursem
511 3939 587 4011 quod
606 3949 645 3994 eat
662 3937 716 3992 boc
733 3938 883 4007 fleetima,

369 4012 466 4068 Altum
484 4009 560 4080 quod
578 4017 618 4060 est
636 4005 809 4078 deponimus.

409 4109 451 4164 Ut
467 4108 542 4162 bone
559 4123 661 4169 novum
678 4121 726 4158 seu
743 4104 861 4161 militem

372 4179 502 4232 Nostrum
520 4174 620 4228 referre
638 4174 667 4226 in
686 4174 812 4229 ordinem

370 4245 630 4368 itatlttttl
647 4241 804 4367 titas..

408 4413 559 4479 Contrariis
577 4414 714 4471 contraria

372 4488 499 4541 curanda
517 4483 671 4555 pharmacia
687 4483 771 4552 mala,

369 4557 456 4613 Peros
473 4552 584 4609 Asellus
600 4552 695 4621 esurit,

368 4625 486 4683 lactuca
502 4622 585 4677 lebria
601 4620 739 4678 convenit.

407 4723 463 4779 tht
482 4721 619 4794 malignes
636 4721 725 4777 nodus
743 4725 796 4787 eat,

335 4824 344 4841 ·
370 4791 553 4917 guaireridus
569 4808 648 4861 asper
665 4788 756 4846 clanu
775 4796 828 4852 eet.
855 4829 857 4833 ,

340 4876 362 4882 ”
400 4863 495 4916 thaec
512 4862 639 4915 dometur
657 4858 745 4914 bestia

189 4996 193 5003 Ι
370 4929 505 4986 Αᾶᾶειδι
522 4929 610 4984 verbis
631 4930 752 4984 verbera.
870 4942 874 4951 ·

409 5014 469 5087 iter
489 5029 600 5085 iuterim
621 5031 685 5084 dem
704 5026 815 5086 tuticm

372 5101 493 5171 Tempus
510 5099 581 5151 datis
594 5097 765 5172 spectaculo,

321 5232 327 5241 ·
375 5171 472 5224 Vultus
488 5186 598 5223 severos
615 5167 721 5240 ponite,
843 5166 848 5181 ⁴

372 5240 504 5295 Promea
520 5255 644 5293 serenam
659 5235 772 5307 sunia

1197 264 1280 337 citia
1294 267 1357 353 ita,
1379 280 1421 339 ut
1433 280 1554 341 tamen
1566 266 1682 341 studia
1697 268 1744 339 ad
1759 267 1915 361 aliquem
1930 278 2066 343 eertum
2079 268 2188 339 linem

1198 369 1414 459 referantur,
1439 385 1474 442 et
1496 370 1644 460 cogites,
1670 368 1759 463 quid
1779 369 1869 439 velie
1882 369 2035 454 discere,
2058 370 2188 443 rideli-

1198 483 1253 539 cet
1287 467 1468 543 Ecclesiae
1501 473 1719 556 doctrinam,
1761 467 1981 543 Dialecticeu
2010 485 2049 542 et
2077 472 2189 545 latine

1198 573 1377 643 scribendi
1400 573 1595 667 rationem,
1623 596 1782 663 graecam
1801 573 1983 663 linguam,
2013 572 2186 648 elementa

1199 674 1341 764 linguae
1356 675 1533 761 ebraicae,
1556 670 1696 747 ethicen
1713 686 1749 745 et
1763 675 1938 747 elementa
1956 669 2128 770 physices.

1300 792 1372 862 Die
1390 791 1485 863 lovis
1501 806 1537 863 et
1550 790 1702 862 Veneris
1716 816 1822 862 mane
1837 814 1984 883 surgens
2000 793 2107 882 legito
2129 816 2188 864 ca-

1203 907 1266 984 put
1281 895 1410 967 vetcris
1422 894 1635 978 testamenti,
1658 908 1820 985 utsupra
1834 895 1969 966 dictum
1986 908 2049 968 est.
2084 890 2190 965 ‘Pro-

1200 996 1332 1066 ximam
1356 991 1480 1069 horam
1501 994 1651 1066 tribuito
1676 994 1772 1083 Ltvti
1796 995 1954 1070 lectioni.
2003 994 2073 1065 Die
2094 993 2191 1067 lovis

1202 1112 1263 1168 aut
1278 1096 1429 1170 Veneris
1445 1097 1589 1188 Virgilii
1614 1112 1675 1169 aut
1691 1093 1836 1184 Ovidii,
1868 1099 1998 1169 deinde
2017 1097 2188 1169 lectiones

1202 1199 1324 1269 audito
1342 1197 1428 1274 Viti
1439 1213 1473 1269 et
1488 1199 1688 1285 Paulinam,
1707 1195 1796 1271 bora
1811 1200 2055 1293 pomeridiana
2070 1199 2190 1269 ebrai-

1202 1325 1278 1370 cam
1296 1301 1564 1391 grammaticam
1590 1301 1744 1396 reliquas
1759 1297 1867 1375 boras
1879 1294 2046 1393 iucundis
2060 1300 2189 1372 lectio·

1202 1403 1310 1472 nibns
1324 1418 1386 1474 aut
1401 1403 1566 1474 exercitio
1581 1403 1664 1498 styli
1679 1405 1840 1479 tribuito.
1890 1400 1944 1475 Ac
1957 1404 2071 1496 placet
2085 1398 2189 1484 mihi,

1203 1503 1266 1574 ubi
1282 1505 1438 1596 primum
1454 1505 1568 1591 vales,
1599 1518 1642 1577 ut
1655 1504 1770 1577 discas
1787 1501 2043 1578 arithmeticam
2061 1518 2096 1575 et
2114 1504 2189 1574 ele-

1201 1619 1320 1675 menta
1337 1602 1536 1697 sphaerica,
1563 1630 1624 1677 seu
1640 1606 1804 1698 privatim
1817 1630 1879 1679 seu
1901 1607 2054 1700 publice.
2106 1603 2189 1677 Sint

1203 1706 1288 1777 certi
1306 1709 1392 1777 fines
1407 1708 1580 1800 propositi
1595 1709 1635 1777 in
1652 1709 1840 1796 discendo,
1863 1732 1928 1779 nec
1938 1723 2078 1780 tantum
2093 1708 2188 1779 utin

1204 1809 1291 1878 ludo
1307 1823 1452 1900 vagetur
1467 1811 1627 1893 animus,
1652 1814 1713 1881 sed
1729 1834 1856 1902 genera
1871 1812 2001 1882 artium
2023 1810 2187 1880 conside-

1204 1925 1346 1997 rentur,
1371 1925 1406 1983 et
1428 1936 1468 1981 ex
1491 1913 1541 1981 eis
1560 1913 1761 2003 deligantur
1780 1935 1840 1999 ea,
1873 1935 1964 2006 quae
1989 1932 2188 1982 accommo-

1204 2014 1285 2082 data
1304 2015 1447 2084 suntad
1463 2013 1589 2100 vitam,
1614 2039 1720 2109 quam
1734 2015 1919 2086 instituere
1932 2012 2129 2086 decrevisti.

1306 2129 1411 2200 Diem
1427 2131 1573 2204 Saturni
1588 2147 1623 2204 et
1633 2134 1761 2203 festum
1776 2133 1870 2201 diem
1885 2132 2032 2202 tribuito
2045 2130 2189 2201 lectioni

1205 2226 1385 2322 Epistulae
1407 2235 1451 2302 ad
1472 2232 1656 2306 Romanos
1678 2247 1713 2304 et
1742 2233 1902 2303 locorum
1933 2233 2188 2308 communium.

1206 2331 1377 2420 Quotidie
1396 2347 1512 2402 autem
1536 2336 1672 2424 vesperi
1695 2335 1808 2403 iturus
1832 2333 1991 2405 cubitum
2006 2333 2113 2423 legito
2130 2358 2188 2404 ca-

1206 2449 1270 2523 put
1296 2435 1381 2502 novi
1398 2432 1617 2504 Testamenti
1638 2448 1674 2504 et
1699 2434 1806 2503 latine
1829 2447 1863 2504 et
1883 2457 2023 2525 gruem
2049 2447 2084 2505 et
2104 2458 2189 2526 pro-

1206 2536 1388 2627 prietatem
1412 2535 1603 2605 verborum
1625 2534 1794 2604 mediocri
1815 2536 2000 2624 diligentia
2028 2537 2191 2608 conside-

1207 2651 1295 2708 rato.
1356 2635 1408 2705 lta
1431 2636 1585 2706 multum
1608 2650 1643 2709 et
1663 2636 1704 2704 in
1723 2637 1885 2707 doctrina
1908 2633 2084 2708 Ecclesiae
2106 2664 2190 2731 pro-

1206 2740 1321 2822 ficies,
1344 2751 1380 2807 et
1394 2738 1432 2806 iu
1448 2738 1589 2828 linguae
1607 2760 1748 2828 graecae
1766 2738 1978 2828 cognitione.

1309 2854 1355 2924 ln
1375 2855 1571 2925 scribendis
1591 2855 1747 2948 epistolis
1771 2855 1912 2927 imitare
1932 2868 2084 2927 veterem
2106 2857 2191 2929 lati-

1208 2980 1291 3026 nam
1313 2958 1623 3039 consuetudinem,
1656 2980 1722 3029 nec
1743 2980 1882 3049 semper
1900 2958 1950 3029 ita
1973 2958 2125 3044 scribas,
2151 2975 2191 3031 ut

1208 3059 1376 3148 epistolae
1391 3059 1462 3128 sint
1478 3059 1613 3127 similes
1633 3059 1844 3128 concionum
1867 3052 2191 3146 ecclesiasticarum,

1208 3161 1269 3231 sed
1292 3160 1430 3250 potius,
1456 3174 1498 3229 ut
1517 3161 1668 3230 formam
1690 3154 1845 3231 babeant
1855 3161 2046 3230 oratoriam
2062 3173 2193 3232 et'vere

1208 3263 1448 3352 epistolarem,
1479 3260 1633 3330 similem
1662 3261 1786 3352 aliquo
1814 3263 1920 3331 modo
1952 3258 2196 3334 Ciceronianis

1209 3363 1385 3454 epistolis,
1424 3375 1459 3433 et
1489 3361 1657 3431 familiari
1689 3360 1864 3448 sermoni,
1901 3365 2192 3434 commemoranti

1209 3466 1381 3556 privatam
1398 3463 1694 3537 benevolentiam.

1207 3965 1274 4041 No.
1290 3955 1402 4041 7094.

1208 4062 1419 4096 Μ

2014 4063 2187 4099 w..

1342 4163 1442 4280 (De
1471 4171 1760 4273 imitatione
1782 4170 2065 4285 possuntne)

1276 4349 1297 4413 t·
1313 4345 1352 4400 Es
1365 4346 1503 4420 apagnius
1513 4347 1577 4404 cod.
1590 4344 1745 4405 Goth-402.
1762 4350 1889 4421 parth.

1259 4631 1386 4725 „Phil
1401 4633 1501 4715 Mel.
1521 4635 1564 4709 de
1579 4519 1861 4741 diiibslbierts
1878 4616 2148 4724 mutinensis?

1208 4760 1281 4851 (Est
1294 4763 1496 4844 ingeneratum
1511 4769 1653 4848 epistolae
1670 4770 1707 4832 ed
1728 4775 1859 4834 amicum
1875 4772 2044 4857 quendem
2069 4774 2197 4840 l'ortasse

1208 4862 1292 4930 Guil.
1306 4862 1503 4930 Reiffensteiu
1517 4870 1703 4951 scriptasit,
1729 4872 1855 4958 quodsi
1874 4896 1981 4941 verum
1999 4889 2094 4958 esset,
2118 4884 2194 4942 seri-

1465 4983 1550 5053 ptum
1561 4986 1697 5055 putarem
1713 4996 1791 5038 euno
1812 4976 1938 5061 rost.)

1206 5097 1352 5207 opinor
1386 5141 1577 5209 puerorum
1610 5124 1809 5194 doctrinam
1843 5147 1919 5194 non
1951 5148 2027 5197 esse
2060 5149 2193 5218 parcrn.
2244 5152 2248 5159 ·

1204 5215 1317 5300 Nam,
1346 5219 1377 5290 si
1407 5244 1480 5291 uon
1507 5223 1635 5312 fallor,
1663 5227 1753 5296 alter
1780 5237 1876 5297 tenet
1904 5227 1975 5297 iam
2001 5245 2188 5322 praecepta
