4748 6022
150 216 242 298 ’aas
430 262 434 269 ·
734 182 1182 292 souaasmoaas·
1211 189 1613 275 aeabatarnas.
2124 199 2210 276 734

149 422 154 427 ·
264 372 369 463 Nune
397 367 499 460 tuum
526 361 698 452 iudicium
721 375 771 447 D.
787 362 926 442 Ductor
946 359 1153 450 Malchior,
1194 367 1606 460 .Sectasergoetnovos
1619 369 1805 460 magistros
1821 364 2011 461 prohibuit
2027 365 2212 459 Christus,

151 497 250 570 ¹huic
272 490 449 562 auditorio
471 503 646 578 exponas,
671 491 705 548 et
726 476 833 547 simul
855 474 1038 555 ostendas,
1064 492 1158 563 quo-
1208 495 1282 539 non
1299 495 1430 541 nomen
1445 471 1554 542 officii
1566 484 1604 541 et
1618 472 1807 541 ministerii
1826 473 1940 541 nostri
1960 474 1998 540 in
2013 469 2189 550 Ecclesia:

165 601 274 671 m'odo
298 591 384 664 haec
406 587 599 662 consolatio
623 585 665 653 sd
687 601 752 648 uos
774 573 1071 646 accommodanda
1095 571 1157 639 sit:
1301 573 1411 645 -Sieut
1434 575 1543 663 igitur
1565 597 1688 643 omnes
1717 596 1783 642 nos
1807 569 2004 650 Christiani
2033 575 2072 643 in
2100 571 2210 648 Chat.

169 701 252 795 quia
277 697 339 766 etsi
364 693 468 764 nobis
489 712 563 758 non
586 699 639 754 est
659 696 752 752 certa
776 678 875 746 sedes
891 675 1080 766 promissa,
1102 686 1161 740 ta-
1209 689 1303 745 stum
1328 688 1362 744 et
1380 676 1419 742 in
1439 689 1592 742 mortem
1608 676 1684 746 eius
1705 676 1894 767 baptizati,
1915 699 2011 766 ceges
2030 701 2159 748 summ
2175 697 2209 752 et

156 825 250 873 men
268 821 377 890 genus
395 797 438 865 ad
462 814 528 861 nos
543 788 706 882 pertinet.
760 779 908 869 Semper
929 772 1023 845 euim
1041 784 1161 842 manet
1210 778 1405 847 sacerdotes
1427 777 1464 844 in
1485 772 1648 846 Christo:
1692 777 1740 847 ita
1764 778 1876 870 aliqui
1907 779 1954 849 ab
1974 774 2139 855 Ecclesia
2165 785 2208 854 ad

156 901 239 974 'hoc
269 902 464 970 decretum:
500 887 693 962 Generatio
715 895 894 954 ¹rectorum
921 876 1161 952 benedicetur,
1211 875 1278 948 hoc
1295 878 1408 947 vocati
1431 890 1465 946 et
1487 877 1645 947 ordinati
1667 893 1751 948 sunt
1773 880 1931 969 magistri
1948 893 1983 950 et
1999 897 2164 972 pastores
2178 899 2210 957 et

171 1005 302 1077 Scimus
326 999 422 1069 euim
445 993 580 1077 catelli,
613 989 673 1083 qui
699 985 801 1055 micis
826 993 966 1074 patrum
990 979 1161 1055 immensa
1212 982 1392 1060 doctores,
1419 979 1457 1047 in
1481 979 1545 1047 illo
1566 981 1673 1049 unico
1696 980 1869 1070 Magistro
1889 976 2052 1067 Christo,
2084 985 2126 1054 in
2147 986 2210 1058 illo

166 1101 414 1175 misericordia
438 1095 506 1167 Dei
536 1095 693 1164 aluntur.
746 1084 902 1177 Ideoque
932 1098 1070 1166 semper
1098 1077 1163 1145 erit
1212 1081 1319 1151 unico
1337 1094 1475 1170 pastore
1489 1075 1650 1165 Christo,
1677 1082 1715 1149 in
1732 1083 1796 1151 illo
1815 1083 2212 1169 unico'dortoreChri-

161 1204 332 1278 Ecclesia
350 1203 388 1270 in
406 1199 468 1268 illa
485 1193 708 1289 posteritate,
729 1184 960 1280 quaerentia
977 1179 1164 1269 Evangelii
1212 1198 1286 1266 sto,
1312 1185 1356 1250 de
1379 1206 1449 1275 quo
1474 1180 1578 1251 Pater
1602 1207 1641 1251 er
1666 1185 1763 1252 coelo
1788 1184 1930 1254 clamat:
1958 1183 2028 1256 Hic
2047 1202 2099 1258 est
2114 1191 2212 1262 filius

170 1309 231 1400 pie
252 1306 354 1376 colet„
404 1296 450 1368 Et
473 1297 573 1366 dabit
604 1290 733 1363 alicubi
751 1287 854 1358 Deus
882 1309 967 1354 strae
988 1280 1165 1353 Ecclesiae
1211 1306 1313 1352 meus
1347 1283 1516 1368 dilectus,
1547 1284 1589 1350 in
1623 1308 1695 1376 quo
1729 1280 1819 1352 mihi
1857 1278 1949 1355 hene
1983 1292 2209 1381 complacuit,

171 1390 363 1478 mediocria
388 1396 551 1491 hospitia.
604 1393 701 1464 llaec
719 1395 812 1460 hona
836 1391 884 1457 ab
904 1407 1086 1456 morantes
1107 1406 1164 1451 ar·
1214 1384 1482 1476 ipsumaudite.
1518 1380 1567 1453 Et
1582 1383 1621 1452 in
1637 1384 1739 1454 Mose
1756 1387 2011 1460 comminatur:
2038 1393 2099 1484 qui
2120 1393 2214 1466 Pro·

171 1508 339 1579 dentibus
358 1502 452 1572 votis
468 1499 608 1568 assidue
625 1507 798 1586 petamus.
848 1489 923 1560 Nec
944 1487 1024 1557 talis
1043 1484 1182 1576 petitio·
1213 1482 1355 1578 phetam
1370 1485 1471 1554 illum
1490 1509 1564 1554 nou
1578 1487 1747 1571 audierit,
1769 1511 1836 1576 ego
1854 1490 1953 1559 ultor
1967 1493 2124 1580 existam,
2151 1498 2212 1566 di-

173 1612 242 1680 arii
261 1607 370 1676 inii-a,
421 1602 516 1676 Dixi,
1215 1589 1263 1657 cit
1284 1585 1472 1661 Dominus.
1523 1585 1599 1656 Hac
1622 1589 1760 1658 ratione
1784 1588 1914 1659 Paulus
1940 1593 2046 1678 dicit,
2070 1618 2109 1664 se
2132 1623 2214 1668 rna.

842 1742 844 1748 .
980 1736 983 1741 -
1216 1692 1364 1779 gistrum
1389 1702 1423 1757 et
1447 1690 1627 1759 doctorem
1657 1690 1828 1780 gentium.
1888 1688 1989 1763 Nihil
2017 1699 2155 1768 veritus
2177 1724 2214 1769 sa

175 1806 290 1878 oratio
327 1802 372 1868 D.
403 1796 549 1864 Iolao.
586 1787 853 1878 Buperrltoqir'
879 1785 1069 1885 Pammeni,
1103 1805 1167 1871 qua
1217 1792 1333 1860 dicere
1353 1789 1488 1881 aliquid
1510 1804 1632 1859 contra
1654 1795 1802 1862 verbum
1819 1788 1970 1864 Christi:
2001 1797 2121 1870 Nolite
2146 1827 2214 1872 vo-

174 1890 256 1977 ferit
280 1886 427 1954 lsiadero
453 1884 648 1968 potestatem
678 1868 853 1959 reeipiendi
873 1869 1016 1971 insigma
1038 1870 1166 1936 Doar-
1211 1891 1290 1962 ffli
1305 1889 1425 1963 Rahbi
1441 1892 1515 1959 aive
1529 1889 1704 1980 Magistri.
2044 1886 2047 1891 ’

629 1980 713 2027 mm·
889 2001 892 2006 ’
1319 1992 1478 2061 Primum
1496 1992 1644 2062 audistis
1667 2000 1866 2089 exemplum
1882 1997 2022 2085 Esaiae,
2049 2028 2085 2072 sc
2109 2004 2215 2073 ultro

278 2107 441 2180 Chi-istm
451 2097 626 2172 Dominus
639 2108 760 2165 noster
776 2094 873 2179 dicit,
890 2091 1032 2185 ,Rogare
1043 2085 1185 2167 Doml-.
1217 2095 1439 2184 ingerentis,⁴
1452 2109 1487 2163 et
1501 2090 1648 2163 Domini
1665 2121 1744 2167 eum
1762 2102 1944 2172 mittentis.
1988 2102 2125 2173 Deinde
2143 2100 2216 2173 ha-

102 2285 103 2288 ,
176 2238 263 2288 num
296 2206 438 2295 messis,
478 2214 519 2271 ut
544 2200 708 2275 extrudat
729 2194 916 2289 operarios
948 2196 987 2263 in
1020 2214 1167 2260 messem
1213 2197 1310 2266 -hetis
1324 2195 1433 2266 verba
1451 2195 1606 2288 Spiritus
1623 2201 1736 2269 sancti
1757 2203 1795 2270 in
1813 2203 1943 2273 Paulo:
1970 2204 2044 2295 Qui
2059 2203 2216 2296 Episco-

167 2300 290 2389 suam.
342 2303 511 2380 Extrudit
526 2314 643 2371 autem
657 2290 753 2368 Deus
771 2296 951 2390 operarios
967 2295 1005 2364 in
1023 2316 1167 2362 messem
1217 2313 1339 2390 patum
1356 2298 1544 2377 desiderat,
1570 2298 1703 2368 bonum
1723 2326 1811 2392 opus
1826 2305 2012 2376 desiderat.
2047 2301 2216 2377 EtChri-

180 2442 297 2499 suam,
323 2411 464 2482 duobus
487 2404 613 2473 modis.
666 2399 788 2469 Altero
815 2399 1005 2495 nolentes,
1021 2409 1061 2464 ut
1076 2393 1186 2477 lere-'
1218 2413 1294 2468 stus
1317 2398 1391 2489 ipse
1407 2399 1509 2468 dicit:
1537 2397 1610 2487 Qui
1628 2403 1780 2473 voluerit
1804 2408 1975 2478 intervos
1993 2432 2068 2477 esse
2085 2407 2215 2488 maior,

178 2523 306 2596 miam,
333 2512 393 2606 qui
410 2506 514 2577 dixit:
544 2499 603 2573 Ah
617 2500 772 2571 Domine
785 2498 901 2580 Deus,
926 2497 1043 2573 nescio
1060 2488 1187 2591 loquis
1220 2502 1266 2571 sit
1294 2514 1407 2568 vester
1435 2502 1605 2570 minister.
1658 2500 1740 2572 Non
1765 2504 1937 2597 prohibet
1958 2508 2092 2579 Paulus
2121 2510 2214 2577 velle

181 2622 263 2714 quia
283 2640 372 2708 puer
393 2634 457 2699 ego
478 2630 577 2688 sum,
603 2601 651 2671 Et
673 2598 820 2693 Mosen,
845 2614 909 2669 etc.
959 2596 1082 2671 Altero
1107 2608 1187 2695 ιιι-ι
1219 2603 1295 2670 lieri
1307 2597 1534 2691 Episcopum,
1558 2603 1632 2671 sira
1646 2620 1809 2694 appetere
1818 2607 2085 2701 Episcopatum,
2105 2613 2213 2681 modo

181 2725 312 2802 lentes,
342 2729 380 2782 ut
403 2707 563 2780 Esaiamt
600 2699 693 2773 Ecc'e
718 2701 948 2868 lngulh‘ffi’
978 2698 1188 2789 mittemus
1220 2704 1354 2771 honum
1377 2726 1466 2792 opus
1489 2704 1684 2790 desideres,
1716 2708 1846 2796 idest,
1880 2713 2036 2782 officium
2059 2712 2214 2800 docendi

181 2827 232 2896 Et
255 2819 343 2888 dixit
362 2811 538 2882 Dominus
561 2805 605 2873 ad
630 2828 731 2892 eum,
779 2800 877 2885 lade,
901 2816 966 2874 etc.
1021 2788 1061 2869 ln
1079 2818 1187 2893 quo--
1220 2807 1313 2875 hona
1332 2804 1677 2874 conscientiaeoram
1693 2806 1781 2894 Deo,
1801 2813 2214 2905 quemadmdumpau.

181 2948 262 2996 rum
278 2937 428 2988 nurnero
444 2922 527 2979 suut
550 2907 626 2985 isti,
653 2906 713 2998 qui
728 2914 857 2995 petu'rit
873 2918 892 2970 'a
907 2896 1036 2974 Schola
1051 2915 1170 2971 nostra
1184 2922 1187 2941 ²
1220 2908 1276 2975 lu's
1291 2904 1376 2975 dicit
1392 2906 1437 2973 de
1455 2929 1506 2974 se:
1533 2903 1617 2974 Non
1629 2910 1867 2982 adulterantes
1886 2917 2032 2991 verbum
2048 2915 2130 2999 Dei,
2153 2918 2213 2984 sed

181 3045 313 3096 nomeu
331 3031 366 3087 et
380 3002 533 3084 officium
552 3005 773 3077 Ductorisin
792 3029 886 3073 sacra
903 2999 1113 3092 'theologia
1222 3031 1263 3077 ex
1293 3006 1511 3089 sinceritate,
1547 3031 1587 3075 ex
1608 3006 1703 3094 Deo,
1735 3037 1850 3084 coram
1877 3013 1973 3096 Deo,
2007 3019 2045 3086 in
2070 3013 2214 3088 Christo

285 3114 437 3209 ¹Quaerit
467 3109 614 3203 aliquis,
652 3131 737 3175 num
769 3100 836 3175 hoc
867 3105 994 3174 liceat?
1029 3102 1187 3197 quain'd03
1222 3109 1412 3200 loquimur.
1462 3105 1536 3177 Nee
1568 3111 1732 3200 displicet
1765 3111 1907 3187 Christo
1941 3119 2001 3187 illa
2037 3120 2215 3201 voluntas,

175 3202 346 3300 'christus
362 3214 463 3287 dicits
488 3210 608 3282 Nolite
624 3204 893 3305 vo'cari.Ra'hhi‚
914 3208 977 3275 ¹vel
991 3205 1188 3296 magistrat,
1222 3234 1291 3303 qua
1307 3210 1388 3300 quis
1399 3209 1440 3277 in
1454 3206 1614 3280 Ecclesia
1630 3214 1707 3283 vult
1730 3216 1805 3285 fieri
1822 3220 1955 3310 maior,
1978 3221 2014 3289 id
2034 3237 2106 3305 est,
2125 3219 2216 3291 Ma·

171 3322 416 3416 'Respondem
444 3312 543 3385 Licet
559 3310 630 3379 illis
644 3308 706 3403 qui
720 3322 831 3378 uuum
841 3307 1051 3396 ‘magistrum
1064 3302 1171 3377 Clari-
1223 3313 1350 3401 gister,
1368 3309 1526 3396 Ductor,
1551 3308 1695 3394 Pastor,
1715 3317 1793 3386 >tiae
1815 3317 2061 3403 Praedicator,
2092 3323 2124 3391 si
2148 3323 2214 3393 ho-

179 3437 276 3512 stum
292 3432 508 3516 sequuntur,
530 3427 563 3483 et
579 3436 654 3481 non
669 3411 795 3479 volunt
810 3414 937 3478 docere
951 3408 1048 3478 aliud
1065 3432 1171 3500 quam
1215 3437 1310 3481 num
1325 3435 1415 3503 opus
1431 3414 1625 3499 desiderat,
1653 3417 1690 3486 id
1707 3433 1776 3503 est,
1801 3422 2039 3495 ministerium
2064 3425 2217 3517 quaerit,

172 3531 335 3599 'verbum
360 3520 416 3591 sui
438 3513 595 3604 magistri
617 3508 750 3582 Christi
812 3505 907 3599 'Quia
929 3506 1172 3582 Christusad-
1223 3528 1264 3584 ut
1284 3508 1448 3584 Christus
1472 3516 1576 3596 dicit,
1601 3517 1647 3588 sit
1666 3534 1781 3588 vester
1803 3524 1974 3598 minister.
2018 3524 2127 3596 Haec
2140 3528 2217 3597 dixi

151 3623 153 3627 ’
184 3633 254 3703 itit:
275 3625 377 3699 Unus
394 3634 445 3691 est
460 3614 554 3686 enim
572 3615 868 3704 magisterreste'r
882 3607 1057 3682 Christus.
1091 3610 1172 3681 Non
1224 3615 1316 3699 illis,
1347 3616 1411 3707 qui
1445 3616 1620 3688 obiiciunt
1640 3623 1757 3690 nobis
1789 3624 1896 3696 illud:
1941 3626 2062 3698 Nolite
2096 3628 2218 3698 vocari

171 3735 318 3806 'dehent
330 3728 368 3794 in
385 3719 539 3806 Ecclesia
554 3719 680 3785 docere
694 3714 754 3783 alii
771 3713 947 3802 magistri,
974 3714 1035 3782 alii
1050 3715 1172 3782 docto-
1224 3714 1361 3788 Rabhi:
1398 3741 1470 3784 nori
1504 3722 1731 3808 attendentes
1754 3728 1901 3796 verbum
1929 3725 2085 3813 Christi,
2118 3732 2217 3822 quod

172 3850 261 3913 ‘res‚
295 3829 356 3901 alii
383 3838 556 3916 pastores,
590 3831 685 3886 extra
706 3811 910 3894 Christum,
946 3816 1041 3884 aliud
1067 3838 1173 3907 quam
1225 3817 1400 3912 sequitur:
1431 3817 1529 3889 Unus
1546 3834 1597 3889 est
1614 3825 1707 3891 enim
1724 3806 1890 3917 'magister
1907 3846 2019 3901 vester
2038 3825 2217 3903 Christus.

81 3944 85 3955 '
174 3914 348 4008 *Christus
370 3933 492 4005 docet,
523 3919 702 3989 aiat-atiud
726 3921 768 3984 ad
796 3915 944 3986 salutem
974 3913 1174 4000 homiuum,
1226 3917 1348 4011 Neque
1366 3920 1485 3988 vident
1509 3924 1657 3991 studiosi
1674 3930 1928 4016 contentionis,
1955 3936 2049 4025 quod
2072 3958 2221 4024 praece-

174 4056 295 4133 ·quam
316 4032 431 4100 solum
447 4020 649 4099 Christum,
676 4019 736 4111 qui
755 4042 819 4110 pro
844 4014 947 4085 nobis
963 4017 1055 4108 patri
1073 4016 1174 4087 victi·
1227 4022 1280 4091 dit
1301 4021 1339 4088 in
1356 4021 1473 4090 verbis
1487 4018 1635 4094 Christi:
1662 4024 1780 4097 Nolite
1801 4031 1954 4124 aliquem
1973 4036 2074 4104 vohis
2090 4060 2219 4106 vocare

172 4142 244 4208 ‘ma
269 4138 380 4205 lactus
401 4141 463 4199 est.
523 4125 629 4194 sotus
651 4116 813 4191 Christus
840 4121 1113 4189 est-audiendus
1137 4119 1174 4187 in
1227 4136 1361 4212 patrem
1384 4139 1660 4212 superterram,
1685 4127 1785 4198 Unus
1809 4134 2221 4208 estenimPatervester

174 4237 365 4317 Ecclesia,
391 4243 424 4298 et
448 4251 522 4295 non
545 4225 606 4292 alii
631 4221 804 4310 magistri,
830 4221 891 4313 qui
914 4219 1012 4290 aliud
1034 4223 1176 4306 docent,
1225 4225 1264 4292 in
1290 4223 1398 4293 coelo.
1450 4224 1588 4295 Stultus
1611 4221 1668 4296 hic
1691 4229 1816 4317 fueris,
1842 4234 1871 4301 si
1895 4260 1936 4304 ex
1955 4239 2063 4307 verbo
2078 4233 2221 4311 Christi

188 4333 486 4436 quemadmodum
510 4328 584 4415 ipse
600 4325 702 4392 dicit:
730 4320 879 4412 Quivos
897 4324 1015 4407 audit,
1040 4348 1097 4391 me
1111 4348 1176 4392 au-
1226 4325 1377 4409 dixeris,
1408 4343 1541 4416 patrem
1564 4330 1627 4421 qui
1655 4344 1688 4399 te
1715 4334 1854 4420 genuit,
1888 4361 1963 4405 non
1987 4364 2060 4408 esse
2082 4355 2221 4430 patrem

152 4511 161 4519 ,Α
188 4445 251 4513 dit.
310 4436 370 4506 Sic
396 4429 601 4522 praedicant
626 4422 807 4515 Apostoli,
848 4438 987 4493 utnon
1013 4420 1176 4493 homiues
1226 4440 1345 4495 tuum:
1372 4429 1453 4519 quia
1481 4424 1547 4497 hoc
1569 4444 1620 4499 est
1643 4433 1825 4504 manifeste
1848 4452 1968 4508 contra
1991 4441 2221 4534 praeceptum

186 4537 345 4632 magistri
363 4533 571 4612 audiantur,
597 4529 656 4595 sed
672 4526 837 4594 audiatur
852 4524 890 4592 in
906 4525 956 4592 eis
972 4525 1033 4592 ille
1050 4526 1176 4593 unicus
1226 4524 1311 4598 Dei:
1337 4526 1485 4598 Honora
1503 4542 1636 4620 patrem
1653 4546 1771 4620 tuum,
1798 4551 1861 4611 etc.

187 4645 355 4733 magister
375 4631 550 4706 Christus.
602 4626 697 4697 Haec
717 4643 768 4698 est
782 4625 903 4713 'gloria
920 4621 1095 4694 Ecclesiae
1110 4624 1174 4695 Dei
1330 4626 1429 4715 Quid
1452 4654 1541 4720 opus
1564 4647 1613 4702 est
1638 4633 1799 4723 pluribus
1817 4641 1935 4710 verhis
1953 4641 1990 4711 in
2007 4639 2130 4715 haere
2147 4662 2221 4718 tam

188 4772 294 4836 samer
326 4757 475 4814 terram,
512 4735 605 4827 quod
636 4731 750 4821 ipsum
777 4722 959 4797 Christum
981 4724 1175 4796 Dominum
1227 4729 1436 4798 manifesta?
1467 4729 1564 4801 Deus
1581 4732 1671 4822 ipse,
1697 4741 2070 4834 utaprincipiodixi,
2096 4764 2224 4821 extru-

188 4850 337 4941 gloriae,
360 4841 420 4935 qui
447 4837 544 4906 sedet
563 4835 605 4903 ad
628 4837 805 4901 dexteram
822 4826 955 4912 Patris,
980 4829 1080 4899 audit
1097 4829 1177 4899 Ma·
1228 4833 1281 4902 dit
1295 4832 1381 4900 tales
1399 4834 1577 4924 operarios
1592 4835 1631 4902 in
1646 4861 1792 4909 messem
1807 4865 1926 4930 suam,
1951 4847 2024 4916 sive
2043 4851 2225 4938 nolentes,

188 4953 335 5040 gistrum
361 4958 391 5011 et
414 4939 602 5010 Ductorem
626 4937 662 5001 in
681 4931 810 5000 sanctis
832 4930 904 4999 suis
927 4930 1176 5020 praedicatori·
1226 4949 1267 5003 ut
1290 4932 1493 5006 Ieremiam:
1527 4939 1600 5006 sive
1623 4940 1782 5011 volentes
1805 4960 1839 5014 et
1866 4949 2084 5036 postulantes
2110 4953 2224 5047 (quos

187 5057 255 5122 tius
279 5064 313 5119 et
328 5045 551 5123 doctoribus,
578 5036 637 5129 qui
657 5033 812 5103 officium
828 5044 861 5101 et
884 5033 1043 5102 laborem
1067 5034 1178 5102 susci·
1227 5037 1332 5105 etiam
1363 5041 1406 5106 ad
1440 5034 1508 5109 hoc
1537 5038 1608 5128 agit
1630 5039 1785 5132 Spiritus
1808 5043 1976 5144 Domini)
2003 5067 2043 5122 ut
2063 5051 2224 5142 Esaiam,

84 5178 86 5182 ’
189 5157 344 5247 pientes,
379 5148 469 5213 hunt
497 5164 570 5208 nou
595 5135 730 5204 domini
756 5135 888 5216 nostri,
919 5136 980 5203 sed
1011 5135 1178 5221 ministri,
1218 5141 1529 5230 -quemadmodum
1561 5137 1619 5210 hic
1658 5140 1824 5233 Magister
1847 5145 2036 5222 Melchim
2062 5159 2223 5245 postulat

187 5250 487 5351 quemadmodum
511 5235 675 5310 Christus
698 5237 814 5305 addit:
848 5234 967 5304 Maior
989 5234 1178 5323 intervos,
1228 5241 1374 5309 anobis
1398 5243 1541 5312 titulum
1569 5258 1604 5313 et
1631 5249 1778 5338 gradum
1799 5247 1963 5320 Doctoris
1989 5250 2225 5349 Theologiae,

186 5364 227 5427 δὴ
250 5373 362 5424 taeter
380 5347 552 5414 minister.
587 5339 658 5425 Qui
676 5339 768 5406 enim
784 5337 940 5427 seipsum
958 5339 1096 5417 exaltat,
1112 5353 1176 5410 etc.
1227 5342 1439 5426 recteiacit:
1465 5346 1647 5438 quianon
1672 5349 1787 5419 solum
1813 5375 1945 5423 nomen
1965 5359 2223 5449 quaerit‚,.sed
