4748 6022
116 339 193 415 533
834 332 1158 413 cantantum
1207 336 1313 413 ata.
1340 332 1390 411 ll.
1898 331 1901 335 ⁴
2080 336 2155 411 684

114 513 180 586 No.
203 512 286 585 tot.
935 526 989 583 cn.
1011 515 1105 585 tato.
1159 504 1206 581 Et
1224 524 1363 604 peccata
1380 510 1445 581 tibi
1467 535 1528 602 per
1543 505 1727 582 Christum
1744 514 1846 583 crede
1862 513 1995 585 remitti
2010 508 2051 607 ³),
2159 539 2168 570 t

121 605 294 641 Μ
933 604 1105 639 om
1163 611 1414 707 logentensque
1430 613 1519 682 iram
1538 613 1671 705 placari
1685 610 1715 711 ⁴)
1733 616 1908 701 numinis,
1932 630 1967 686 et
1979 616 2010 684 si

217 722 300 798 Aput
317 717 494 777 vincentian
509 733 536 790 p.
551 716 594 771 ³⁰.
1159 712 1266 807 Spem
1282 715 1407 784 veniae
1423 738 1526 782 mens
1538 737 1649 805 aegra,
1665 716 1835 809 gravique
1848 717 2031 788 absterrita
2046 716 2150 801 mole,

166 817 169 824 '
326 834 350 897 ·‚
373 880 382 898 ,
565 875 573 892 ,
1160 813 1205 885 Et
1220 816 1328 884 variis
1344 816 1514 886 scelerum
1529 817 1653 886 formis
1666 818 1805 888 dubitet
1821 841 1858 887 re
1875 819 1983 890 inere.

115 887 185 979 ,Μ
208 870 693 973 ΜΜΜΨΜΜ
720 868 774 943 αα
797 875 1008 963 mm’
1032 873 1084 947 “a
1159 915 1217 986 Tu
1230 918 1368 986 confide
1384 932 1517 987 tamen:
1544 920 1651 1006 gratis
1666 919 1845 1008 ignoscere
1858 835 1962 991 ltubis
2070 953 2074 961 ·

419 976 469 1048 D·
489 977 606 1045 Im·
629 976 803 1047 mm·
1120 1014 1122 1019 ’
1157 1014 1323 1088 Decrevit
1339 1018 1442 1088 Pater
1455 1034 1488 1089 et
1505 1032 1665 1095 nostrum
1681 1022 1822 1092 demisit
1836 1022 1873 1091 in
1890 1023 2026 1108 orbern,

111 1132 199 1204 Visa
218 1134 368 1204 obscura
384 1127 484 1220 prius
500 1125 623 1198 multis
641 1125 754 1198 oratio
773 1125 877 1196 Pauli
891 1139 954 1208 est,
1158 1116 1206 1191 Ut
1223 1134 1422 1212 peccatores
1441 1132 1614 1206 servaret,
1639 1120 1786 1207 credite,
1813 1139 1971 1214 gnatum.

162 1230 295 1306 omni,
309 1232 372 1303 ubi
392 1229 517 1313 series,
543 1251 637 1299 unus
651 1251 796 1299 acervus
814 1243 899 1298 erar,
1155 1217 1237 1289 Non
1254 1224 1383 1292 nostris
1400 1222 1523 1292 tribuit
1542 1224 1731 1293 benefactis
1747 1248 1891 1295 munera
1908 1238 2018 1309 tanta,

110 1335 259 1426 Singula
273 1336 335 1405 sed
352 1346 538 1427 postquam
553 1343 635 1400 sunt
651 1330 778 1400 ordine
789 1330 947 1400 membra
964 1342 1105 1416 retexta,
1158 1320 1268 1393 Unica
1288 1349 1350 1414 pro
1368 1325 1473 1392 nobis
1489 1339 1632 1393 mactata
1649 1340 1700 1395 est
1718 1325 1858 1395 victima
1875 1320 2049 1397 Christus.

160 1437 361 1529 Dispogpae
377 1434 512 1505 clarum
528 1453 583 1501 m
602 1433 708 1503 modo
724 1432 846 1502 lumen
865 1425 1011 1502 habent,
1156 1421 1235 1493 Hoc
1252 1420 1484 1514 Evangelium
1502 1423 1685 1496 Romanos
1701 1425 1809 1497 Paule
1824 1429 1986 1512 docebas,

110 1537 388 1613 Commendatus
400 1536 468 1606 erit
488 1533 554 1604 tibi
573 1529 659 1604 lona
677 1535 807 1604 diserte
821 1532 975 1618 libellus,
1030 1532 1032 1537 ’
1154 1522 1282 1595 Nostra
1302 1524 1392 1596 nihil
1409 1528 1589 1597 benefacta
1608 1541 1744 1622 quennt
1759 1552 1825 1598 nos
1840 1530 2040 1601 iustificare.

162 1639 227 1713 ssgq
241 1640 366 1724 breve,
393 1639 453 1709 ,ed
470 1635 589 1727 magni
603 1638 737 1729 grande
751 1630 886 1706 laboris
903 1659 1004 1727 opus,
1156 1624 1170 1693 l
1176 1627 1298 1696 trsticia
1314 1624 1398 1698 haec
1412 1631 1555 1699 demum
1573 1644 1625 1699 est
1641 1631 1705 1699 uni
1720 1631 1896 1700 cnsrfidere
1908 1627 2064 1714 Christo,

1155 1726 1261 1816 Quod
1279 1731 1344 1800 tibi
1360 1731 1507 1820 placarit
1523 1728 1682 1817 Patrem,
1709 1732 1919 1827 veniamque
1935 1733 2068 1823 rogarit

1156 1827 1220 1899 llle
1235 1845 1362 1903 unctus
1378 1833 1497 1922 digitis
1513 1833 1623 1924 patris
1639 1856 1730 1902 tantas
1744 1849 1868 1905 cuncta
1883 1836 2047 1905 sacerdos

1156 1928 1342 2024 impetrat,
1370 1949 1403 2005 et
1420 1958 1604 2031 nunqnam
1619 1949 1702 2007 sunt
1718 1935 1815 2006 illius
1832 1937 1931 2007 irrita
1948 1949 2041 2010 vota.

113 2048 176 2120 No.
194 2049 278 2121 102.
697 2046 781 2130 (eod.
795 2030 890 2128 lemp.
902 2036 942 2107 'nt
955 2042 1103 2126 videtur.)

122 2142 291 2173 Μ
715 2138 1096 2177 w

179 2270 213 2321 ln
226 2282 292 2337 opp·
305 2260 386 2319 Basil.
399 2260 432 2316 Τ.
447 2258 480 2314 V.
496 2256 595 2332 pm.
607 2268 634 2314 et
647 2261 719 2335 apud
734 2243 860 2318 Vincunt.
873 2281 902 2336 p.
913 2263 965 2318 206
977 2281 1020 2336 sq.
1153 2300 1220 2372 No.
1239 2301 1324 2373 103·

185 2425 342 2494 Sammo
364 2419 561 2493 doctrinae
585 2417 824 2492 canossam
847 2416 900 2497 nd
917 2422 1025 2512 ptam
1153 2398 1324 2425 ’Ν
1932 2307 2142 2438 Q

408 2594 411 2599 .
482 2523 725 2595 gammam
1223 2518 1297 2600 Opp.
1318 2516 1398 2573 Basil.
1414 2516 1447 2572 Τ.
1461 2519 1494 2575 V.
1511 2517 1613 2590 psas.
1652 2519 1779 2575 vincent.
1796 2538 1823 2593 p.
1838 2519 1901 2576 285.
1941 2521 2093 2594 (Scriptum
2111 2534 2143 2578 st

1255 2589 1362 2646 videtur
1377 2586 1472 2656 Spirae
1484 2587 1513 2640 in
1528 2592 1692 2659 consentu.)

160 2672 258 2744 Haec
274 2672 374 2766 pueri
392 2696 492 2742 verae
506 2671 646 2765 pietatis
660 2672 794 2744 credite
808 2696 946 2744 summa
962 2684 1026 2753 est,

109 2774 159 2847 Et
174 2775 375 2845 meminisse
392 2774 530 2857 Deum,
555 2789 589 2845 et
604 2775 756 2845 bonitati
773 2775 880 2843 fidere
897 2773 1017 2866 patris,
1466 2744 1525 2816 Ad
1550 2747 1735 2839 aime
1743 2766 1827 2820 Μ·

111 2874 159 2949 Et
174 2878 258 2948 casti
276 2899 409 2958 mores,
431 2875 631 2968 mentisque
646 2876 802 2969 exempla
817 2891 972 2949 renatae.

163 2978 228 3048 llle
245 2977 360 3050 Deum
376 2977 521 3058 metuit,
549 3000 710 3068 magnam
727 2978 790 3071 qui
805 2977 933 3046 iudicis
950 2977 1038 3045 iram

110 3080 245 3159 Sentit,
272 3093 305 3150 ct
325 3079 422 3148 illius
439 3075 563 3148 horret
576 3079 736 3173 facesque
753 3077 778 3172 ¹)
797 3080 992 3170 minasque,

109 3179 158 3252 Et
173 3207 209 3252 se
228 3180 440 3273 supplicium
456 3194 639 3252 aeternum
657 3182 826 3250 meruisse
846 3181 987 3252 latetur.

110 3282 253 3354 Primus
271 3277 327 3353 hic
341 3295 392 3350 est
407 3284 537 3371 gradus
550 3284 594 3352 ad
609 3278 743 3353 Christi
759 3283 921 3354 coelestia
936 3304 1044 3372 regna

110 3386 170 3461 Sic
185 3398 282 3454 vates
298 3380 403 3455 Esaia
419 3384 532 3466 canit,
555 3398 590 3456 te
605 3385 756 3454 maxime
771 3408 889 3454 rerum

109 3486 284 3559 Conditor
301 3488 339 3554 in
354 3485 504 3578 pavido,
530 3499 564 3557 et
577 3486 713 3557 deiectu
734 3488 839 3555 corde
853 3479 1026 3571 habitare,
1975 3532 1977 3536 2

109 3589 150 3661 si
162 3584 191 3683 ²)
204 3589 332 3679 pudeat
347 3610 516 3679 peccasse,
533 3588 708 3679 dolorque
722 3581 781 3654 hic
797 3598 935 3678 pectora
951 3586 1099 3657 scindat.
1150 3584 1218 3657 No.
1239 3583 1322 3655 104.
1870 3605 1875 3615 ·
1921 3591 1986 3672 (sn.
2004 3596 2096 3660 1529.
2106 3596 2140 3681 ?)

106 3689 191 3761 Nun
207 3687 420 3757 simulentur
434 3687 484 3757 ait
501 3687 687 3780 lacrymae,
710 3687 931 3778 gemitusque
945 3683 1099 3771 lohelus,
1152 3680 1321 3712 Μ
1932 3684 2142 3723 ”N

110 3790 206 3860 lusta
223 3789 292 3858 Dei
309 3811 383 3854 non
399 3800 482 3856 ante
495 3811 652 3881 unquam
670 3789 866 3877 placabitur
879 3788 931 3857 ira
1220 3803 1295 3878 opp.
1308 3800 1390 3857 Bait.
1405 3799 1440 3855 T.
1455 3801 1488 3858 v.
1505 3818 1533 3874 p.
1544 3798 1605 3856 tat
1641 3798 1768 3856 wacena.
1780 3819 1807 3873 p.
1817 3799 1879 3858 2³⁵.

109 3878 228 3982 Quam
243 3889 310 3959 tibi
325 3887 535 3981 displiceant
550 3888 642 3958 vitae
657 3890 841 3959 cosrtmissa
858 3888 999 3980 prioris
1681 3963 1690 3982 ‚

107 3990 251 4064 Etvere
267 3991 388 4060 doleas
404 4013 521 4060 rerum
537 3990 726 4061 offendisse
743 4005 938 4082 parentem.
1475 4057 1478 4061 ,
1550 3964 1729 4034 Imm·

109 4090 145 4165 0
163 4093 216 4163 vis
232 4105 364 4187 quanta
378 4091 452 4161 irae
467 4103 536 4177 est,
557 4091 729 4164 immensa
743 4091 899 4185 potentia
915 4116 995 4164 cum
1011 4116 1048 4165 se
1250 4113 1343 4188 cum
1358 4105 1610 4184 Demosthenis
1625 4124 1730 4206 arque
1745 4110 1896 4183 [miani

36 4243 40 4253 ·
107 4188 232 4267 Exerit
247 4207 354 4288 atque
367 4193 423 4263 sui
440 4206 659 4264 contemtum
676 4195 876 4280 ulciscitur,
901 4195 1011 4289 inque
1252 4217 1353 4303 Uno,
1376 4214 1478 4301 pege,
1503 4213 1686 4284 volumine
1697 4226 1802 4308 „que
1816 4214 1907 4286 sm

108 4295 270 4367 Infirmas
285 4296 422 4366 animas
434 4296 571 4386 ingenti
584 4296 733 4366 numine
750 4298 872 4370 saevit.
1254 4319 1393 4409 pungp,
1418 4316 1508 4387 mia
1526 4315 1580 4384 vi,
1595 4314 1827 4408 100300pinof

109 4396 292 4470 Paeniteat
307 4398 399 4468 vitae
414 4394 559 4482 Petrus,
584 4398 720 4491 inquit,
745 4399 895 4491 turpiter
909 4413 996 4486 scta,
1250 4419 1408 4494 Urbanis
1425 4417 1621 4511 tepidisque
1634 4430 1839 4508 temperare.

108 4497 204 4569 Haec
220 4501 331 4572 estad
348 4499 488 4569 veniam
506 4500 609 4571 nohis
624 4499 680 4571 via
697 4500 810 4593 prima
826 4503 987 4593 petenda,
1236 4525 1320 4595 sed
1337 4523 1368 4592 gi
1381 4522 1505 4590 ludere
1520 4519 1574 4588 vis
1589 4520 1700 4611 probo
1716 4533 1749 4589 et
1764 4520 1885 4604 iocari,

106 4597 203 4672 Dum
219 4601 316 4671 vives
331 4624 517 4694 nunquam
537 4616 698 4673 sanctum
713 4605 851 4694 depone
868 4601 1046 4692 timorem,
1252 4623 1422 4697 ponenda
1437 4637 1488 4693 ω
1501 4618 1634 4718 Cynica
1651 4620 1718 4691 ista
1733 4620 1862 4707 barba,
1886 4621 1981 4695 Pete,

107 4701 219 4793 Saepe
232 4700 370 4796 Deique
385 4703 521 4789 minae,
547 4703 711 4774 coelestia
728 4704 899 4786 lulmina,
924 4708 1035 4777 menti

108 4801 300 4875 Terrorem
317 4802 494 4874 incutiant
506 4817 629 4896 pectus
642 4805 876 4900 frangantque
897 4811 1099 4899 superbum.

108 4904 179 4978 Sed
194 4919 315 4976 tamen
330 4903 635 4974 intereamentem
648 4906 776 4978 fiducia
792 4929 931 4998 semper
1183 4915 1212 4987 t)
1234 4909 1314 4967 nott
1330 4911 1419 4968 &aas
1433 4909 1483 4963 stat
1493 4923 1606 4976 emper
1621 4904 1765 4960 arissam
1775 4910 1892 4974 suasa
1902 4912 2020 4969 reosttst.

106 5001 251 5097 Erigat,
273 5019 379 5097 atque
394 5016 528 5073 metum
543 5005 714 5098 quaedam
731 5007 856 5076 solatia
872 5029 1005 5094 rursus,
1184 5015 1213 5085 t)
1232 5013 1312 5070 Bastt.
1322 5016 1451 5081 passure.

107 5106 294 5183 Luctando
312 5117 478 5198 superent
493 5106 536 5175 de
550 5097 694 5177 Christo
710 5097 849 5197 prodita
868 5109 973 5179 nubis
1185 5119 1219 5190 t)
1233 5118 1341 5185 possit]
1358 5112 1439 5171 Bait
1452 5115 1550 5166 ων.

1151 2904 1217 2981 Est
1231 2903 1318 2978 mihi
1335 2933 1424 3003 qnae
1440 2909 1524 2980 scite
1543 2907 1736 2981 Graiorum
1753 2910 1896 3001 pingere
1912 2910 2064 3011 possiet)

1202 3009 1322 3081 Penna
1340 3023 1460 3098 notas,
1486 3012 1608 3103 digitis
1621 3028 1700 3103 apta
1717 3013 1836 3082 futura
1853 3014 1933 3087 tuis.

1149 3110 1233 3183 Non
1248 3109 1398 3183 Pharios
1413 3138 1571 3207 unquam
1584 3114 1736 3184 calamos
1759 3139 1976 3206 praeponere
1993 3120 2116 3212 possis,

1203 3213 1283 3286 Huc
1298 3216 1381 3285 ades
1396 3239 1417 3284 a
1431 3216 1537 3286 nobis
1552 3211 1619 3285 boc
1635 3215 1702 3286 tibi
1718 3240 1848 3287 munus
1865 3219 1942 3288 erit.

112 5285 311 5303 ..ι-...ὰ-

145 5393 174 5462 1)
193 5390 274 5447 Basil.
283 5389 445 5461 lassetque.

143 5496 172 5564 ί)
191 5495 236 5564 St]
253 5484 334 5550 llssila'
352 5492 396 5550 Et.
