4748 6022
111 259 191 335 506
483 255 738 330 SCRIPTA
770 253 845 327 AD
881 253 1077 326 VITAM
1107 249 1183 324 ΕΤ
1217 249 1454 326 OBITUM
1488 252 1786 355 MELANTH.
2076 270 2150 339 806

73 480 76 490 -
114 431 261 523 ingenio
276 428 439 502 indulsit.
488 428 560 499 Sed
576 431 876 521 quemadmodum
891 429 967 520 ipse
984 426 1023 496 in
1038 438 1112 498 tnta
1163 427 1223 496 bet
1238 436 1424 494 sectatores
1439 447 1514 493 non
1537 450 1684 517 paucos,
1711 456 1775 503 nec
1797 434 1988 525 ignobiles,
2013 462 2053 509 ac
2072 464 2151 529 per·

113 535 205 614 vita,
232 545 265 602 et
280 532 448 602 omnibus
463 532 662 601 actionibus
680 546 821 623 apertus
836 533 922 616 fuit,
942 531 1112 613 sincerus,
1161 550 1366 597 mansuram
1390 526 1494 596 etiarn
1521 530 1566 598 ad
1587 531 1692 600 linem
1714 531 1847 606 Mundi
1871 553 1996 610 contra
2017 539 2153 611 lufero-

114 653 150 709 et
165 635 351 715 candidus,
376 635 425 704 ita
443 634 481 703 in
498 634 717 726 professione
730 634 923 719 doctrinae,
947 631 1111 724 proprie-
1162 654 1243 700 rum
1259 643 1377 721 portas
1393 652 1586 722 speramus.
1634 630 1745 706 Cuius
1766 641 1831 708 etsi
1848 642 2039 712 adversarii
2056 646 2152 715 refu-

117 754 188 811 tate
212 736 404 817 sermonis,
432 750 466 807 et
486 737 659 808 orationis
679 759 817 828 semper
833 750 886 808 est
906 736 1111 818 delectatus,
1162 733 1332 803 tationem
1365 745 1441 801 tum
1476 733 1725 823 instituerant,
1757 764 1833 809 eam
1869 757 2006 829 tamen,
2039 771 2153 839 neque

117 857 154 914 et
171 841 381 932 genuinam,
406 861 447 908 ac
471 838 627 908 nativam
652 839 882 920 sententiam,
905 861 1011 932 quam
1037 859 1110 906 ser·
1163 835 1303 927 publice
1326 833 1364 901 in
1385 835 1501 917 lucem
1517 839 1620 905 edere
1636 862 1795 933 unquam
1817 844 1894 915 ansi
1910 860 2012 931 sunt,
2035 872 2153 941 neque

117 943 236 1013 monis
253 942 465 1034 proprietas,
491 957 526 1013 et
541 941 623 1010 fidei
640 940 814 1032 Analogia
830 941 995 1024 afferunt,
1020 939 1109 1007 faeta
1162 936 1313 1007 statibus
1335 936 1502 1029 Imperii,
1534 938 1597 1031 qui
1619 936 1884 1015 confessionem
1909 943 2154 1032 exhibuerant,

118 1046 326 1130 collatione,
353 1045 516 1127 eruebat,
548 1058 582 1114 et
607 1043 643 1112 id
670 1046 767 1137 quod
789 1045 982 1126 sentiebat,
1013 1065 1110 1120 voce,
1163 1038 1311 1129 abipso
1346 1038 1557 1128 imperatore
1583 1046 1783 1133 petentibus
1816 1049 1954 1140 copiam
1983 1051 2057 1120 eius
2083 1053 2154 1121 sibi

118 1163 153 1220 et
178 1147 336 1238 seriptis,
366 1170 446 1216 cum
474 1146 554 1216 aliis
578 1146 759 1237 plurimis,
786 1160 863 1219 tum
885 1143 1051 1238 inprimis
1073 1141 1112 1211 in
1162 1141 1258 1224 fieri,
1294 1139 1552 1232 inspiciendam
1594 1145 1678 1214 dare
1719 1148 1920 1226 voluerunt.
1974 1151 2155 1223 Videbam

121 1250 207 1320 loeis
221 1262 272 1320 est
286 1251 475 1342 professus.

221 1452 384 1549 Cumque
414 1453 454 1521 in
483 1447 552 1523 hoc
580 1466 701 1522 nostra
725 1465 887 1522 versetur
915 1449 1050 1539 oratio,
1078 1461 1113 1519 et

120 1580 269 1650 magnus
284 1559 329 1629 sit
346 1551 476 1626 horum
492 1556 650 1626 locorum
666 1577 763 1640 usus,
776 1569 881 1648 atque
895 1556 935 1625 in
951 1551 1112 1625 omnium

120 1663 193 1732 fere
216 1661 382 1731 manibus
405 1671 607 1743 versentur,
638 1682 712 1728 nou
737 1682 879 1749 possum
908 1655 1112 1749 praeterire,

121 1763 210 1859 quin
234 1760 407 1834 iudicium
427 1758 575 1832 Domini
592 1758 756 1831 Doctoris
780 1760 933 1831 Martini
951 1748 1116 1827 Lutherf

120 1869 164 1937 de
181 1866 254 1936 illis
273 1865 430 1936 recitem·
452 1893 460 1901 ·
481 1863 595 1955 Spero
619 1865 713 1933 enim
737 1887 813 1934 non
833 1865 910 1933 fore
926 1859 1112 1932 Auditori-

121 1969 189 2039 bus
215 1969 405 2059 ingratum.
468 1960 569 2035 Adeo
591 1954 714 2037 adtem
742 1960 938 2034 honorilice
964 1967 1008 2031 de
1041 1960 1115 2030 iilis

123 2071 251 2155 sensit,
275 2081 317 2140 ut
339 2067 488 2150 dixerit,
513 2063 595 2136 Non
620 2060 736 2135 extare
759 2067 875 2134 ullum
894 2066 991 2134 aliud
1011 2086 1114 2154 prae-

82 2252 89 2275 ,
122 2175 272 2247 stantius
288 2185 367 2263 post
382 2166 584 2258 Apostolica
606 2168 736 2258 scripta
750 2160 864 2237 Loris
880 2164 924 2239 D.
943 2160 1115 2256 Philippi,

143 2279 280 2368 deoque
300 2274 339 2339 in
353 2267 517 2339 'Ecclesia
539 2284 572 2337 et
587 2263 728 2340 Scholis
751 2270 992 2338 retinendum:
1020 2263 1114 2354 Quia

120 2378 162 2447 in
195 2400 236 2444 eo
262 2376 404 2457 doceat,
438 2383 587 2462 pugnet,
621 2384 653 2440 et
687 2365 902 2462 triumphet,
931 2394 971 2439 ac
1000 2383 1114 2440 totum

121 2499 252 2568 corpus
276 2474 435 2544 coelestis
460 2471 645 2542 doctrinae
669 2475 933 2563 complectatur.
983 2469 1056 2540 Nec
1077 2470 1115 2538 in

121 2579 289 2649 omnibus
310 2576 472 2647 omnium
493 2586 633 2665 patrum
649 2575 788 2665 scriptis
813 2587 951 2645 tantum
968 2572 1115 2664 reperiri

55 2718 57 2722 ¹
123 2678 336 2753 eruditionis
359 2674 616 2764 Theologicae,
650 2678 884 2770 quantumin
911 2675 998 2745 locis
1020 2670 1116 2744 hisce

122 2784 359 2856 contineatur.
417 2776 467 2850 Et
493 2779 524 2847 si
555 2779 675 2848 omnia
704 2779 851 2849 illorum
880 2779 1007 2867 scripta
1031 2801 1117 2847 cou-

122 2887 310 2966 flarentur,
346 2907 421 2952 non
449 2896 568 2953 tamen
601 2883 686 2951 inde
717 2883 815 2951 locos
843 2875 1003 2973 Philippi
1033 2903 1117 2972 pro-

125 2988 272 3062 diturus.

225 3185 423 3260 Adhibitus
438 3202 491 3259 est
508 3201 625 3280 postea
639 3188 956 3260 diiudicationibus
972 3187 1118 3277 dogma-

126 3309 222 3379 tum,
256 3307 291 3364 et
315 3293 654 3374 controversiarum,
680 3317 720 3363 ac
744 3291 960 3381 gravissimis
983 3290 1119 3359 delibe-

125 3395 344 3475 rationibus,
370 3395 434 3464 ubi
457 3396 501 3463 de
524 3408 597 3465 tota
621 3395 793 3485 religione
816 3409 867 3463 est
888 3394 1118 3484 disputatum.

126 3497 295 3569 Interfuit
323 3499 498 3591 plerisque
528 3494 696 3567 Comiciis
726 3495 990 3586 imperialibus,
1021 3491 1119 3563 Con-

126 3601 293 3671 ventibus
315 3600 539 3692 principum,
572 3611 606 3667 et
626 3592 912 3685 Theologorum,
943 3618 983 3664 ac
1008 3594 1119 3662 collo-

125 3703 222 3798 quiis
248 3702 417 3770 omnibus
444 3700 617 3789 publicis,
650 3722 740 3791 quae
767 3711 842 3766 toto
870 3709 1028 3786 ternpore
1053 3691 1120 3763 hoc

127 3817 215 3874 sunt
233 3801 405 3873 instituta.
437 3797 511 3869 Nec
524 3800 592 3872 fuit
606 3800 681 3868 illic
695 3800 833 3870 ociosus
849 3811 1040 3891 spectator,
1058 3809 1120 3866 aut

125 3897 261 3999 κώφον
272 3894 489 3996 πρώςωπον,
509 3904 568 3971 sed
587 3902 791 3993 praecipuas
805 3900 942 3992 seniper
955 3901 1024 3990 egit
1040 3922 1121 3989 par·

127 4023 199 4092 tes,
221 4004 342 4075 omnia
359 4003 489 4094 scripta
503 4005 721 4095 composuit,
747 4028 827 4073 eum
844 4002 1055 4074 adversariis
1070 4013 1121 4072 est

128 4130 353 4198 congressus,
375 4106 461 4177 etin
480 4106 554 4176 acie
569 4107 682 4186 stetit,
708 4129 748 4176 ac
762 4106 996 4176 constantiam
1020 4126 1120 4197 prae-

130 4212 217 4283 stitit
233 4209 310 4278 viro
328 4210 423 4279 bono
441 4208 597 4297 dignam.
650 4207 726 4278 Nec
742 4233 900 4301 unquam
919 4207 1032 4278 victus
1047 4206 1122 4275 dis-

130 4313 248 4395 cessit,
273 4313 334 4381 sed
350 4310 502 4408 maxima
526 4310 661 4400 ingenii
678 4310 872 4390 celeritate,
900 4323 934 4380 et
948 4309 1122 4393 acumine,
1139 4361 1141 4364 >

116 4410 359 4506 .Sophisticen
381 4412 576 4494 intellexit,
603 4427 637 4484 et
657 4409 910 4503 deprehendit,
935 4425 1042 4505 atque
1064 4411 1120 4479 in-

132 4517 295 4601 tricatas,
321 4529 357 4586 et
373 4515 552 4585 involutas
575 4516 818 4608 quaestiones,
844 4538 884 4584 ac
908 4515 1023 4583 nodos
1040 4536 1122 4603 gor-

132 4621 226 4702 dios,
264 4617 382 4708 gladio
415 4617 529 4705 verbi,
548 4614 615 4687 Dei
655 4617 841 4702 dissecuit,
881 4631 916 4687 et
947 4614 1120 4685 dissolvit.

130 4719 279 4812 Scripsit
302 4734 335 4791 et
357 4734 515 4809 tempore
545 4718 862 4816 periculosissimo,
896 4743 975 4788 curn
1003 4717 1123 4786 omnia

130 4823 319 4894 interitura
354 4821 589 4906 videbantur,
627 4823 666 4890 in
698 4819 863 4892 Comitiis
896 4816 1124 4910 Augustaniq

130 4923 231 4996 Fidei
256 4923 532 5005 confessionem,
558 4923 816 4993 communicato
841 4935 917 4992 tum
944 4946 1023 4991 cum
1045 4921 1124 4989 aliis

113 5027 300 5111 consilio,
327 5049 416 5119 quae
437 5024 570 5093 ibidem
588 5019 743 5094 exhibita
762 5038 813 5094 est
829 5021 1038 5114 Imperatori
1054 5018 1124 5092 Ca·

1164 1245 1259 1314 enim
1276 1265 1338 1313 sua
1353 1242 1482 1331 frigida
1498 1268 1588 1326 esse,
1613 1261 1647 1316 et
1662 1248 1811 1335 frivola,
1832 1277 1898 1322 nec
1914 1277 2014 1342 posse
2031 1256 2154 1326 claris-
2268 1285 2272 1293 ·

1164 1346 1271 1417 simae
1287 1344 1370 1429 luci,
1396 1369 1486 1439 quae
1505 1346 1542 1414 in
1560 1344 1790 1433 Confessione
1808 1355 2029 1446 splendebat,
2056 1374 2154 1430 tene-

1164 1450 1246 1520 bras
1260 1447 1401 1519 offundi
1415 1460 1477 1519 aut
1489 1447 1628 1543 aliquid
1643 1455 1728 1523 certi
1745 1468 1779 1525 et
1799 1455 1892 1525 firmi
1907 1461 2052 1551 opponi.

1268 1650 1418 1744 Scripsit
1432 1666 1554 1744 postea
1568 1652 1607 1723 in
1620 1655 1746 1727 iisdem
1756 1656 2157 1752 ComieiisApologiaro,

1165 1755 1296 1848 inqua
1321 1750 1643 1826 etConlessionem
1671 1761 1830 1831 defendit
1859 1763 2022 1853 pluribus
2050 1789 2156 1854 argu-

1164 1857 1316 1943 mentis,
1342 1869 1378 1927 et
1392 1854 1691 1932 Adversariorum
1706 1860 1996 1937 Confutationem
2014 1868 2156 1958 publice

1166 1960 1283 2031 obiter
1296 1961 1422 2031 lectam
1444 1961 1586 2035 refutat.

1268 2159 1326 2234 Ad
1341 2162 1385 2235 D.
1402 2158 1611 2256 Philippum
1627 2176 1796 2258 tanquam
1813 2166 2027 2262 Delphicum
2042 2169 2158 2264 Apol-

1166 2265 1252 2334 linis
1264 2266 1449 2336 oraculum
1471 2267 1510 2333 in
1524 2267 1639 2334 causis
1654 2266 1873 2339 difficillimis
1887 2296 2010 2341 omnes
2030 2298 2158 2367 prope-

1167 2369 1315 2437 modum
1328 2365 1524 2453 Ecclesiae,
1550 2365 1627 2436 lmo
1651 2381 1685 2437 et
1703 2366 1886 2462 Principes
1905 2374 2052 2462 plurimi
2072 2401 2160 2447 con-

1166 2471 1353 2559 fugerunt,
1386 2467 1597 2539 sententiam
1619 2470 1750 2561 ipsius,
1781 2487 1816 2543 et
1839 2475 2012 2545 iudicium
2035 2479 2160 2549 audire
2200 2530 2207 2543 Ι

1168 2572 1369 2662 cupientes,
1396 2571 1525 2664 quibus
1540 2570 1725 2642 laboribus
1737 2567 1825 2645 haec
1839 2599 1895 2646 res
1912 2578 1946 2646 ei
1962 2580 2161 2654 constiterit

1168 2675 1270 2742 facile
1291 2673 1409 2766 quivis
1429 2671 1609 2761 intelligit.
1660 2671 1704 2742 In
1724 2669 1822 2748 hunc
1842 2679 2010 2762 modum,
2035 2676 2093 2753 his
2109 2684 2161 2755 la·

1169 2776 1336 2856 boribus,
1363 2788 1398 2847 et
1419 2775 1547 2846 studiis
1571 2789 1740 2867 perpetuo
1765 2793 1976 2871 occupatus,
2002 2785 2065 2853 ubi
2083 2783 2162 2856 Tu-

1169 2878 1277 2968 hinga
1296 2878 1465 2951 discessit.
1515 2874 1749 2969 Reipublicae
1769 2881 1966 2968 literariae,
1991 2898 2025 2955 et
2039 2881 2163 2956 Eccle-

1169 2981 1240 3050 siae
1262 3005 1341 3050 cum
1364 2981 1544 3064 docendo,
1577 2993 1654 3050 tum
1676 2983 1883 3071 scribendo,
1915 2985 2018 3057 xbtt
2050 3013 2164 3061 annos

1171 3082 1327 3157 servivit.

1271 3284 1389 3358 Deum
1420 3287 1674 3373 immortalem,
1704 3305 1836 3385 quanta
1866 3293 2058 3378 foelicitas,
2092 3299 2163 3370 frui

1171 3404 1271 3461 tanto
1294 3405 1453 3482 tempore
1477 3404 1549 3460 tam
1570 3392 1714 3461 salutari
1733 3391 1905 3464 Doctore!
1961 3393 2038 3487 Ego
2063 3418 2165 3485 certe,

1172 3492 1235 3562 etsi
1253 3492 1363 3583 probe
1378 3487 1467 3559 mihi
1484 3516 1582 3561 meae
1599 3493 1781 3563 tenuitatis
1806 3497 1872 3563 sim
1892 3500 2073 3584 conscius,
2099 3527 2165 3572 nec

1172 3606 1310 3665 tantum
1328 3592 1538 3683 profecerim
1557 3587 1625 3662 hoc
1640 3609 1886 3684 praeceptore,
1913 3614 2085 3690 quantum
2101 3605 2164 3672 de-

1172 3697 1335 3765 bueram:
1363 3691 1502 3762 Tamen
1517 3688 1608 3763 hanc
1625 3717 1799 3766 summam
1815 3698 2052 3782 foelicitatem,
2074 3731 2165 3798 quae

1173 3792 1263 3867 mihi
1289 3794 1460 3865 interris
1489 3798 1694 3887 contingere
1721 3801 1853 3890 potuit,
1889 3801 2039 3889 iudico,
2067 3811 2164 3899 quud

1172 3895 1264 3969 mihi
1287 3912 1363 3969 toto
1379 3897 1646 3991 quinquennio,
1673 3901 1764 3971 dnos
1783 3902 1871 3972 istos
1893 3899 2038 3990 heroes,
2066 3908 2166 3979 Mar-

1172 4004 1290 4072 tinum
1311 3996 1510 4073 Lutherum
1532 4001 1631 4086 dico,
1666 4016 1701 4073 et
1725 3999 1932 4097 Philippum
1958 4005 2167 4083 Melantho-

1173 4128 1255 4173 nem
1278 4116 1523 4195 praeceptores
1547 4127 1645 4172 meos
1669 4119 1847 4197 perpetua,
1861 4109 2085 4182 observantia
2105 4139 2167 4183 co·
2229 4112 2232 4119 ’

1173 4207 1317 4288 leudos,
1341 4205 1512 4276 audiendi
1529 4205 1630 4298 copia
1646 4206 1807 4284 structa.

1275 4403 1323 4478 Et
1334 4410 1431 4501 qnod
1447 4405 1613 4481 lrenaeus
1633 4412 1679 4481 de
1694 4409 1892 4507 Polycarpo
1909 4412 2166 4508 smyrneorum

1174 4506 1372 4603 Episcopo,
1399 4511 1461 4604 qui
1477 4513 1593 4582 fuerat
1611 4514 1754 4584 auditor
1772 4513 1916 4585 loannis
1931 4513 2107 4607 Apostoli,
2133 4534 2168 4590 et

1174 4610 1422 4704 Evangelistae
1455 4616 1598 4702 scribit,
1634 4615 1752 4687 Multa
1786 4640 1889 4706 saepe
1914 4617 2079 4691 Doctoris
2112 4622 2167 4691 sui

1175 4716 1268 4785 dicta
1283 4739 1428 4785 narrare
1441 4717 1606 4802 solitum,
1631 4719 1762 4810 quibus
1779 4719 1968 4804 addiderit,
1990 4722 2037 4794 Se
2053 4721 2167 4795 adhuc

1176 4841 1277 4886 voces
1301 4817 1432 4906 ipsius,
1465 4818 1566 4911 quasi
1589 4820 1627 4887 in
1651 4820 1797 4889 auribus
1821 4822 1894 4890 suis
1916 4842 2083 4896 sonantes
2104 4851 2168 4895 au·

1176 4918 1265 4991 dire.
1320 4917 1361 4988 ld
1383 4920 1427 4989 de
1449 4944 1505 4989 me
1521 4920 1703 4989 verissime
1724 4943 1868 5012 possum
1885 4909 2080 5012 affirmare,
2107 4926 2168 4996 Me

1176 5016 1294 5091 adbuc
1310 5045 1385 5090 non
1399 5022 1505 5091 modo
1520 5044 1623 5112 voces
1644 5017 1772 5092 horum
1794 5024 1951 5096 virorum
1968 5028 2006 5097 in
2022 5030 2169 5100 avaribus

132 5130 210 5200 rolo
225 5129 364 5222 quinto.
406 5125 448 5194 ln
466 5151 535 5219 qua
551 5127 657 5195 etiam
673 5126 880 5216 praecipuos
895 5123 975 5192 fidei
994 5124 1125 5194 articu-
1177 5123 1370 5193 tinnientes
1394 5121 1538 5212 audire,
1563 5123 1624 5192 sed
1648 5127 1736 5196 adeo
1752 5128 1921 5198 tenaciter
1943 5132 2053 5199 menti
2070 5155 2169 5202 meae

130 5232 186 5304 los
201 5245 254 5302 est
269 5231 484 5323 complexus,
508 5230 570 5298 sed
585 5227 758 5310 breviter,
781 5227 876 5296 utin
894 5222 1125 5297 Confessione
1176 5225 1387 5316 insculptas,
1413 5237 1447 5293 et
1470 5226 1659 5319 impressas
1676 5248 1770 5313 esse,
1794 5222 1894 5323 quasi
1916 5230 2074 5321 ipsorum
2094 5234 2171 5305 effi·

131 5334 208 5405 beri
226 5334 327 5405 solet.
378 5330 475 5402 Haec
488 5329 671 5403 Confessio
691 5329 761 5399 late
779 5351 897 5421 sparsa
915 5342 983 5409 est,
1012 5343 1046 5399 et
1061 5325 1125 5400 ha·
1177 5327 1272 5419 gies,
1297 5350 1338 5397 ac
1361 5327 1472 5397 oculis
1494 5323 1592 5401 hisce
1614 5346 1813 5424 praesentes
1834 5354 1953 5401 eoram
1969 5333 2170 5408 assistentes

183 5545 361 5609 l'lruxnra.
382 5540 484 5604 one.
513 5537 596 5601 Ver..
611 5534 659 5605 X.

1472 5534 1523 5610 ιο
