4748 6022
181 277 255 353 869
495 320 498 325 »
766 264 1197 366 nunus-atomos
1221 260 1631 341 :KC'ADEfflOAlE
2115 246 2221 345 :wo

184 447 260 520 -Νο,
277 445 340 519 69,
636 445 641 451 ’
941 449 1173 517 17.Ῑυιι.1657.
1224 439 1393 524 excitato,
1417 460 1498 509 cnm
1521 435 1721 532 dysenteria
1745 430 2059 535 maena'erparte
2079 393 2214 516 cicatur
2307 446 2314 455 '

189 542 363 573 Μ
719 575 727 589 ·
955 536 1168 580 Μ
1225 543 1272 611 ah
1298 539 1371 611 acri
1394 552 1428 610 et
1448 553 1619 611 venenata
1643 538 1717 609 hile
1738 542 1944 628 arrodente,
1968 559 2004 616 et
2024 568 2087 616 cen
2110 548 2214 617 abra-

248 656 280 714 la
296 658 411 728 Quaen.
429 676 456 728 p.
469 657 520 712 tat
532 676 591 730 sqq.
622 654 695 741 ‘tren
709 653 737 710 tn
753 654 810 710 set.
826 655 905 713 οισι.
918 655 952 711 Τ.
966 654 1014 712 ιν.
1035 656 1132 729 μω.
1147 663 1174 715 et
1225 645 1332 713 dente
1352 641 1604 712 intestinorum
1625 641 1808 732 pelliculas
1829 643 2016 717 interiores
2035 647 2213 719 mordaci-

156 804 161 811 .
280 727 312 783 Τ·
329 725 360 782 V·
377 747 404 799 Ρ·
416 726 458 783 ⁸²
472 737 499 783 ⁸¹
511 727 724 799 ⁸P⁰ffl¹‘⁸¹¹'⁶·
736 726 771 782 Τ·
785 725 819 782 ¹¹'
833 744 859 796 Ρ·
870 722 931 781 ²⁸⁹·
1223 745 1307 816 tatis
1331 742 1517 814 acredine?
1548 739 1596 814 Et
1617 766 1681 812 cur
1703 736 1860 815 crebrius
1880 741 1949 818 hoc
1964 749 2118 823 efficiant
2134 750 2212 822 fru-

1223 858 1300 916 ctus
1322 844 1523 928 immaturi,
1555 865 1748 933 exgenere
1771 870 1861 918 vere
1882 872 2104 936 cerasorum,
2134 874 2211 938 cnr,

1223 970 1315 1041 quae
1340 947 1396 1016 vel
1423 968 1529 1016 carue
1553 959 1718 1016 constant
1742 949 1903 1039 copiosa,
1943 952 2145 1024 succulenta
2171 976 2211 1023 ac

178 1103 244 1166 tur
253 1096 307 1165 M.
326 1097 366 1164 11
370 1097 538 1165 enrico
556 1095 849 1177 Pnamnnno,
869 1087 1170 1185 Burpwerbensi,
1223 1047 1451 1141 Pf³⁰93⁰⁸¹¹i’
1475 1048 1531 1116 νει
1555 1070 1632 1116 '³¹³
1654 1048 1799 1140 ‘luid‘m
1821 1054 1881 1121 “d
1902 1053 1999 1122 (Μή
2015 1076 2055 1122 ⁸⁶
2068 1056 2212 1144 ”ndul-

178 1204 217 1267 ες
232 1198 285 1268 M.
299 1190 757 1282 popannffioebem,
780 1193 936 1290 039'330'
960 1190 995 1261 d·
1017 1190 1071 1264 η
1088 1196 1170 1263 hm·
1222 1150 1445 1270 neooliquore
1460 1150 1755 1269 eruberante,·ut
1770 1128 1988 1238 Coeciiia'na,
2015 1151 2207 1239 Duracina,

624 1292 731 1370 1557,
1222 1252 1342 1336 Actia,
1366 1253 1591 1342 Aproniana,
1616 1272 1727 1340 magas
1741 1275 1848 1345 qnam
1862 1254 2017 1349 reliqua,
2042 1280 2133 1350 quae
2148 1281 2208 1328 co·

1220 1353 1297 1422 lore
1321 1367 1442 1423 saturo
1467 1353 1756 1444 purpurascentia
1790 1378 1928 1425 acorem
1965 1357 2125 1448 sapiunt;
2164 1374 2207 1431 e'x

160 1434 347 1517 ‚Aetatem
375 1456 533 1513 nostram
560 1445 660 1514 decet
691 1443 877 1533 praecipue
902 1464 1002 1511 amor
1030 1456 1065 1512 et
1093 1455 1170 1512 stu·
1220 1478 1349 1545 genere
1369 1476 1567 1546 prunorum
1592 1476 1689 1524 ceree
1713 1455 1824 1546 magle
1847 1470 1883 1529 et
1905 1453 2075 1543 Asinius,
2100 1483 2208 1554 quem

177 1548 279 1617 dium
295 1547 541 1629 verecundiae,
565 1570 655 1638 ‘1⁰²0
671 1540 739 1614 1¹⁰⁰
753 1564 896 1638 q⁰⁰ql¹0
912 1543 1169 1634 ⁰⁰¹¹¹lll²⁰¹3ffl¹b
1222 1555 1355 1627 iberica
1371 1556 1446 1624 vini
1462 1578 1586 1646 sapore
1599 1556 1755 1637 aemula,
1782 1558 1875 1627 idern
1891 1560 2049 1651 pariant,
2077 1584 2157 1632 cum
2174 1572 2209 1631 et

179 1661 317 1721 utrum
336 1642 551 1717 adhibemur
566 1661 662 1718 certo
684 1647 853 1740 gravique
867 1645 1016 1715 consilio
1034 1647 1080 1713 ad
1102 1669 1169 1735 pu·
1220 1660 1357 1728 fructus
1378 1657 1480 1727 erudi
1504 1669 1539 1727 et
1559 1657 1620 1726 illa
1641 1680 1841 1729 cerasorum
1862 1682 1903 1730 ac
1927 1682 2126 1752 prunorum
2146 1684 2207 1753 ge-

163 1749 355 1827 hlirornrn
372 1747 504 1819 rituum
520 1747 559 1817 in
578 1743 695 1819 schola
712 1746 922 1838 spectacula,
942 1747 1169 1816 excitatisin-
1220 1784 1305 1830 nm
1336 1782 1439 1828 succo
1466 1759 1615 1829 effluant
1642 1758 1794 1848 frigido,
1833 1754 1920 1833 haee
1949 1763 2114 1834 acredine
2141 1786 2207 1835 ene

165 1865 237 1929 ‚lus
251 1851 380 1919 animis
391 1851 438 1921 ud
453 1849 609 1944 aliquam
625 1848 955 1928 considerationem,
979 1848 1067 1916 foris
1084 1871 1166 1918 vero
1220 1862 1412 1953 pungendo
1428 1860 1697 1952 vellicandoque
1718 1874 1858 1931 lenem
1879 1861 2129 1934 intestinorum
2143 1888 2207 1935 eu.

167 1952 339 2023 sensibus
354 1953 397 2021 ad
420 1952 547 2022 seriam
565 1952 822 2028 intentionem,
847 1962 881 2019 el
898 1949 1026 2043 reliqui
1040 1973 1168 2041 corpo·
1218 1963 1345 2035 riculae
1364 1963 1536 2050 stringere
1552 1962 1691 2031 facilius
1712 1977 1747 2033 et
1760 1964 1913 2035 lacerare
1924 1965 2088 2057 possint?
2110 1963 2207 2038 Cau-

166 2053 230 2123 :ris
249 2055 424 2144 gestibus,
448 2055 493 2122 ad
507 2054 700 2122 decentem
718 2075 757 2121 ac
778 2053 934 2121 sedatam
958 2051 1166 2121 modestiam
1217 2088 1293 2134 „m
1306 2059 1400 2134 hane
1416 2087 1490 2134 eece
1504 2062 1678 2138 existimo,
1727 2061 1854 2134 Carsu
1870 2077 1905 2134 et
1926 2090 2040 2157 pruna
2056 2067 2154 2159 largo
2171 2080 2208 2141 'et

177 2156 402 2246 ¹compositis,
434 2175 686 2242 cognoscamus
708 2176 797 2245 quae
824 2152 909 2222 fiant
933 2168 966 2222 et
990 2153 1168 2239 dicantur,
1217 2189 1330 2260 aqueo
1353 2166 1553 2235 redundare
1574 2186 1697 2250 socco,
1729 2189 1842 2258 eoque
1872 2166 1910 2234 in
1934 2168 2015 2236 aliis
2037 2168 2133 2262 plus,
2164 2169 2204 2239 in

169 2279 244 2333 ‚nec
261 2255 316 2324 vel
333 2255 536 2345 importuna
552 2268 586 2325 et
601 2256 805 2345 obstrepere
820 2254 1026 2344 garrulitate
1045 2255 1168 2325 turbe·
1218 2268 1298 2338 aliie
1311 2267 1430 2336 minuc
1443 2266 1560 2355 calore
1573 2264 1659 2335 solis
1675 2280 1847 2358 percocto,
1872 2289 1976 2359 sapor
1995 2269 2123 2360 arguit,
2142 2270 2205 2365 qui

176 2378 257 2426 mus
272 2368 460 2446 occupatos
474 2357 671 2427 attentione
688 2378 811 2426 seusus
832 2356 1004 2440 aliorum,
1029 2356 1085 2423 vel
1101 2380 1165 2426 au·
1218 2384 1280 2440 aue
1293 2368 1408 2438 duleis
1423 2382 1492 2451 eea,
1513 2379 1575 2437 ant
1590 2390 1632 2436 ex
1645 2390 1758 2462 nqueo
1775 2369 1819 2439 sd
1834 2369 2060 2441 dulcedinem
2077 2371 2205 2444 obsco.

168 2459 297 2536 ‚dacter
319 2480 499 2528 sumamus
519 2458 625 2531 nobis
645 2482 704 2545 ea,
728 2481 818 2551 quae
837 2470 921 2527 sunt
936 2457 1110 2527 maiorum
1127 2481 1167 2529 ac
1218 2495 1293 2540 ram
1320 2470 1452 2555 tendit,
1483 2480 1519 2538 et
1550 2469 1647 2561 quod
1676 2471 1837 2562 decerpta
1871 2473 2035 2564 protinus
2058 2473 2111 2544 vel
2138 2496 2206 2565 pn.

168 2571 456 2651 praeceptorum.
1218 2585 1395 2655 trescunt,
1440 2570 1497 2639 vel
1534 2584 1633 2660 parte
1666 2572 1837 2662 superflui
1862 2568 2032 2645 humoris
2064 2588 2204 2647 extensa

280 2676 378 2748 Haec
391 2676 549 2765 cogitans
563 2698 643 2744 cum
659 2690 694 2747 et
707 2691 836 2748 natura
848 2696 885 2747 et
901 2677 1022 2747 sedula
1037 2701 1166 2768 paren-
1217 2686 1458 2743 emarcescnnt
1471 2685 1507 2743 et
1518 2671 1755 2744 decrescendo
1769 2688 2023 2765 corrogantur,
2048 2676 2205 2772 denique

168 2792 255 2850 turn
266 2803 350 2850 cura
366 2792 471 2870 atque
487 2774 710 2848 institutione
728 2781 839 2848 ducar
853 2781 898 2848 ad
916 2779 1073 2850 studium
1088 2781 1166 2850 cul·
1217 2777 1312 2869 quod
1335 2774 1406 2844 levi
1429 2773 1613 2844 otwione
1637 2773 1731 2845 inira
1750 2797 1825 2846 ⁸0⁸0
1850 2798 1988 2847 vemet
2007 2792 2205 2871 procretnl.

170 2895 324 2974 tumque
335 2877 539 2961 modestiae,
553 2890 588 2946 et
600 2874 809 2949 abhorream
822 2882 868 2950 ab
882 2880 1046 2950 indecora
1061 2882 1166 2953 aetati
1218 2900 1371 2970 quorum
1394 2899 1469 2946 uon
1492 2887 1544 2946 est
1561 2875 1661 2965 origo
1678 2877 1844 2964 aliunde,
1866 2877 1939 2947 nisi
1959 2902 2000 2948 ex
2017 2880 2204 2972 putredine

170 2997 319 3053 nostrae
333 2983 562 3073 procacitate,
585 2980 776 3058 difficulter
788 3005 844 3049 me
858 2982 901 3050 ad
918 2983 1108 3052 dicendum
1123 3007 1165 3053 ex
1217 2973 1380 3049 humoris
1401 2978 1673 3063 excrementitii,
1697 2991 1802 3072 quern
1822 2978 1918 3049 calor
1935 2981 2077 3053 nativus
2094 2982 2204 3055 desti-

174 3078 247 3155 hoc
272 3085 350 3154 loco
372 3083 463 3154 etin
485 3077 553 3151 hoe
575 3083 793 3174 amplissimo
818 3106 983 3155 consessu
1008 3078 1165 3174 pertrahi
1216 3079 1296 3152 tuit.
1346 3077 1508 3149 Dulcedo
1522 3093 1768 3168 argumentum
1783 3093 1834 3150 est
1849 3081 1976 3153 caloris
1991 3084 2101 3169 insiti,
2127 3108 2204 3155 rna·

173 3184 322 3254 ¹fuissem
344 3206 483 3275 passus,
516 3181 587 3253 nisi
612 3185 784 3254 autoritas
802 3208 859 3253 nre
887 3186 1165 3278 praeceptorum,
1216 3181 1393 3274 iuratque
1411 3180 1612 3250 evidentior
1632 3182 1824 3263 uberioris,
1849 3183 2029 3256 remissior
2044 3181 2205 3281 ethehe·

178 3299 215 3355 et
241 3285 349 3356 oflicii
376 3285 446 3353 mei
468 3296 574 3377 atque
599 3286 822 3358 obedientiae
842 3288 955 3372 ratio,
987 3288 1166 3378 coegisset.
1217 3282 1288 3353 tior
1303 3282 1547 3373 languidioris.
1597 3279 1755 3354 Humida
1772 3284 1891 3376 itaque
1906 3286 1968 3356 illa
1983 3310 2074 3374 esse,
2095 3303 2131 3362 et
2146 3289 2204 3360 vel

174 3383 225 3458 Et
245 3386 329 3479 quia
351 3385 485 3480 requiri
506 3413 526 3455 a
547 3389 652 3458 nobis
665 3389 788 3473 video,
812 3412 887 3458 non
911 3403 1050 3460 tanturn
1067 3404 1106 3460 ut
1122 3391 1166 3458 de
1215 3383 1345 3476 frigida
1361 3385 1417 3453 vel
1438 3383 1594 3453 tenuiter
1610 3384 1725 3452 calida
1739 3385 1788 3454 ob
1810 3380 2058 3457 humiditatem
2073 3391 2203 3461 unbe-

175 3488 234 3576 iis,
260 3512 351 3583 quae
366 3489 505 3563 erudite
519 3501 554 3558 et
569 3491 747 3582 sapienter
761 3491 942 3573 dicuntur,
968 3503 1059 3561 etex
1074 3491 1164 3560 vivis
1217 3500 1353 3556 rantem
1369 3509 1409 3554 ac
1422 3484 1638 3568 vincentem,
1659 3484 1807 3553 minime
1821 3487 2010 3557 obscurum
2028 3501 2090 3559 cst.
2128 3488 2202 3561 Ta-

176 3590 364 3680 exemplis,
388 3613 480 3683 quac
498 3604 581 3661 ante
597 3592 719 3661 oculos
733 3603 873 3660 nostros
889 3591 1166 3677 constituuntur,
1217 3588 1265 3657 lia
1286 3610 1371 3657 vero
1392 3585 1574 3676 putredini
1592 3584 1845 3679 concipiendae
1864 3611 1905 3658 ac
1922 3584 2095 3660 fovendae
2117 3604 2203 3667 sunt

174 3685 481 3784 pulchritudinem
506 3691 649 3761 virtutis
668 3704 704 3760 et
721 3694 936 3784 optimarum
953 3693 1083 3762 artium
1102 3694 1164 3762 de·
1217 3688 1368 3758 maxime
1387 3688 1536 3772 idonea,
1567 3687 1676 3782 idque
1703 3698 1739 3758 et
1761 3688 1967 3775 verminat,
1996 3691 2058 3785 qui
2076 3693 2202 3785 prunis

178 3813 240 3860 cus
256 3791 453 3880 intelligere
469 3790 644 3861 discamus
660 3807 765 3887 atque
786 3795 976 3883 admirari,
1003 3796 1063 3864 sed
1081 3795 1166 3864 imi·
1218 3790 1353 3860 innasci
1367 3803 1637 3875 consueverunt,
1659 3788 1861 3861 ostendunt.
1895 3789 2016 3881 Quare
2031 3818 2110 3874 curn
2126 3795 2203 3864 ari·

177 3891 246 3964 tari
261 3891 365 3963 etiarn
388 3891 565 3983 proposita
582 3896 739 3986 exempla
759 3919 783 3963 a
804 3896 935 3964 teneris
958 3919 1167 3967 consuesca-
1217 3893 1298 3962 diue
1318 3904 1353 3963 et
1379 3891 1511 3981 largius
1533 3893 1767 3976 devorantur,
1798 3914 1927 3984 corpus
1943 3895 2062 3965 ¹succis
2083 3897 2202 3966 crudis

176 4016 268 4073 mus,
292 3994 396 4064 certis
411 3992 585 4063 exercitiis
600 3995 706 4066 acuti
721 4009 863 4067 nostrae
878 3998 1165 4070 accommodatis:
1216 3994 1372 4084 replent,
1395 4015 1485 4086 quos
1507 3995 1651 4086 quando
1668 3994 1797 4064 debilis
1812 3995 1972 4088 alioquin
1992 4011 2027 4067 et
2049 3996 2202 4067 circum·

176 4091 328 4166 Confido
353 4109 386 4167 et
405 4094 554 4165 consilia
578 4095 658 4182 illa,
689 4120 779 4192 quae
806 4099 1048 4169 confirmatior
1061 4116 1167 4171 aetas
1217 4096 1287 4165 lusi
1301 4095 1392 4165 aeris
1406 4107 1503 4165 aestu
1519 4109 1682 4165 evocatus
1696 4119 1736 4166 ac
1750 4095 1928 4186 dispersus
1943 4096 2050 4184 calor„
2060 4098 2202 4171 nativus

176 4195 306 4267 rectius
337 4196 525 4286 intelligit,
558 4210 594 4269 et
624 4199 848 4270 autoritatem
880 4215 1166 4293 praeceptorum,
1219 4198 1358 4266 vincere
1381 4196 1523 4289 nequit,
1549 4195 1664 4266 relicti
1683 4196 1737 4265 illi
1758 4222 1778 4266 a
1802 4211 1950 4290 natura,
1974 4200 2067 4272 ctah
2085 4200 2202 4273 alieno

176 4298 236 4371 tui
261 4314 461 4371 reverenter
492 4321 560 4369 nos
590 4300 820 4382 adhibimus,
852 4318 1057 4373 excusatura
1082 4325 1167 4388 esse,
1218 4297 1334 4368 calore
1355 4296 1604 4382 circumventi,
1634 4311 1914 4391 corrumpuntur
1934 4324 1975 4371 sc
1999 4315 2204 4394 putrescunt

176 4423 268 4492 quae
282 4402 393 4471 obiici
412 4398 516 4470 aetati
531 4415 672 4472 nostrae
687 4416 861 4494 poterant.
911 4402 1165 4495 Proponoigi-
1217 4413 1315 4470 tanto
1332 4398 1456 4481 citius,
1477 4412 1611 4491 quanto
1627 4398 1777 4470 solidiue
1793 4411 1920 4492 corpus
1934 4427 1974 4473 ac
1989 4405 2203 4495 compactius

177 4515 237 4571 tur
258 4501 302 4569 de
327 4524 423 4571 more
446 4513 553 4593 atque
574 4504 736 4576 instituto
759 4499 901 4575 scholae
923 4507 1033 4576 veteri
1059 4530 1168 4601 quae-
1218 4501 1519 4573 obstructionihus
1549 4500 1688 4571 facilius
1711 4503 1914 4593 corripitur.
1969 4503 2097 4576 Calore
2120 4528 2203 4596 ergo

178 4601 353 4686 ationem,
381 4601 481 4671 cuius
509 4605 694 4694 explicatio
720 4609 918 4678 conducere
942 4608 1072 4700 poterit
1098 4603 1167 4678 hoc
1219 4601 1471 4693 putrefacieute
1493 4602 1735 4674 incenduntur
1749 4619 1783 4675 et
1802 4604 1993 4675 acuuntur:
2018 4608 2064 4675 de
2082 4621 2202 4696 putre·

177 4701 265 4774 euni
291 4716 451 4793 tempure
475 4705 520 4773 ad
546 4710 719 4775 cavendas
748 4712 948 4780 occasiones
974 4711 1166 4782 multarum
1218 4704 1371 4773 factione
1393 4702 1565 4773 'flumem
1585 4688 1775 4799 acquirunt
1797 4705 2027 4805 ῑθβὸθῑθῐθῐῦ,
2053 4712 2204 4799 tumque

177 4803 462 4892 aegritudinum,
487 4816 523 4874 et
543 4810 736 4874 acuendam
756 4810 976 4900 diligentiam
999 4811 1038 4879 in
1057 4834 1168 4902 appe-
1219 4818 1252 4873 et
1266 4827 1373 4873 onere
1388 4817 1422 4873 et
1433 4802 1598 4875 acredine
1606 4804 1740 4874 'caloris
1755 4800 1921 4874 inlest'ent
1933 4818 2115 4891 naturam,
2138 4808 2208 4883 eii-.

177 4908 248 4975 tito
263 4907 534 4995 compescendo,
558 4919 592 4976 et
607 4909 771 4994 regendis
787 4935 827 4980 ac
847 4906 1076 4980 cohercendis
1092 4932 1169 4977 ma·
1219 4905 1363 4975 ciuntur
1390 4907 1533 4975 tandem
1556 4907 1601 4975 ab
1631 4905 1693 4974 illa
1723 4904 1879 4990 irritata,
1911 4908 1972 4976 sed
1998 4908 2133 4979 tardius
2156 4910 2204 4981 ob

177 5006 304 5090 nibus,
342 5031 386 5075 ne
415 5005 587 5097 appetitui
617 5010 858 5100 obsequantur
886 5025 921 5081 et
948 5010 1168 5098 indulgeant,
1218 5006 1390 5077 lentorem
1406 5019 1631 5097 prorepentes
1649 5005 1817 5077 insistunt
1830 5007 1982 5078 subinde
1995 5034 2035 5081 ac
2047 5004 2206 5097 haerent,

176 5108 325 5178 scilicet:
365 5105 440 5177 Cur
474 5130 658 5199 praecoces
692 5120 725 5176 et
758 5113 860 5180 crudi
892 5114 1045 5197 fructus,
1079 5132 1168 5203 quos
1219 5107 1404 5199 caloreque
1418 5107 1562 5199 putrido
1580 5106 1739 5196 affligunt
1756 5101 1877 5200 hepar,
1896 5111 2070 5182 acredinis
2086 5134 2205 5182 morsu

178 5202 328 5302 ὀπώρας
351 5223 477 5280 vocant
502 5206 654 5296 Graeci,
683 5209 824 5302 avidius
850 5213 999 5303 ingesti,
1028 5212 1167 5283 exulcc·
1218 5209 1370 5278 erodunt
1398 5208 1579 5282 intestina.
1630 5203 1686 5278 Ad
1709 5221 1895 5307 utramque
1920 5211 2142 5283 affectionem
2171 5226 2207 5286 el

177 5325 259 5381 rent
285 5312 470 5397 intestina,
504 5313 690 5382 commotis
719 5313 789 5383 alvi
817 5313 973 5383 cruentis
993 5312 1168 5385 defluxio-
1220 5310 1408 5382 retentrice
1428 5305 1566 5399 hepatis
1579 5310 1760 5382 debilitata
1785 5326 1821 5382 et
1838 5312 2001 5384 sauciatis
2018 5314 2206 5401 intestinis,

177 5413 307 5499 nibus,
346 5437 434 5507 quas
466 5408 704 5510 δυσεντερίας
733 5416 944 5502 nominant,
982 5429 1019 5488 et
1043 5416 1171 5489 dolore
1219 5410 1452 5509 cumqnilur
1470 5411 1587 5588 ligasse·
1608 5411 1682 5485 clei
1703 5427 1889 5500 cruentus,
1915 5415 1977 5509 qrri
1992 5436 2033 5487 ee
2049 5429 2100 5486 est
2113 5417 2208 5510 peri-
2303 5415 2304 5419 ’

179 891 355 977 macello
376 890 573 981 proposita
595 906 621 959 n
645 887 916 957 Laurentio
941 880 1172 973 Mstictro,

178 1014 265 1064 cum
280 989 424 1089 pendan
440 993 648 1062 Doctorum
663 991 705 1059 ia
720 996 807 1060 orte
821 983 970 1058 medica
986 983 1164 1059 tribuere·
