<?xml version="1.0" encoding="UTF-8"?>
<!DOCTYPE html PUBLIC "-//W3C//DTD XHTML 1.0 Transitional//EN"
    "http://www.w3.org/TR/xhtml1/DTD/xhtml1-transitional.dtd">
<html xmlns="http://www.w3.org/1999/xhtml" xml:lang="en" lang="en">
 <head>
  <title>
</title>
<meta http-equiv="Content-Type" content="text/html;charset=utf-8" />
  <meta name='ocr-system' content='tesseract 3.04.00' />
  <meta name='ocr-capabilities' content='ocr_page ocr_carea ocr_par ocr_line ocrx_word'/>
</head>
<body>
  <div class='ocr_page' id='page_1' title='image "./philippimelanth18melagoog/philippimelanth18melagoog_0070.png"; bbox 0 0 4748 6022; ppageno 0'>
   <div class='ocr_carea' id='block_1_1' title="bbox 84 346 2292 497">
    <p class='ocr_par' dir='ltr' id='par_1_1' title="bbox 84 346 2292 497">
     <span class='ocr_line' id='line_1_1' title="bbox 84 346 2292 497; baseline 0 -14"><span class='ocrx_word' id='word_1_1' title='bbox 84 407 159 487; x_wconf 80' lang='lat' dir='ltr'>us</span> <span class='ocrx_word' id='word_1_2' title='bbox 277 398 733 497; x_wconf 73' lang='lat' dir='ltr'>sauromatum,</span> <span class='ocrx_word' id='word_1_3' title='bbox 758 396 1231 484; x_wconf 82' lang='lat' dir='ltr'>runrcroaouur</span> <span class='ocrx_word' id='word_1_4' title='bbox 1258 394 1651 480; x_wconf 82' lang='lat' dir='ltr'>scarrroauu</span> <span class='ocrx_word' id='word_1_5' title='bbox 1699 405 1808 485; x_wconf 82' lang='lat' dir='ltr'>mr.</span> <span class='ocrx_word' id='word_1_6' title='bbox 1841 357 1946 490; x_wconf 75' lang='lat' dir='ltr'>atre.</span> <span class='ocrx_word' id='word_1_7' title='bbox 2058 362 2135 489; x_wconf 80' lang='lat' dir='ltr'>ut·</span> <span class='ocrx_word' id='word_1_8' title='bbox 2242 346 2292 423; x_wconf 73' lang='grc' dir='ltr'><strong>Ὗ</strong></span> 
     </span>
    </p>
   </div>
   <div class='ocr_carea' id='block_1_2' title="bbox 88 558 1111 677">
    <p class='ocr_par' dir='ltr' id='par_1_2' title="bbox 88 558 1111 677">
     <span class='ocr_line' id='line_1_2' title="bbox 88 558 1111 677; baseline -0.008 -20"><span class='ocrx_word' id='word_1_9' title='bbox 88 601 253 659; x_wconf 86' lang='lat' dir='ltr'>moretur</span> <span class='ocrx_word' id='word_1_10' title='bbox 269 587 313 654; x_wconf 91' lang='lat' dir='ltr'>ad</span> <span class='ocrx_word' id='word_1_11' title='bbox 332 583 598 654; x_wconf 87' lang='lat' dir='ltr'>detestationem</span> <span class='ocrx_word' id='word_1_12' title='bbox 615 582 759 677; x_wconf 67' lang='lat' dir='ltr'>peccati.</span> <span class='ocrx_word' id='word_1_13' title='bbox 811 579 902 651; x_wconf 90' lang='lat' dir='ltr'>Nam</span> <span class='ocrx_word' id='word_1_14' title='bbox 916 558 1086 674; x_wconf 86' lang='lat' dir='ltr'>impossi-</span> <span class='ocrx_word' id='word_1_15' title='bbox 1108 558 1111 563; x_wconf 86' lang='lat'>.</span> 
     </span>
    </p>
   </div>
   <div class='ocr_carea' id='block_1_3' title="bbox 87 682 1085 882">
    <p class='ocr_par' dir='ltr' id='par_1_3' title="bbox 87 682 1085 882">
     <span class='ocr_line' id='line_1_3' title="bbox 87 682 1085 784; baseline -0.008 -23"><span class='ocrx_word' id='word_1_16' title='bbox 87 690 160 761; x_wconf 89' lang='lat' dir='ltr'>bile</span> <span class='ocrx_word' id='word_1_17' title='bbox 182 702 234 761; x_wconf 84' lang='lat' dir='ltr'>est</span> <span class='ocrx_word' id='word_1_18' title='bbox 257 686 315 784; x_wconf 91' lang='lat' dir='ltr'>(ut</span> <span class='ocrx_word' id='word_1_19' title='bbox 337 686 454 781; x_wconf 91' lang='lat' dir='ltr'>inquit</span> <span class='ocrx_word' id='word_1_20' title='bbox 477 682 716 781; x_wconf 71' lang='lat' dir='ltr'>Augustinus)</span> <span class='ocrx_word' id='word_1_21' title='bbox 739 707 869 754; x_wconf 90' lang='lat' dir='ltr'>novam</span> <span class='ocrx_word' id='word_1_22' title='bbox 893 684 1001 757; x_wconf 88' lang='lat' dir='ltr'>vitam</span> <span class='ocrx_word' id='word_1_23' title='bbox 1028 686 1085 754; x_wconf 90' lang='lat' dir='ltr'>in-</span> 
     </span>
     <span class='ocr_line' id='line_1_4' title="bbox 89 786 773 882; baseline -0.004 -18"><span class='ocrx_word' id='word_1_24' title='bbox 89 789 241 878; x_wconf 88' lang='lat' dir='ltr'>choare,</span> <span class='ocrx_word' id='word_1_25' title='bbox 267 789 335 859; x_wconf 89' lang='lat' dir='ltr'>nisi</span> <span class='ocrx_word' id='word_1_26' title='bbox 351 786 484 880; x_wconf 82' lang='lat' dir='ltr'>prioris</span> <span class='ocrx_word' id='word_1_27' title='bbox 496 810 564 859; x_wconf 85' lang='lat' dir='ltr'>uos</span> <span class='ocrx_word' id='word_1_28' title='bbox 578 787 773 882; x_wconf 87' lang='lat' dir='ltr'>poeniteat.</span> 
     </span>
    </p>
   </div>
   <div class='ocr_carea' id='block_1_4' title="bbox 87 984 1085 1597">
    <p class='ocr_par' dir='ltr' id='par_1_4' title="bbox 87 984 1085 1597">
     <span class='ocr_line' id='line_1_5' title="bbox 196 984 1085 1083; baseline -0.004 -18"><span class='ocrx_word' id='word_1_29' title='bbox 196 992 282 1067; x_wconf 85' lang='lat' dir='ltr'>lt&#39;em</span> <span class='ocrx_word' id='word_1_30' title='bbox 295 990 414 1063; x_wconf 84' lang='lat' dir='ltr'>Lucae</span> <span class='ocrx_word' id='word_1_31' title='bbox 436 990 565 1079; x_wconf 85' lang='lat' dir='ltr'>ullimo</span> <span class='ocrx_word' id='word_1_32' title='bbox 579 984 743 1062; x_wconf 85' lang='lat' dir='ltr'>Christus</span> <span class='ocrx_word' id='word_1_33' title='bbox 765 985 865 1063; x_wconf 80' lang='lat' dir='ltr'>iubet</span> <span class='ocrx_word' id='word_1_34' title='bbox 887 991 1085 1083; x_wconf 89' lang='lat' dir='ltr'>praedicari</span> 
     </span>
     <span class='ocr_line' id='line_1_6' title="bbox 91 1093 1084 1184; baseline -0.004 -16"><span class='ocrx_word' id='word_1_35' title='bbox 91 1102 131 1168; x_wconf 88' lang='lat' dir='ltr'>in</span> <span class='ocrx_word' id='word_1_36' title='bbox 155 1098 297 1167; x_wconf 90' lang='lat' dir='ltr'>nomine</span> <span class='ocrx_word' id='word_1_37' title='bbox 320 1096 395 1164; x_wconf 89' lang='lat' dir='ltr'>eius</span> <span class='ocrx_word' id='word_1_38' title='bbox 419 1093 674 1184; x_wconf 89' lang='lat' dir='ltr'>poenitentiam</span> <span class='ocrx_word' id='word_1_39' title='bbox 689 1107 723 1164; x_wconf 91' lang='lat' dir='ltr'>ct</span> <span class='ocrx_word' id='word_1_40' title='bbox 738 1094 982 1164; x_wconf 80' lang='lat' dir='ltr'><strong>remissionem</strong></span> <span class='ocrx_word' id='word_1_41' title='bbox 1004 1118 1084 1184; x_wconf 91' lang='lat' dir='ltr'>pec-</span> 
     </span>
     <span class='ocr_line' id='line_1_7' title="bbox 92 1191 1083 1289; baseline -0.005 -17"><span class='ocrx_word' id='word_1_42' title='bbox 92 1214 259 1272; x_wconf 86' lang='lat' dir='ltr'>catorum.</span> <span class='ocrx_word' id='word_1_43' title='bbox 312 1191 491 1268; x_wconf 86' lang='lat' dir='ltr'>lohannes</span> <span class='ocrx_word' id='word_1_44' title='bbox 509 1195 616 1267; x_wconf 87' lang='lat' dir='ltr'>etiam</span> <span class='ocrx_word' id='word_1_45' title='bbox 630 1193 791 1289; x_wconf 77' lang='lat' dir='ltr'>Baptista</span> <span class='ocrx_word' id='word_1_46' title='bbox 810 1197 938 1277; x_wconf 89' lang='lat' dir='ltr'>missus</span> <span class='ocrx_word' id='word_1_47' title='bbox 954 1199 1000 1265; x_wconf 90' lang='lat' dir='ltr'>ad</span> <span class='ocrx_word' id='word_1_48' title='bbox 1021 1216 1083 1288; x_wconf 87' lang='lat' dir='ltr'>pa·</span> 
     </span>
     <span class='ocr_line' id='line_1_8' title="bbox 91 1296 1082 1391; baseline -0.007 -18"><span class='ocrx_word' id='word_1_49' title='bbox 91 1305 221 1373; x_wconf 89' lang='lat' dir='ltr'>randas</span> <span class='ocrx_word' id='word_1_50' title='bbox 242 1298 317 1371; x_wconf 80' lang='lat' dir='ltr'>viis</span> <span class='ocrx_word' id='word_1_51' title='bbox 333 1296 472 1370; x_wconf 90' lang='lat' dir='ltr'>domini</span> <span class='ocrx_word' id='word_1_52' title='bbox 491 1298 709 1390; x_wconf 89' lang='lat' dir='ltr'>praedicarit</span> <span class='ocrx_word' id='word_1_53' title='bbox 725 1297 1001 1391; x_wconf 86' lang='lat' dir='ltr'>poenitentiam,</span> <span class='ocrx_word' id='word_1_54' title='bbox 1026 1300 1082 1367; x_wconf 89' lang='lat' dir='ltr'>in-</span> 
     </span>
     <span class='ocr_line' id='line_1_9' title="bbox 87 1398 1081 1501; baseline -0.003 -26"><span class='ocrx_word' id='word_1_55' title='bbox 87 1405 233 1501; x_wconf 82' lang='lat' dir='ltr'>quiens,</span> <span class='ocrx_word' id='word_1_56' title='bbox 265 1400 520 1495; x_wconf 88' lang='lat' dir='ltr'>poenitentiam</span> <span class='ocrx_word' id='word_1_57' title='bbox 546 1400 657 1491; x_wconf 88' lang='lat' dir='ltr'>agite,</span> <span class='ocrx_word' id='word_1_58' title='bbox 691 1398 956 1494; x_wconf 81' lang='lat' dir='ltr'>adpropinquat</span> <span class='ocrx_word' id='word_1_59' title='bbox 985 1400 1081 1472; x_wconf 89' lang='lat' dir='ltr'>enim</span> 
     </span>
     <span class='ocr_line' id='line_1_10' title="bbox 88 1506 451 1597; baseline 0.008 -21"><span class='ocrx_word' id='word_1_60' title='bbox 88 1529 238 1597; x_wconf 85' lang='lat' dir='ltr'>regnum</span> <span class='ocrx_word' id='word_1_61' title='bbox 256 1506 451 1579; x_wconf 79' lang='lat' dir='ltr'>coelorum.</span> 
     </span>
    </p>
   </div>
   <div class='ocr_carea' id='block_1_5' title="bbox 87 1705 1097 3110">
    <p class='ocr_par' dir='ltr' id='par_1_5' title="bbox 87 1705 1097 3110">
     <span class='ocr_line' id='line_1_11' title="bbox 192 1705 1082 1801; baseline -0.002 -19"><span class='ocrx_word' id='word_1_62' title='bbox 192 1709 333 1783; x_wconf 79' lang='lat' dir='ltr'>Deinde</span> <span class='ocrx_word' id='word_1_63' title='bbox 365 1733 386 1781; x_wconf 87' lang='lat' dir='ltr'>a</span> <span class='ocrx_word' id='word_1_64' title='bbox 421 1708 549 1801; x_wconf 83' lang='lat' dir='ltr'>spiritu</span> <span class='ocrx_word' id='word_1_65' title='bbox 580 1721 701 1780; x_wconf 87' lang='lat' dir='ltr'>saneto</span> <span class='ocrx_word' id='word_1_66' title='bbox 729 1723 893 1782; x_wconf 86' lang='lat' dir='ltr'>movetur</span> <span class='ocrx_word' id='word_1_67' title='bbox 926 1705 1082 1780; x_wconf 87' lang='lat' dir='ltr'>hominis</span> 
     </span>
     <span class='ocr_line' id='line_1_12' title="bbox 88 1805 1082 1905; baseline -0.002 -19"><span class='ocrx_word' id='word_1_68' title='bbox 88 1839 191 1887; x_wconf 89' lang='lat' dir='ltr'>mens</span> <span class='ocrx_word' id='word_1_69' title='bbox 213 1816 252 1884; x_wconf 91' lang='lat' dir='ltr'>in</span> <span class='ocrx_word' id='word_1_70' title='bbox 274 1817 381 1884; x_wconf 89' lang='lat' dir='ltr'>deum</span> <span class='ocrx_word' id='word_1_71' title='bbox 396 1836 461 1904; x_wconf 90' lang='lat' dir='ltr'>per</span> <span class='ocrx_word' id='word_1_72' title='bbox 475 1805 677 1898; x_wconf 74' lang='lat' dir='ltr'>Christum,</span> <span class='ocrx_word' id='word_1_73' title='bbox 698 1827 732 1885; x_wconf 90' lang='lat' dir='ltr'>et</span> <span class='ocrx_word' id='word_1_74' title='bbox 745 1805 805 1881; x_wconf 91' lang='lat' dir='ltr'>hic</span> <span class='ocrx_word' id='word_1_75' title='bbox 820 1827 937 1885; x_wconf 88' lang='lat' dir='ltr'>motus</span> <span class='ocrx_word' id='word_1_76' title='bbox 953 1827 1004 1884; x_wconf 88' lang='lat' dir='ltr'>est</span> <span class='ocrx_word' id='word_1_77' title='bbox 1021 1837 1082 1905; x_wconf 89' lang='lat' dir='ltr'>per</span> 
     </span>
     <span class='ocr_line' id='line_1_13' title="bbox 87 1909 1081 2008; baseline -0.005 -19"><span class='ocrx_word' id='word_1_78' title='bbox 87 1922 216 1998; x_wconf 84' lang='lat' dir='ltr'>iidem,</span> <span class='ocrx_word' id='word_1_79' title='bbox 252 1941 314 2008; x_wconf 86' lang='lat' dir='ltr'>per</span> <span class='ocrx_word' id='word_1_80' title='bbox 347 1938 452 2008; x_wconf 90' lang='lat' dir='ltr'>quam</span> <span class='ocrx_word' id='word_1_81' title='bbox 488 1909 646 1983; x_wconf 90' lang='lat' dir='ltr'>hominis</span> <span class='ocrx_word' id='word_1_82' title='bbox 678 1936 779 1983; x_wconf 90' lang='lat' dir='ltr'>mens</span> <span class='ocrx_word' id='word_1_83' title='bbox 812 1930 907 1987; x_wconf 89' lang='lat' dir='ltr'>certo</span> <span class='ocrx_word' id='word_1_84' title='bbox 935 1916 1081 1985; x_wconf 89' lang='lat' dir='ltr'>credens</span> 
     </span>
     <span class='ocr_line' id='line_1_14' title="bbox 88 2012 1080 2113; baseline -0.006 -22"><span class='ocrx_word' id='word_1_85' title='bbox 88 2020 256 2092; x_wconf 90' lang='lat' dir='ltr'>omnibus</span> <span class='ocrx_word' id='word_1_86' title='bbox 268 2040 359 2111; x_wconf 87' lang='lat' dir='ltr'>qnae</span> <span class='ocrx_word' id='word_1_87' title='bbox 374 2015 502 2113; x_wconf 81' lang='lat' dir='ltr'>tradita</span> <span class='ocrx_word' id='word_1_88' title='bbox 517 2030 634 2084; x_wconf 90' lang='lat' dir='ltr'>sunta</span> <span class='ocrx_word' id='word_1_89' title='bbox 650 2012 738 2098; x_wconf 87' lang='lat' dir='ltr'>Deo,</span> <span class='ocrx_word' id='word_1_90' title='bbox 765 2015 869 2083; x_wconf 90' lang='lat' dir='ltr'>etiam</span> <span class='ocrx_word' id='word_1_91' title='bbox 888 2017 1080 2085; x_wconf 89' lang='lat' dir='ltr'>certissime</span> 
     </span>
     <span class='ocr_line' id='line_1_15' title="bbox 88 2115 1082 2206; baseline -0.007 -13"><span class='ocrx_word' id='word_1_92' title='bbox 88 2141 123 2194; x_wconf 88' lang='lat' dir='ltr'>et</span> <span class='ocrx_word' id='word_1_93' title='bbox 138 2125 215 2192; x_wconf 90' lang='lat' dir='ltr'>sine</span> <span class='ocrx_word' id='word_1_94' title='bbox 232 2120 343 2190; x_wconf 90' lang='lat' dir='ltr'>dnbio</span> <span class='ocrx_word' id='word_1_95' title='bbox 363 2116 561 2186; x_wconf 72' lang='lat' dir='ltr'>adsentitur</span> <span class='ocrx_word' id='word_1_96' title='bbox 578 2115 873 2206; x_wconf 80' lang='lat' dir='ltr'>promissionibus</span> <span class='ocrx_word' id='word_1_97' title='bbox 895 2118 1001 2185; x_wconf 89' lang='lat' dir='ltr'>uobis</span> <span class='ocrx_word' id='word_1_98' title='bbox 1022 2142 1082 2186; x_wconf 81' lang='lat' dir='ltr'>ex·</span> 
     </span>
     <span class='ocr_line' id='line_1_16' title="bbox 87 2216 1082 2310; baseline -0.007 -15"><span class='ocrx_word' id='word_1_99' title='bbox 87 2223 214 2295; x_wconf 87' lang='lat' dir='ltr'>bibitis</span> <span class='ocrx_word' id='word_1_100' title='bbox 239 2246 259 2292; x_wconf 89' lang='lat' dir='ltr'>a</span> <span class='ocrx_word' id='word_1_101' title='bbox 286 2222 373 2297; x_wconf 87' lang='lat' dir='ltr'>deo,</span> <span class='ocrx_word' id='word_1_102' title='bbox 401 2217 471 2310; x_wconf 87' lang='lat' dir='ltr'>-qui</span> <span class='ocrx_word' id='word_1_103' title='bbox 493 2228 534 2286; x_wconf 91' lang='lat' dir='ltr'>ut</span> <span class='ocrx_word' id='word_1_104' title='bbox 556 2216 689 2287; x_wconf 88' lang='lat' dir='ltr'>dicitur</span> <span class='ocrx_word' id='word_1_105' title='bbox 710 2216 748 2287; x_wconf 93' lang='lat' dir='ltr'>in</span> <span class='ocrx_word' id='word_1_106' title='bbox 765 2217 921 2307; x_wconf 89' lang='lat' dir='ltr'>psalmo,</span> <span class='ocrx_word' id='word_1_107' title='bbox 947 2216 1082 2300; x_wconf 73' lang='lat' dir='ltr'>Fidelis</span> 
     </span>
     <span class='ocr_line' id='line_1_17' title="bbox 90 2315 1081 2398; baseline -0.009 0"><span class='ocrx_word' id='word_1_108' title='bbox 90 2328 207 2398; x_wconf 88' lang='lat' dir='ltr'>estin</span> <span class='ocrx_word' id='word_1_109' title='bbox 238 2321 404 2393; x_wconf 84' lang='lat' dir='ltr'>omnibus</span> <span class='ocrx_word' id='word_1_110' title='bbox 432 2318 550 2388; x_wconf 90' lang='lat' dir='ltr'>verbis</span> <span class='ocrx_word' id='word_1_111' title='bbox 569 2318 652 2387; x_wconf 87' lang='lat' dir='ltr'>suis.</span> <span class='ocrx_word' id='word_1_112' title='bbox 711 2315 760 2390; x_wconf 84' lang='lat' dir='ltr'>Et</span> <span class='ocrx_word' id='word_1_113' title='bbox 783 2343 825 2389; x_wconf 85' lang='lat' dir='ltr'>cx</span> <span class='ocrx_word' id='word_1_114' title='bbox 848 2340 890 2388; x_wconf 87' lang='lat' dir='ltr'>eo</span> <span class='ocrx_word' id='word_1_115' title='bbox 915 2319 1081 2389; x_wconf 88' lang='lat' dir='ltr'>fiduciam</span> 
     </span>
     <span class='ocr_line' id='line_1_18' title="bbox 89 2419 1082 2521; baseline -0.007 -22"><span class='ocrx_word' id='word_1_116' title='bbox 89 2430 183 2521; x_wconf 84' lang='lat' dir='ltr'>capit</span> <span class='ocrx_word' id='word_1_117' title='bbox 197 2436 345 2518; x_wconf 87' lang='lat' dir='ltr'>propter</span> <span class='ocrx_word' id='word_1_118' title='bbox 359 2419 630 2513; x_wconf 76' lang='lat' dir='ltr'>promissionem</span> <span class='ocrx_word' id='word_1_119' title='bbox 646 2419 723 2505; x_wconf 90' lang='lat' dir='ltr'>dei,</span> <span class='ocrx_word' id='word_1_120' title='bbox 748 2442 817 2515; x_wconf 89' lang='lat' dir='ltr'>qua</span> <span class='ocrx_word' id='word_1_121' title='bbox 836 2420 1016 2511; x_wconf 81' lang='lat' dir='ltr'>pollicitus</span> <span class='ocrx_word' id='word_1_122' title='bbox 1031 2434 1082 2492; x_wconf 85' lang='lat' dir='ltr'>est</span> 
     </span>
     <span class='ocr_line' id='line_1_19' title="bbox 88 2522 1080 2617; baseline -0.01 -16"><span class='ocrx_word' id='word_1_123' title='bbox 88 2557 127 2601; x_wconf 89' lang='lat' dir='ltr'>se</span> <span class='ocrx_word' id='word_1_124' title='bbox 151 2528 255 2617; x_wconf 90' lang='lat' dir='ltr'>gratis</span> <span class='ocrx_word' id='word_1_125' title='bbox 278 2522 507 2593; x_wconf 88' lang='lat' dir='ltr'>remissurum</span> <span class='ocrx_word' id='word_1_126' title='bbox 533 2536 688 2612; x_wconf 88' lang='lat' dir='ltr'>peccata,</span> <span class='ocrx_word' id='word_1_127' title='bbox 712 2536 747 2593; x_wconf 90' lang='lat' dir='ltr'>et</span> <span class='ocrx_word' id='word_1_128' title='bbox 767 2523 1018 2613; x_wconf 88' lang='lat' dir='ltr'>adoptaturum</span> <span class='ocrx_word' id='word_1_129' title='bbox 1042 2524 1080 2591; x_wconf 90' lang='lat' dir='ltr'>in</span> 
     </span>
     <span class='ocr_line' id='line_1_20' title="bbox 90 2619 1081 2718; baseline -0.007 -18"><span class='ocrx_word' id='word_1_130' title='bbox 90 2634 189 2701; x_wconf 80' lang='lat' dir='ltr'>filios</span> <span class='ocrx_word' id='word_1_131' title='bbox 212 2629 388 2696; x_wconf 88' lang='lat' dir='ltr'>eredentes</span> <span class='ocrx_word' id='word_1_132' title='bbox 412 2622 449 2691; x_wconf 93' lang='lat' dir='ltr'>in</span> <span class='ocrx_word' id='word_1_133' title='bbox 473 2619 675 2706; x_wconf 83' lang='lat' dir='ltr'>Christum,</span> <span class='ocrx_word' id='word_1_134' title='bbox 709 2645 771 2694; x_wconf 85' lang='lat' dir='ltr'>eos</span> <span class='ocrx_word' id='word_1_135' title='bbox 792 2624 958 2718; x_wconf 90' lang='lat' dir='ltr'>inquam,</span> <span class='ocrx_word' id='word_1_136' title='bbox 992 2647 1081 2718; x_wconf 88' lang='lat' dir='ltr'>quos</span> 
     </span>
     <span class='ocr_line' id='line_1_21' title="bbox 87 2719 1082 2825; baseline -0.007 -24"><span class='ocrx_word' id='word_1_137' title='bbox 87 2729 223 2825; x_wconf 84' lang='lat' dir='ltr'>prioris</span> <span class='ocrx_word' id='word_1_138' title='bbox 244 2728 336 2798; x_wconf 89' lang='lat' dir='ltr'>vitae</span> <span class='ocrx_word' id='word_1_139' title='bbox 358 2726 584 2819; x_wconf 83' lang='lat' dir='ltr'>poenituerit.</span> <span class='ocrx_word' id='word_1_140' title='bbox 636 2722 685 2795; x_wconf 85' lang='lat' dir='ltr'>Et</span> <span class='ocrx_word' id='word_1_141' title='bbox 707 2719 772 2797; x_wconf 93' lang='lat' dir='ltr'>hac</span> <span class='ocrx_word' id='word_1_142' title='bbox 797 2727 864 2813; x_wconf 82' lang='lat' dir='ltr'>fide</span> <span class='ocrx_word' id='word_1_143' title='bbox 880 2726 1026 2816; x_wconf 85' lang='lat' dir='ltr'>erigitur</span> <span class='ocrx_word' id='word_1_144' title='bbox 1042 2727 1082 2795; x_wconf 92' lang='lat' dir='ltr'>in</span> 
     </span>
     <span class='ocr_line' id='line_1_22' title="bbox 91 2823 1081 2922; baseline -0.007 -18"><span class='ocrx_word' id='word_1_145' title='bbox 91 2837 200 2903; x_wconf 87' lang='lat' dir='ltr'>deum</span> <span class='ocrx_word' id='word_1_146' title='bbox 222 2856 240 2900; x_wconf 93' lang='lat' dir='ltr'>a</span> <span class='ocrx_word' id='word_1_147' title='bbox 264 2829 391 2922; x_wconf 88' lang='lat' dir='ltr'>spiritu</span> <span class='ocrx_word' id='word_1_148' title='bbox 417 2841 556 2912; x_wconf 89' lang='lat' dir='ltr'>sancto,</span> <span class='ocrx_word' id='word_1_149' title='bbox 590 2823 744 2920; x_wconf 88' lang='lat' dir='ltr'>ldeoquc</span> <span class='ocrx_word' id='word_1_150' title='bbox 768 2828 895 2919; x_wconf 89' lang='lat' dir='ltr'>accipit</span> <span class='ocrx_word' id='word_1_151' title='bbox 917 2828 1081 2918; x_wconf 86' lang='lat' dir='ltr'>spiritum</span> 
     </span>
     <span class='ocr_line' id='line_1_23' title="bbox 91 2930 1097 3022; baseline -0.006 -17"><span class='ocrx_word' id='word_1_152' title='bbox 91 2949 270 3017; x_wconf 90' lang='lat' dir='ltr'>sanctum,</span> <span class='ocrx_word' id='word_1_153' title='bbox 293 2930 536 3000; x_wconf 84' lang='lat' dir='ltr'>remissionem</span> <span class='ocrx_word' id='word_1_154' title='bbox 552 2943 784 3022; x_wconf 89' lang='lat' dir='ltr'>peccatorum,</span> <span class='ocrx_word' id='word_1_155' title='bbox 812 2930 1097 3021; x_wconf 55' lang='lat' dir='ltr'>imputationem„</span> 
     </span>
     <span class='ocr_line' id='line_1_24' title="bbox 91 3032 714 3110; baseline -0.005 -4"><span class='ocrx_word' id='word_1_156' title='bbox 91 3037 250 3110; x_wconf 77' lang='lat' dir='ltr'>iusticias</span> <span class='ocrx_word' id='word_1_157' title='bbox 268 3047 300 3103; x_wconf 90' lang='lat' dir='ltr'>et</span> <span class='ocrx_word' id='word_1_158' title='bbox 318 3033 504 3101; x_wconf 88' lang='lat' dir='ltr'>innumera</span> <span class='ocrx_word' id='word_1_159' title='bbox 522 3032 590 3100; x_wconf 92' lang='lat' dir='ltr'>alia</span> <span class='ocrx_word' id='word_1_160' title='bbox 610 3032 714 3103; x_wconf 91' lang='lat' dir='ltr'>dona.</span> 
     </span>
    </p>
   </div>
   <div class='ocr_carea' id='block_1_6' title="bbox 90 3235 1089 5761">
    <p class='ocr_par' dir='ltr' id='par_1_6' title="bbox 90 3235 1089 5672">
     <span class='ocr_line' id='line_1_25' title="bbox 194 3235 1080 3329; baseline -0.007 -19"><span class='ocrx_word' id='word_1_161' title='bbox 194 3240 312 3311; x_wconf 80' lang='lat' dir='ltr'>Firma</span> <span class='ocrx_word' id='word_1_162' title='bbox 337 3238 454 3329; x_wconf 87' lang='lat' dir='ltr'>itaque</span> <span class='ocrx_word' id='word_1_163' title='bbox 477 3246 528 3303; x_wconf 78' lang='lat' dir='ltr'>est</span> <span class='ocrx_word' id='word_1_164' title='bbox 551 3245 585 3303; x_wconf 91' lang='lat' dir='ltr'>et</span> <span class='ocrx_word' id='word_1_165' title='bbox 608 3256 688 3303; x_wconf 88' lang='lat' dir='ltr'>sana</span> <span class='ocrx_word' id='word_1_166' title='bbox 712 3235 872 3305; x_wconf 88' lang='lat' dir='ltr'>doctriua</span> <span class='ocrx_word' id='word_1_167' title='bbox 897 3260 959 3326; x_wconf 90' lang='lat' dir='ltr'>per</span> <span class='ocrx_word' id='word_1_168' title='bbox 977 3238 1080 3304; x_wconf 76' lang='lat' dir='ltr'>fidem</span> 
     </span>
     <span class='ocr_line' id='line_1_26' title="bbox 93 3336 1080 3428; baseline -0.007 -17"><span class='ocrx_word' id='word_1_169' title='bbox 93 3346 212 3413; x_wconf 80' lang='lat' dir='ltr'>viram</span> <span class='ocrx_word' id='word_1_170' title='bbox 237 3356 270 3412; x_wconf 89' lang='lat' dir='ltr'>et</span> <span class='ocrx_word' id='word_1_171' title='bbox 296 3340 470 3409; x_wconf 81' lang='lat' dir='ltr'>efficacem</span> <span class='ocrx_word' id='word_1_172' title='bbox 494 3336 674 3407; x_wconf 84' lang='lat' dir='ltr'>iustificari</span> <span class='ocrx_word' id='word_1_173' title='bbox 702 3353 930 3428; x_wconf 86' lang='lat' dir='ltr'>peccatorem.</span> <span class='ocrx_word' id='word_1_174' title='bbox 991 3337 1080 3411; x_wconf 84' lang='lat' dir='ltr'>Narn</span> 
     </span>
     <span class='ocr_line' id='line_1_27' title="bbox 93 3436 1082 3538; baseline -0.009 -24"><span class='ocrx_word' id='word_1_175' title='bbox 93 3446 268 3538; x_wconf 88' lang='lat' dir='ltr'>perillam</span> <span class='ocrx_word' id='word_1_176' title='bbox 286 3444 352 3510; x_wconf 89' lang='lat' dir='ltr'>deo</span> <span class='ocrx_word' id='word_1_177' title='bbox 369 3439 459 3530; x_wconf 86' lang='lat' dir='ltr'>grati</span> <span class='ocrx_word' id='word_1_178' title='bbox 476 3451 510 3507; x_wconf 90' lang='lat' dir='ltr'>ct</span> <span class='ocrx_word' id='word_1_179' title='bbox 525 3438 657 3529; x_wconf 91' lang='lat' dir='ltr'>accepti</span> <span class='ocrx_word' id='word_1_180' title='bbox 675 3462 797 3508; x_wconf 75' lang='lat' dir='ltr'>strenus</span> <span class='ocrx_word' id='word_1_181' title='bbox 813 3454 958 3528; x_wconf 86' lang='lat' dir='ltr'>propter</span> <span class='ocrx_word' id='word_1_182' title='bbox 974 3436 1082 3507; x_wconf 86' lang='lat' dir='ltr'>Chri-</span> 
     </span>
     <span class='ocr_line' id='line_1_28' title="bbox 90 3539 1082 3627; baseline -0.014 -9"><span class='ocrx_word' id='word_1_183' title='bbox 90 3565 197 3622; x_wconf 83' lang='lat' dir='ltr'>stum.</span> <span class='ocrx_word' id='word_1_184' title='bbox 249 3543 426 3615; x_wconf 87' lang='lat' dir='ltr'>Vocamus</span> <span class='ocrx_word' id='word_1_185' title='bbox 452 3542 569 3613; x_wconf 70' lang='lat' dir='ltr'>andem</span> <span class='ocrx_word' id='word_1_186' title='bbox 594 3540 698 3606; x_wconf 83' lang='lat' dir='ltr'>tidem</span> <span class='ocrx_word' id='word_1_187' title='bbox 721 3539 836 3608; x_wconf 88' lang='lat' dir='ltr'>vivam</span> <span class='ocrx_word' id='word_1_188' title='bbox 857 3554 991 3607; x_wconf 89' lang='lat' dir='ltr'>motum</span> <span class='ocrx_word' id='word_1_189' title='bbox 1009 3540 1082 3627; x_wconf 89' lang='lat' dir='ltr'>spi-</span> 
     </span>
     <span class='ocr_line' id='line_1_29' title="bbox 92 3639 1083 3737; baseline -0.013 -17"><span class='ocrx_word' id='word_1_190' title='bbox 92 3653 181 3720; x_wconf 90' lang='lat' dir='ltr'>ritus</span> <span class='ocrx_word' id='word_1_191' title='bbox 211 3647 342 3733; x_wconf 87' lang='lat' dir='ltr'>sancti,</span> <span class='ocrx_word' id='word_1_192' title='bbox 380 3669 450 3737; x_wconf 90' lang='lat' dir='ltr'>quo</span> <span class='ocrx_word' id='word_1_193' title='bbox 476 3664 557 3708; x_wconf 89' lang='lat' dir='ltr'>rere</span> <span class='ocrx_word' id='word_1_194' title='bbox 583 3639 801 3731; x_wconf 88' lang='lat' dir='ltr'>poenitentes</span> <span class='ocrx_word' id='word_1_195' title='bbox 827 3641 953 3709; x_wconf 87' lang='lat' dir='ltr'>veteris</span> <span class='ocrx_word' id='word_1_196' title='bbox 978 3641 1083 3722; x_wconf 84' lang='lat' dir='ltr'>vitae,</span> 
     </span>
     <span class='ocr_line' id='line_1_30' title="bbox 91 3734 1082 3841; baseline -0.014 -19"><span class='ocrx_word' id='word_1_197' title='bbox 91 3754 280 3841; x_wconf 77' lang='lat' dir='ltr'>eriguntur</span> <span class='ocrx_word' id='word_1_198' title='bbox 300 3750 343 3814; x_wconf 92' lang='lat' dir='ltr'>ad</span> <span class='ocrx_word' id='word_1_199' title='bbox 357 3744 493 3828; x_wconf 77' lang='lat' dir='ltr'>Deum,</span> <span class='ocrx_word' id='word_1_200' title='bbox 520 3754 555 3813; x_wconf 82' lang='lat' dir='ltr'>et</span> <span class='ocrx_word' id='word_1_201' title='bbox 576 3764 656 3809; x_wconf 77' lang='lat' dir='ltr'>vere</span> <span class='ocrx_word' id='word_1_202' title='bbox 677 3734 949 3832; x_wconf 86' lang='lat' dir='ltr'>apprehendunt</span> <span class='ocrx_word' id='word_1_203' title='bbox 975 3742 1082 3809; x_wconf 87' lang='lat' dir='ltr'>mise-</span> 
     </span>
     <span class='ocr_line' id='line_1_31' title="bbox 92 3840 1082 3934; baseline -0.013 -10"><span class='ocrx_word' id='word_1_204' title='bbox 92 3850 284 3925; x_wconf 87' lang='lat' dir='ltr'>ricordiam</span> <span class='ocrx_word' id='word_1_205' title='bbox 300 3849 338 3915; x_wconf 91' lang='lat' dir='ltr'>in</span> <span class='ocrx_word' id='word_1_206' title='bbox 351 3840 495 3917; x_wconf 86' lang='lat' dir='ltr'>Christo</span> <span class='ocrx_word' id='word_1_207' title='bbox 512 3842 739 3934; x_wconf 74' lang='lat' dir='ltr'>promissam,</span> <span class='ocrx_word' id='word_1_208' title='bbox 766 3859 804 3913; x_wconf 95' lang='lat' dir='ltr'>ut</span> <span class='ocrx_word' id='word_1_209' title='bbox 820 3842 888 3910; x_wconf 85' lang='lat' dir='ltr'>iarn</span> <span class='ocrx_word' id='word_1_210' title='bbox 907 3868 986 3912; x_wconf 83' lang='lat' dir='ltr'>vere</span> <span class='ocrx_word' id='word_1_211' title='bbox 1001 3867 1082 3911; x_wconf 90' lang='lat' dir='ltr'>seu-</span> 
     </span>
     <span class='ocr_line' id='line_1_32' title="bbox 90 3945 1081 4045; baseline -0.014 -18"><span class='ocrx_word' id='word_1_212' title='bbox 90 3958 201 4039; x_wconf 89' lang='lat' dir='ltr'>tiant,</span> <span class='ocrx_word' id='word_1_213' title='bbox 236 3950 331 4045; x_wconf 90' lang='lat' dir='ltr'>quod</span> <span class='ocrx_word' id='word_1_214' title='bbox 360 3945 599 4017; x_wconf 86' lang='lat' dir='ltr'>remissionem</span> <span class='ocrx_word' id='word_1_215' title='bbox 629 3958 849 4036; x_wconf 88' lang='lat' dir='ltr'>peccatorum</span> <span class='ocrx_word' id='word_1_216' title='bbox 872 3957 907 4018; x_wconf 90' lang='lat' dir='ltr'>et</span> <span class='ocrx_word' id='word_1_217' title='bbox 924 3946 1081 4015; x_wconf 86' lang='lat' dir='ltr'>reconci-</span> 
     </span>
     <span class='ocr_line' id='line_1_33' title="bbox 90 4041 1083 4143; baseline -0.012 -15"><span class='ocrx_word' id='word_1_218' title='bbox 90 4059 277 4128; x_wconf 89' lang='lat' dir='ltr'>liationem</span> <span class='ocrx_word' id='word_1_219' title='bbox 299 4061 445 4143; x_wconf 88' lang='lat' dir='ltr'>propter</span> <span class='ocrx_word' id='word_1_220' title='bbox 467 4047 635 4118; x_wconf 90' lang='lat' dir='ltr'>meritum</span> <span class='ocrx_word' id='word_1_221' title='bbox 658 4041 812 4132; x_wconf 88' lang='lat' dir='ltr'>Christi,</span> <span class='ocrx_word' id='word_1_222' title='bbox 844 4049 997 4138; x_wconf 87' lang='lat' dir='ltr'>gratuita</span> <span class='ocrx_word' id='word_1_223' title='bbox 1023 4047 1083 4117; x_wconf 89' lang='lat' dir='ltr'>dei</span> 
     </span>
     <span class='ocr_line' id='line_1_34' title="bbox 90 4148 1081 4245; baseline -0.014 -13"><span class='ocrx_word' id='word_1_224' title='bbox 90 4160 251 4232; x_wconf 87' lang='lat' dir='ltr'>bonitate</span> <span class='ocrx_word' id='word_1_225' title='bbox 284 4164 514 4245; x_wconf 87' lang='lat' dir='ltr'>acceperunt,</span> <span class='ocrx_word' id='word_1_226' title='bbox 554 4163 589 4220; x_wconf 92' lang='lat' dir='ltr'>et</span> <span class='ocrx_word' id='word_1_227' title='bbox 621 4148 775 4223; x_wconf 90' lang='lat' dir='ltr'>clamant</span> <span class='ocrx_word' id='word_1_228' title='bbox 799 4151 844 4219; x_wconf 91' lang='lat' dir='ltr'>ad</span> <span class='ocrx_word' id='word_1_229' title='bbox 871 4174 953 4220; x_wconf 92' lang='lat' dir='ltr'>eum</span> <span class='ocrx_word' id='word_1_230' title='bbox 976 4151 1081 4233; x_wconf 82' lang='lat' dir='ltr'>Abba</span> 
     </span>
     <span class='ocr_line' id='line_1_35' title="bbox 95 4250 1081 4354; baseline -0.015 -21"><span class='ocrx_word' id='word_1_231' title='bbox 95 4277 206 4354; x_wconf 81' lang='lat' dir='ltr'>pater.</span> <span class='ocrx_word' id='word_1_232' title='bbox 255 4254 297 4327; x_wconf 93' lang='lat' dir='ltr'>ld</span> <span class='ocrx_word' id='word_1_233' title='bbox 317 4256 413 4349; x_wconf 92' lang='lat' dir='ltr'>quod</span> <span class='ocrx_word' id='word_1_234' title='bbox 440 4267 560 4325; x_wconf 90' lang='lat' dir='ltr'>tamen</span> <span class='ocrx_word' id='word_1_235' title='bbox 584 4250 675 4322; x_wconf 90' lang='lat' dir='ltr'>nulli</span> <span class='ocrx_word' id='word_1_236' title='bbox 691 4252 864 4342; x_wconf 81' lang='lat' dir='ltr'>obtingit,</span> <span class='ocrx_word' id='word_1_237' title='bbox 890 4252 959 4322; x_wconf 92' lang='lat' dir='ltr'>nisi</span> <span class='ocrx_word' id='word_1_238' title='bbox 976 4252 1081 4322; x_wconf 91' lang='lat' dir='ltr'>etiam</span> 
     </span>
     <span class='ocr_line' id='line_1_36' title="bbox 91 4355 1083 4440; baseline -0.01 -7"><span class='ocrx_word' id='word_1_239' title='bbox 91 4363 199 4433; x_wconf 77' lang='lat' dir='ltr'>simul</span> <span class='ocrx_word' id='word_1_240' title='bbox 225 4358 435 4430; x_wconf 77' lang='lat' dir='ltr'>infundatur</span> <span class='ocrx_word' id='word_1_241' title='bbox 458 4355 601 4440; x_wconf 89' lang='lat' dir='ltr'>caritas,</span> <span class='ocrx_word' id='word_1_242' title='bbox 630 4377 758 4425; x_wconf 89' lang='lat' dir='ltr'>sanans</span> <span class='ocrx_word' id='word_1_243' title='bbox 777 4355 1017 4436; x_wconf 86' lang='lat' dir='ltr'>voluntatem,</span> <span class='ocrx_word' id='word_1_244' title='bbox 1044 4367 1083 4423; x_wconf 92' lang='lat' dir='ltr'>nt</span> 
     </span>
     <span class='ocr_line' id='line_1_37' title="bbox 93 4452 1083 4554; baseline -0.004 -23"><span class='ocrx_word' id='word_1_245' title='bbox 93 4466 259 4535; x_wconf 75' lang='lat' dir='ltr'>voluntas</span> <span class='ocrx_word' id='word_1_246' title='bbox 272 4473 390 4531; x_wconf 90' lang='lat' dir='ltr'>sanata</span> <span class='ocrx_word' id='word_1_247' title='bbox 411 4455 728 4554; x_wconf 89' lang='lat' dir='ltr'>(quemadmodum</span> <span class='ocrx_word' id='word_1_248' title='bbox 742 4455 846 4527; x_wconf 85' lang='lat' dir='ltr'>divus</span> <span class='ocrx_word' id='word_1_249' title='bbox 861 4452 1083 4547; x_wconf 79' lang='lat' dir='ltr'>Augustinus</span> 
     </span>
     <span class='ocr_line' id='line_1_38' title="bbox 94 4556 1082 4656; baseline -0.011 -19"><span class='ocrx_word' id='word_1_250' title='bbox 94 4565 161 4656; x_wconf 86' lang='lat' dir='ltr'>ait)</span> <span class='ocrx_word' id='word_1_251' title='bbox 185 4564 334 4656; x_wconf 83' lang='lat' dir='ltr'>incipiat</span> <span class='ocrx_word' id='word_1_252' title='bbox 356 4560 505 4652; x_wconf 90' lang='lat' dir='ltr'>implere</span> <span class='ocrx_word' id='word_1_253' title='bbox 527 4559 651 4648; x_wconf 84' lang='lat' dir='ltr'>legem.</span> <span class='ocrx_word' id='word_1_254' title='bbox 702 4556 808 4628; x_wconf 87' lang='lat' dir='ltr'>Fides</span> <span class='ocrx_word' id='word_1_255' title='bbox 832 4581 915 4647; x_wconf 89' lang='lat' dir='ltr'>crgo</span> <span class='ocrx_word' id='word_1_256' title='bbox 942 4559 1020 4627; x_wconf 91' lang='lat' dir='ltr'>viva</span> <span class='ocrx_word' id='word_1_257' title='bbox 1043 4582 1082 4626; x_wconf 89' lang='lat' dir='ltr'>ea</span> 
     </span>
     <span class='ocr_line' id='line_1_39' title="bbox 94 4655 1083 4762; baseline -0.009 -24"><span class='ocrx_word' id='word_1_258' title='bbox 94 4685 158 4749; x_wconf 87' lang='lat' dir='ltr'>est,</span> <span class='ocrx_word' id='word_1_259' title='bbox 185 4691 274 4762; x_wconf 90' lang='lat' dir='ltr'>quae</span> <span class='ocrx_word' id='word_1_260' title='bbox 288 4679 322 4735; x_wconf 90' lang='lat' dir='ltr'>ct</span> <span class='ocrx_word' id='word_1_261' title='bbox 336 4658 570 4756; x_wconf 85' lang='lat' dir='ltr'>apprehendit</span> <span class='ocrx_word' id='word_1_262' title='bbox 584 4660 861 4730; x_wconf 87' lang='lat' dir='ltr'>misericordiam</span> <span class='ocrx_word' id='word_1_263' title='bbox 877 4661 916 4728; x_wconf 90' lang='lat' dir='ltr'>in</span> <span class='ocrx_word' id='word_1_264' title='bbox 930 4655 1083 4743; x_wconf 81' lang='lat' dir='ltr'>Clu-isto,</span> 
     </span>
     <span class='ocr_line' id='line_1_40' title="bbox 95 4758 1084 4858; baseline -0.012 -18"><span class='ocrx_word' id='word_1_265' title='bbox 95 4797 138 4840; x_wconf 89' lang='lat' dir='ltr'>ac</span> <span class='ocrx_word' id='word_1_266' title='bbox 156 4770 265 4840; x_wconf 88' lang='lat' dir='ltr'>credit</span> <span class='ocrx_word' id='word_1_267' title='bbox 280 4767 455 4839; x_wconf 88' lang='lat' dir='ltr'>iusticiam</span> <span class='ocrx_word' id='word_1_268' title='bbox 470 4788 560 4858; x_wconf 90' lang='lat' dir='ltr'>quae</span> <span class='ocrx_word' id='word_1_269' title='bbox 578 4762 680 4833; x_wconf 88' lang='lat' dir='ltr'>estin</span> <span class='ocrx_word' id='word_1_270' title='bbox 697 4758 839 4833; x_wconf 89' lang='lat' dir='ltr'>Christo</span> <span class='ocrx_word' id='word_1_271' title='bbox 858 4763 960 4832; x_wconf 90' lang='lat' dir='ltr'>nohis</span> <span class='ocrx_word' id='word_1_272' title='bbox 976 4763 1084 4851; x_wconf 81' lang='lat' dir='ltr'>&#39;gratis</span> 
     </span>
     <span class='ocr_line' id='line_1_41' title="bbox 95 4863 1085 4964; baseline -0.01 -22"><span class='ocrx_word' id='word_1_273' title='bbox 95 4872 285 4964; x_wconf 87' lang='lat' dir='ltr'>imputari,</span> <span class='ocrx_word' id='word_1_274' title='bbox 316 4883 352 4940; x_wconf 91' lang='lat' dir='ltr'>et</span> <span class='ocrx_word' id='word_1_275' title='bbox 377 4891 467 4961; x_wconf 91' lang='lat' dir='ltr'>quae</span> <span class='ocrx_word' id='word_1_276' title='bbox 493 4865 600 4935; x_wconf 90' lang='lat' dir='ltr'>simul</span> <span class='ocrx_word' id='word_1_277' title='bbox 627 4863 918 4958; x_wconf 88' lang='lat' dir='ltr'>pollicitationem</span> <span class='ocrx_word' id='word_1_278' title='bbox 940 4863 1085 4956; x_wconf 87' lang='lat' dir='ltr'>spiritus</span> 
     </span>
     <span class='ocr_line' id='line_1_42' title="bbox 95 4964 1084 5062; baseline -0.014 -17"><span class='ocrx_word' id='word_1_279' title='bbox 95 4975 208 5045; x_wconf 89' lang='lat' dir='ltr'>sancti</span> <span class='ocrx_word' id='word_1_280' title='bbox 225 4988 257 5045; x_wconf 92' lang='lat' dir='ltr'>et</span> <span class='ocrx_word' id='word_1_281' title='bbox 273 4972 453 5043; x_wconf 89' lang='lat' dir='ltr'>caritatem</span> <span class='ocrx_word' id='word_1_282' title='bbox 469 4966 624 5059; x_wconf 60' lang='lat' dir='ltr'>accipit,</span> <span class='ocrx_word' id='word_1_283' title='bbox 657 4964 709 5038; x_wconf 90' lang='lat' dir='ltr'>lta</span> <span class='ocrx_word' id='word_1_284' title='bbox 724 4968 821 5062; x_wconf 93' lang='lat' dir='ltr'>quod</span> <span class='ocrx_word' id='word_1_285' title='bbox 838 4967 923 5035; x_wconf 86' lang='lat' dir='ltr'>fides</span> <span class='ocrx_word' id='word_1_286' title='bbox 941 4964 1084 5058; x_wconf 87' lang='lat' dir='ltr'>quidem</span> 
     </span>
     <span class='ocr_line' id='line_1_43' title="bbox 97 5065 1086 5162; baseline -0.013 -18"><span class='ocrx_word' id='word_1_287' title='bbox 97 5079 309 5156; x_wconf 87' lang='lat' dir='ltr'>iustificans,</span> <span class='ocrx_word' id='word_1_288' title='bbox 337 5086 388 5141; x_wconf 91' lang='lat' dir='ltr'>est</span> <span class='ocrx_word' id='word_1_289' title='bbox 402 5073 463 5141; x_wconf 92' lang='lat' dir='ltr'>illa</span> <span class='ocrx_word' id='word_1_290' title='bbox 481 5070 577 5154; x_wconf 86' lang='lat' dir='ltr'>fides,</span> <span class='ocrx_word' id='word_1_291' title='bbox 603 5092 692 5162; x_wconf 89' lang='lat' dir='ltr'>quae</span> <span class='ocrx_word' id='word_1_292' title='bbox 710 5085 761 5140; x_wconf 89' lang='lat' dir='ltr'>est</span> <span class='ocrx_word' id='word_1_293' title='bbox 780 5068 899 5137; x_wconf 82' lang='lat' dir='ltr'>efficax</span> <span class='ocrx_word' id='word_1_294' title='bbox 916 5091 978 5160; x_wconf 90' lang='lat' dir='ltr'>per</span> <span class='ocrx_word' id='word_1_295' title='bbox 996 5065 1086 5135; x_wconf 88' lang='lat' dir='ltr'>cari-</span> 
     </span>
     <span class='ocr_line' id='line_1_44' title="bbox 97 5164 1086 5263; baseline -0.013 -14"><span class='ocrx_word' id='word_1_296' title='bbox 97 5195 214 5251; x_wconf 89' lang='lat' dir='ltr'>tatem.</span> <span class='ocrx_word' id='word_1_297' title='bbox 255 5173 484 5261; x_wconf 85' lang='lat' dir='ltr'>Sedinterim</span> <span class='ocrx_word' id='word_1_298' title='bbox 501 5166 569 5241; x_wconf 91' lang='lat' dir='ltr'>huc</span> <span class='ocrx_word' id='word_1_299' title='bbox 584 5194 705 5241; x_wconf 87' lang='lat' dir='ltr'>verum</span> <span class='ocrx_word' id='word_1_300' title='bbox 726 5183 795 5249; x_wconf 84' lang='lat' dir='ltr'>est,</span> <span class='ocrx_word' id='word_1_301' title='bbox 822 5170 920 5263; x_wconf 91' lang='lat' dir='ltr'>quod</span> <span class='ocrx_word' id='word_1_302' title='bbox 935 5164 1000 5238; x_wconf 90' lang='lat' dir='ltr'>hac</span> <span class='ocrx_word' id='word_1_303' title='bbox 1020 5170 1086 5237; x_wconf 83' lang='lat' dir='ltr'>lide</span> 
     </span>
     <span class='ocr_line' id='line_1_45' title="bbox 97 5275 1088 5362; baseline -0.013 -12"><span class='ocrx_word' id='word_1_304' title='bbox 97 5298 240 5351; x_wconf 85' lang='lat' dir='ltr'>eatenus</span> <span class='ocrx_word' id='word_1_305' title='bbox 256 5279 503 5359; x_wconf 86' lang='lat' dir='ltr'>iustificamur,</span> <span class='ocrx_word' id='word_1_306' title='bbox 530 5275 564 5342; x_wconf 93' lang='lat' dir='ltr'>id</span> <span class='ocrx_word' id='word_1_307' title='bbox 584 5287 655 5357; x_wconf 88' lang='lat' dir='ltr'>est,</span> <span class='ocrx_word' id='word_1_308' title='bbox 677 5285 898 5362; x_wconf 74' lang='lat' dir='ltr'>acceptantur</span> <span class='ocrx_word' id='word_1_309' title='bbox 913 5285 946 5338; x_wconf 93' lang='lat' dir='ltr'>et</span> <span class='ocrx_word' id='word_1_310' title='bbox 963 5294 1088 5339; x_wconf 89' lang='lat' dir='ltr'>recon-</span> 
     </span>
     <span class='ocr_line' id='line_1_46' title="bbox 96 5367 1089 5474; baseline -0.013 -21"><span class='ocrx_word' id='word_1_311' title='bbox 96 5386 259 5454; x_wconf 89' lang='lat' dir='ltr'>ciliamur</span> <span class='ocrx_word' id='word_1_312' title='bbox 293 5385 378 5464; x_wconf 88' lang='lat' dir='ltr'>deo,</span> <span class='ocrx_word' id='word_1_313' title='bbox 413 5392 585 5472; x_wconf 88' lang='lat' dir='ltr'>quatenus</span> <span class='ocrx_word' id='word_1_314' title='bbox 620 5367 857 5465; x_wconf 85' lang='lat' dir='ltr'>apprehendit</span> <span class='ocrx_word' id='word_1_315' title='bbox 889 5374 1089 5474; x_wconf 68' lang='lat' dir='ltr'>misericor-</span> 
     </span>
     <span class='ocr_line' id='line_1_47' title="bbox 98 5477 1089 5573; baseline -0.015 -17"><span class='ocrx_word' id='word_1_316' title='bbox 98 5489 193 5556; x_wconf 88' lang='lat' dir='ltr'>diam</span> <span class='ocrx_word' id='word_1_317' title='bbox 220 5502 253 5554; x_wconf 89' lang='lat' dir='ltr'>et</span> <span class='ocrx_word' id='word_1_318' title='bbox 276 5483 472 5564; x_wconf 88' lang='lat' dir='ltr'>iusticiam,</span> <span class='ocrx_word' id='word_1_319' title='bbox 498 5502 588 5573; x_wconf 91' lang='lat' dir='ltr'>quae</span> <span class='ocrx_word' id='word_1_320' title='bbox 609 5477 715 5545; x_wconf 89' lang='lat' dir='ltr'>nobis</span> <span class='ocrx_word' id='word_1_321' title='bbox 733 5477 929 5564; x_wconf 87' lang='lat' dir='ltr'>imputatur</span> <span class='ocrx_word' id='word_1_322' title='bbox 946 5489 1089 5567; x_wconf 92' lang='lat' dir='ltr'>propter</span> 
     </span>
     <span class='ocr_line' id='line_1_48' title="bbox 96 5579 1089 5672; baseline -0.015 -12"><span class='ocrx_word' id='word_1_323' title='bbox 96 5586 293 5672; x_wconf 88' lang='lat' dir='ltr'>Christum,</span> <span class='ocrx_word' id='word_1_324' title='bbox 320 5608 393 5654; x_wconf 91' lang='lat' dir='ltr'>non</span> <span class='ocrx_word' id='word_1_325' title='bbox 412 5595 528 5653; x_wconf 89' lang='lat' dir='ltr'>autem</span> <span class='ocrx_word' id='word_1_326' title='bbox 548 5593 692 5672; x_wconf 89' lang='lat' dir='ltr'>propter</span> <span class='ocrx_word' id='word_1_327' title='bbox 708 5579 914 5669; x_wconf 87' lang='lat' dir='ltr'>dignitatem</span> <span class='ocrx_word' id='word_1_328' title='bbox 933 5603 993 5647; x_wconf 91' lang='lat' dir='ltr'>seu</span> <span class='ocrx_word' id='word_1_329' title='bbox 1011 5600 1089 5668; x_wconf 91' lang='lat' dir='ltr'>per·</span> 
     </span>
    </p>

    <p class='ocr_par' dir='ltr' id='par_1_7' title="bbox 149 5685 627 5761">
     <span class='ocr_line' id='line_1_49' title="bbox 149 5685 627 5761; baseline -0.019 0"><span class='ocrx_word' id='word_1_330' title='bbox 149 5697 330 5761; x_wconf 77' lang='lat' dir='ltr'>hlruarru.</span> <span class='ocrx_word' id='word_1_331' title='bbox 350 5691 451 5758; x_wconf 83' lang='lat' dir='ltr'>Orrn.</span> <span class='ocrx_word' id='word_1_332' title='bbox 481 5688 563 5752; x_wconf 76' lang='lat' dir='ltr'>Vos..</span> <span class='ocrx_word' id='word_1_333' title='bbox 579 5685 627 5752; x_wconf 87' lang='lat' dir='ltr'>X.</span> 
     </span>
    </p>
   </div>
   <div class='ocr_carea' id='block_1_7' title="bbox 1135 576 2130 756">
    <p class='ocr_par' dir='ltr' id='par_1_8' title="bbox 1135 576 2130 756">
     <span class='ocr_line' id='line_1_50' title="bbox 1136 576 2130 673; baseline 0.011 -23"><span class='ocrx_word' id='word_1_334' title='bbox 1136 579 1325 652; x_wconf 82' lang='lat' dir='ltr'>fertionem</span> <span class='ocrx_word' id='word_1_335' title='bbox 1348 576 1502 650; x_wconf 88' lang='lat' dir='ltr'>iustitiae</span> <span class='ocrx_word' id='word_1_336' title='bbox 1535 579 1641 652; x_wconf 91' lang='lat' dir='ltr'>nobis</span> <span class='ocrx_word' id='word_1_337' title='bbox 1672 594 1736 673; x_wconf 81' lang='lat' dir='ltr'>per</span> <span class='ocrx_word' id='word_1_338' title='bbox 1757 580 1944 662; x_wconf 84' lang='lat' dir='ltr'>Christum</span> <span class='ocrx_word' id='word_1_339' title='bbox 1969 610 2130 663; x_wconf 89' lang='lat' dir='ltr'>commu·</span> 
     </span>
     <span class='ocr_line' id='line_1_51' title="bbox 1135 684 2077 756; baseline 0.001 -3"><span class='ocrx_word' id='word_1_340' title='bbox 1135 684 1283 756; x_wconf 79' lang='lat' dir='ltr'>nicetae.</span> <span class='ocrx_word' id='word_1_341' title='bbox 1764 706 1766 711; x_wconf 89' lang='lat'>·</span> <span class='ocrx_word' id='word_1_342' title='bbox 2068 691 2077 707; x_wconf 85' lang='lat'>&#39;</span> 
     </span>
    </p>
   </div>
   <div class='ocr_carea' id='block_1_8' title="bbox 1129 884 2228 2115">
    <p class='ocr_par' dir='ltr' id='par_1_9' title="bbox 1129 884 2228 2115">
     <span class='ocr_line' id='line_1_52' title="bbox 1237 884 2128 985; baseline 0.027 -27"><span class='ocrx_word' id='word_1_343' title='bbox 1237 884 1317 959; x_wconf 85' lang='lat' dir='ltr'>Etsi</span> <span class='ocrx_word' id='word_1_344' title='bbox 1331 904 1448 961; x_wconf 88' lang='lat' dir='ltr'>autern</span> <span class='ocrx_word' id='word_1_345' title='bbox 1467 890 1572 985; x_wconf 90' lang='lat' dir='ltr'>isqui</span> <span class='ocrx_word' id='word_1_346' title='bbox 1593 892 1820 979; x_wconf 80' lang='lat' dir='ltr'>iustificetur,</span> <span class='ocrx_word' id='word_1_347' title='bbox 1846 898 2021 977; x_wconf 89' lang='lat' dir='ltr'>iusticiam</span> <span class='ocrx_word' id='word_1_348' title='bbox 2036 911 2128 981; x_wconf 87' lang='lat' dir='ltr'>acci-</span> 
     </span>
     <span class='ocr_line' id='line_1_53' title="bbox 1134 984 2125 1095; baseline 0.022 -35"><span class='ocrx_word' id='word_1_349' title='bbox 1134 990 1187 1085; x_wconf 91' lang='lat' dir='ltr'>pit</span> <span class='ocrx_word' id='word_1_350' title='bbox 1212 1007 1247 1063; x_wconf 91' lang='lat' dir='ltr'>et</span> <span class='ocrx_word' id='word_1_351' title='bbox 1281 984 1386 1062; x_wconf 91' lang='lat' dir='ltr'>habet</span> <span class='ocrx_word' id='word_1_352' title='bbox 1404 1016 1482 1095; x_wconf 28' lang='lat' dir='ltr'>&#39;per</span> <span class='ocrx_word' id='word_1_353' title='bbox 1508 988 1711 1082; x_wconf 88' lang='lat' dir='ltr'>Christum,</span> <span class='ocrx_word' id='word_1_354' title='bbox 1753 1000 1859 1073; x_wconf 90' lang='lat' dir='ltr'>etiam</span> <span class='ocrx_word' id='word_1_355' title='bbox 1891 998 2125 1092; x_wconf 84' lang='lat' dir='ltr'>inherentem,</span> 
     </span>
     <span class='ocr_line' id='line_1_54' title="bbox 1133 1093 2125 1192; baseline 0.021 -29"><span class='ocrx_word' id='word_1_356' title='bbox 1133 1094 1225 1164; x_wconf 89' lang='lat' dir='ltr'>sieut</span> <span class='ocrx_word' id='word_1_357' title='bbox 1257 1094 1345 1165; x_wconf 89' lang='lat' dir='ltr'>dicit</span> <span class='ocrx_word' id='word_1_358' title='bbox 1378 1096 1576 1187; x_wconf 88' lang='lat' dir='ltr'>apostolus:</span> <span class='ocrx_word' id='word_1_359' title='bbox 1618 1093 1746 1170; x_wconf 82' lang='lat' dir='ltr'>abluti</span> <span class='ocrx_word' id='word_1_360' title='bbox 1780 1106 1880 1192; x_wconf 82' lang='lat' dir='ltr'>estis,</span> <span class='ocrx_word' id='word_1_361' title='bbox 1919 1111 2125 1184; x_wconf 82' lang='lat' dir='ltr'>sanctificati</span> 
     </span>
     <span class='ocr_line' id='line_1_55' title="bbox 1133 1196 2125 1301; baseline 0.02 -37"><span class='ocrx_word' id='word_1_362' title='bbox 1133 1197 1232 1276; x_wconf 89' lang='lat' dir='ltr'>estis,</span> <span class='ocrx_word' id='word_1_363' title='bbox 1257 1196 1436 1268; x_wconf 85' lang='lat' dir='ltr'>iustificati</span> <span class='ocrx_word' id='word_1_364' title='bbox 1458 1200 1552 1268; x_wconf 87' lang='lat' dir='ltr'>estis.</span> <span class='ocrx_word' id='word_1_365' title='bbox 1606 1199 1726 1289; x_wconf 89' lang='lat' dir='ltr'>Quare</span> <span class='ocrx_word' id='word_1_366' title='bbox 1751 1207 1862 1277; x_wconf 90' lang='lat' dir='ltr'>sancti</span> <span class='ocrx_word' id='word_1_367' title='bbox 1885 1223 2001 1301; x_wconf 87' lang='lat' dir='ltr'>patres</span> <span class='ocrx_word' id='word_1_368' title='bbox 2022 1202 2125 1285; x_wconf 69' lang='lat' dir='ltr'>iu&#39;sti·</span> 
     </span>
     <span class='ocr_line' id='line_1_56' title="bbox 1132 1298 2124 1395; baseline 0.021 -29"><span class='ocrx_word' id='word_1_369' title='bbox 1132 1298 1229 1368; x_wconf 87' lang='lat' dir='ltr'>ficari</span> <span class='ocrx_word' id='word_1_370' title='bbox 1252 1298 1356 1368; x_wconf 86' lang='lat' dir='ltr'>ctiatn</span> <span class='ocrx_word' id='word_1_371' title='bbox 1381 1323 1446 1391; x_wconf 90' lang='lat' dir='ltr'>pro</span> <span class='ocrx_word' id='word_1_372' title='bbox 1469 1323 1509 1370; x_wconf 89' lang='lat' dir='ltr'>eo</span> <span class='ocrx_word' id='word_1_373' title='bbox 1529 1303 1625 1395; x_wconf 90' lang='lat' dir='ltr'>quod</span> <span class='ocrx_word' id='word_1_374' title='bbox 1641 1318 1691 1374; x_wconf 89' lang='lat' dir='ltr'>est</span> <span class='ocrx_word' id='word_1_375' title='bbox 1709 1298 1930 1380; x_wconf 90' lang='lat' dir='ltr'>inherentem</span> <span class='ocrx_word' id='word_1_376' title='bbox 1947 1312 2124 1386; x_wconf 86' lang='lat' dir='ltr'>iusticiam</span> 
     </span>
     <span class='ocr_line' id='line_1_57' title="bbox 1131 1400 2124 1493; baseline 0.021 -25"><span class='ocrx_word' id='word_1_377' title='bbox 1131 1400 1289 1492; x_wconf 89' lang='lat' dir='ltr'>accipere</span> <span class='ocrx_word' id='word_1_378' title='bbox 1308 1416 1539 1493; x_wconf 88' lang='lat' dir='ltr'>usurparunt.</span> <span class='ocrx_word' id='word_1_379' title='bbox 1600 1402 1738 1474; x_wconf 88' lang='lat' dir='ltr'>Tamen</span> <span class='ocrx_word' id='word_1_380' title='bbox 1760 1408 1879 1481; x_wconf 89' lang='lat' dir='ltr'>anima</span> <span class='ocrx_word' id='word_1_381' title='bbox 1902 1411 2017 1485; x_wconf 86' lang='lat' dir='ltr'>fidelis</span> <span class='ocrx_word' id='word_1_382' title='bbox 2039 1411 2124 1490; x_wconf 89' lang='lat' dir='ltr'>hnic</span> 
     </span>
     <span class='ocr_line' id='line_1_58' title="bbox 1132 1502 2124 1590; baseline 0.019 -20"><span class='ocrx_word' id='word_1_383' title='bbox 1132 1502 1206 1572; x_wconf 78' lang='lat' dir='ltr'>n&#39;ou</span> <span class='ocrx_word' id='word_1_384' title='bbox 1227 1502 1416 1584; x_wconf 89' lang='lat' dir='ltr'>innititur,</span> <span class='ocrx_word' id='word_1_385' title='bbox 1441 1506 1501 1574; x_wconf 88' lang='lat' dir='ltr'>scd</span> <span class='ocrx_word' id='word_1_386' title='bbox 1521 1504 1590 1574; x_wconf 92' lang='lat' dir='ltr'>soli</span> <span class='ocrx_word' id='word_1_387' title='bbox 1610 1504 1768 1577; x_wconf 78' lang='lat' dir='ltr'>iustitiae</span> <span class='ocrx_word' id='word_1_388' title='bbox 1784 1502 1919 1584; x_wconf 84' lang='lat' dir='ltr'>Christi</span> <span class='ocrx_word' id='word_1_389' title='bbox 1937 1514 2043 1587; x_wconf 90' lang='lat' dir='ltr'>nobis</span> <span class='ocrx_word' id='word_1_390' title='bbox 2057 1520 2124 1590; x_wconf 90' lang='lat' dir='ltr'>do·</span> 
     </span>
     <span class='ocr_line' id='line_1_59' title="bbox 1131 1604 2124 1711; baseline 0.02 -39"><span class='ocrx_word' id='word_1_391' title='bbox 1131 1614 1250 1689; x_wconf 86' lang='lat' dir='ltr'>natae,</span> <span class='ocrx_word' id='word_1_392' title='bbox 1277 1604 1353 1674; x_wconf 74' lang='lat' dir='ltr'>s&#39;in‘e</span> <span class='ocrx_word' id='word_1_393' title='bbox 1368 1629 1437 1699; x_wconf 93' lang='lat' dir='ltr'>qua</span> <span class='ocrx_word' id='word_1_394' title='bbox 1454 1606 1553 1676; x_wconf 91' lang='lat' dir='ltr'>nulla</span> <span class='ocrx_word' id='word_1_395' title='bbox 1570 1608 1719 1687; x_wconf 88' lang='lat' dir='ltr'>omnino</span> <span class='ocrx_word' id='word_1_396' title='bbox 1738 1626 1807 1697; x_wconf 90' lang='lat' dir='ltr'>est,</span> <span class='ocrx_word' id='word_1_397' title='bbox 1832 1636 1898 1701; x_wconf 89' lang='lat' dir='ltr'>nee</span> <span class='ocrx_word' id='word_1_398' title='bbox 1912 1640 1986 1687; x_wconf 90' lang='lat' dir='ltr'>esse</span> <span class='ocrx_word' id='word_1_399' title='bbox 2009 1633 2124 1711; x_wconf 88' lang='lat' dir='ltr'>potest</span> 
     </span>
     <span class='ocr_line' id='line_1_60' title="bbox 1131 1704 2123 1807; baseline 0.02 -33"><span class='ocrx_word' id='word_1_400' title='bbox 1131 1707 1281 1780; x_wconf 86' lang='lat' dir='ltr'>iusticia.</span> <span class='ocrx_word' id='word_1_401' title='bbox 1327 1704 1376 1778; x_wconf 84' lang='lat' dir='ltr'>Et</span> <span class='ocrx_word' id='word_1_402' title='bbox 1392 1707 1442 1777; x_wconf 90' lang='lat' dir='ltr'>sic</span> <span class='ocrx_word' id='word_1_403' title='bbox 1457 1704 1526 1778; x_wconf 87' lang='lat' dir='ltr'>hde</span> <span class='ocrx_word' id='word_1_404' title='bbox 1539 1710 1578 1778; x_wconf 89' lang='lat' dir='ltr'>in</span> <span class='ocrx_word' id='word_1_405' title='bbox 1593 1705 1776 1782; x_wconf 89' lang='lat' dir='ltr'>Christum</span> <span class='ocrx_word' id='word_1_406' title='bbox 1793 1714 2036 1807; x_wconf 85' lang='lat' dir='ltr'>iustificamur,</span> <span class='ocrx_word' id='word_1_407' title='bbox 2062 1744 2123 1794; x_wconf 86' lang='lat' dir='ltr'>seu</span> 
     </span>
     <span class='ocr_line' id='line_1_61' title="bbox 1129 1809 2123 1915; baseline 0.017 -38"><span class='ocrx_word' id='word_1_408' title='bbox 1129 1822 1337 1900; x_wconf 90' lang='lat' dir='ltr'>reputamur</span> <span class='ocrx_word' id='word_1_409' title='bbox 1360 1809 1461 1890; x_wconf 82' lang='lat' dir='ltr'>insti,</span> <span class='ocrx_word' id='word_1_410' title='bbox 1494 1812 1626 1894; x_wconf 88' lang='lat' dir='ltr'>idest,</span> <span class='ocrx_word' id='word_1_411' title='bbox 1660 1815 1812 1906; x_wconf 88' lang='lat' dir='ltr'>accepti,</span> <span class='ocrx_word' id='word_1_412' title='bbox 1846 1834 1990 1913; x_wconf 88' lang='lat' dir='ltr'>propter</span> <span class='ocrx_word' id='word_1_413' title='bbox 2012 1823 2123 1915; x_wconf 88' lang='lat' dir='ltr'>ipsius</span> 
     </span>
     <span class='ocr_line' id='line_1_62' title="bbox 1130 1913 2123 2018; baseline 0.023 -40"><span class='ocrx_word' id='word_1_414' title='bbox 1130 1913 1266 1995; x_wconf 78' lang='lat' dir='ltr'>merita,</span> <span class='ocrx_word' id='word_1_415' title='bbox 1286 1932 1360 1980; x_wconf 90' lang='lat' dir='ltr'>non</span> <span class='ocrx_word' id='word_1_416' title='bbox 1377 1925 1521 2003; x_wconf 89' lang='lat' dir='ltr'>propter</span> <span class='ocrx_word' id='word_1_417' title='bbox 1534 1928 1692 1985; x_wconf 88' lang='lat' dir='ltr'>nostram</span> <span class='ocrx_word' id='word_1_418' title='bbox 1706 1917 1914 2007; x_wconf 88' lang='lat' dir='ltr'>dignitatem</span> <span class='ocrx_word' id='word_1_419' title='bbox 1927 1937 1989 1995; x_wconf 89' lang='lat' dir='ltr'>aut</span> <span class='ocrx_word' id='word_1_420' title='bbox 2004 1948 2123 2018; x_wconf 88' lang='lat' dir='ltr'>opera.</span> 
     </span>
     <span class='ocr_line' id='line_1_63' title="bbox 1129 2008 2228 2115; baseline 0.017 -34"><span class='ocrx_word' id='word_1_421' title='bbox 1129 2008 1177 2082; x_wconf 84' lang='lat' dir='ltr'>Et</span> <span class='ocrx_word' id='word_1_422' title='bbox 1198 2025 1343 2105; x_wconf 87' lang='lat' dir='ltr'>propter</span> <span class='ocrx_word' id='word_1_423' title='bbox 1367 2009 1590 2085; x_wconf 88' lang='lat' dir='ltr'>inherentem</span> <span class='ocrx_word' id='word_1_424' title='bbox 1606 2015 1782 2087; x_wconf 87' lang='lat' dir='ltr'>iusticiam</span> <span class='ocrx_word' id='word_1_425' title='bbox 1801 2043 1842 2091; x_wconf 93' lang='lat' dir='ltr'>eo</span> <span class='ocrx_word' id='word_1_426' title='bbox 1858 2024 1943 2097; x_wconf 90' lang='lat' dir='ltr'>iusti</span> <span class='ocrx_word' id='word_1_427' title='bbox 1958 2028 2123 2115; x_wconf 87' lang='lat' dir='ltr'>dicimur,</span> <span class='ocrx_word' id='word_1_428' title='bbox 2224 2074 2228 2090; x_wconf 86' lang='lat'><strong>·</strong></span> 
     </span>
    </p>
   </div>
   <div class='ocr_carea' id='block_1_9' title="bbox 1129 2113 2124 2308">
    <p class='ocr_par' dir='ltr' id='par_1_10' title="bbox 1129 2113 2124 2308">
     <span class='ocr_line' id='line_1_64' title="bbox 1129 2113 2124 2207; baseline 0.018 -25"><span class='ocrx_word' id='word_1_429' title='bbox 1129 2113 1214 2204; x_wconf 90' lang='lat' dir='ltr'>quia</span> <span class='ocrx_word' id='word_1_430' title='bbox 1228 2137 1320 2206; x_wconf 87' lang='lat' dir='ltr'>quae</span> <span class='ocrx_word' id='word_1_431' title='bbox 1336 2115 1425 2184; x_wconf 88' lang='lat' dir='ltr'>insta</span> <span class='ocrx_word' id='word_1_432' title='bbox 1443 2128 1526 2186; x_wconf 85' lang='lat' dir='ltr'>runt</span> <span class='ocrx_word' id='word_1_433' title='bbox 1543 2139 1743 2207; x_wconf 86' lang='lat' dir='ltr'>operamur,</span> <span class='ocrx_word' id='word_1_434' title='bbox 1768 2119 1865 2194; x_wconf 84' lang='lat' dir='ltr'>iuxta</span> <span class='ocrx_word' id='word_1_435' title='bbox 1882 2126 1973 2197; x_wconf 85' lang='lat' dir='ltr'>illud</span> <span class='ocrx_word' id='word_1_436' title='bbox 1992 2123 2124 2200; x_wconf 87' lang='lat' dir='ltr'>lohan-</span> 
     </span>
     <span class='ocr_line' id='line_1_65' title="bbox 1130 2214 1796 2308; baseline 0.02 -28"><span class='ocrx_word' id='word_1_437' title='bbox 1130 2214 1207 2296; x_wconf 90' lang='lat' dir='ltr'>nis,</span> <span class='ocrx_word' id='word_1_438' title='bbox 1233 2215 1296 2308; x_wconf 93' lang='lat' dir='ltr'>qui</span> <span class='ocrx_word' id='word_1_439' title='bbox 1311 2214 1394 2285; x_wconf 83' lang='lat' dir='ltr'>facit</span> <span class='ocrx_word' id='word_1_440' title='bbox 1409 2215 1585 2286; x_wconf 89' lang='lat' dir='ltr'>iusticiam</span> <span class='ocrx_word' id='word_1_441' title='bbox 1603 2217 1717 2289; x_wconf 88' lang='lat' dir='ltr'>iustus</span> <span class='ocrx_word' id='word_1_442' title='bbox 1734 2234 1796 2295; x_wconf 85' lang='lat' dir='ltr'>est.</span> 
     </span>
    </p>
   </div>
   <div class='ocr_carea' id='block_1_10' title="bbox 1130 2413 2121 3539">
    <p class='ocr_par' dir='ltr' id='par_1_11' title="bbox 1130 2413 2121 3539">
     <span class='ocr_line' id='line_1_66' title="bbox 1232 2413 2121 2514; baseline 0.02 -26"><span class='ocrx_word' id='word_1_443' title='bbox 1232 2413 1281 2489; x_wconf 85' lang='lat' dir='ltr'>Et</span> <span class='ocrx_word' id='word_1_444' title='bbox 1295 2441 1510 2511; x_wconf 90' lang='lat' dir='ltr'>quamquam</span> <span class='ocrx_word' id='word_1_445' title='bbox 1526 2418 1564 2486; x_wconf 93' lang='lat' dir='ltr'>in</span> <span class='ocrx_word' id='word_1_446' title='bbox 1581 2418 1714 2491; x_wconf 88' lang='lat' dir='ltr'>renatis</span> <span class='ocrx_word' id='word_1_447' title='bbox 1729 2445 1867 2514; x_wconf 87' lang='lat' dir='ltr'>semper</span> <span class='ocrx_word' id='word_1_448' title='bbox 1881 2449 2035 2501; x_wconf 85' lang='lat' dir='ltr'>creseere</span> <span class='ocrx_word' id='word_1_449' title='bbox 2057 2435 2121 2505; x_wconf 90' lang='lat' dir='ltr'>de·</span> 
     </span>
     <span class='ocr_line' id='line_1_67' title="bbox 1130 2518 2119 2611; baseline 0.019 -22"><span class='ocrx_word' id='word_1_450' title='bbox 1130 2520 1234 2604; x_wconf 91' lang='lat' dir='ltr'>hent,</span> <span class='ocrx_word' id='word_1_451' title='bbox 1265 2519 1374 2590; x_wconf 89' lang='lat' dir='ltr'>timor</span> <span class='ocrx_word' id='word_1_452' title='bbox 1396 2520 1473 2604; x_wconf 94' lang='lat' dir='ltr'>dei,</span> <span class='ocrx_word' id='word_1_453' title='bbox 1505 2521 1743 2611; x_wconf 89' lang='lat' dir='ltr'>poenitentia,</span> <span class='ocrx_word' id='word_1_454' title='bbox 1770 2518 1953 2600; x_wconf 83' lang='lat' dir='ltr'>humilitas</span> <span class='ocrx_word' id='word_1_455' title='bbox 1974 2544 2008 2603; x_wconf 86' lang='lat' dir='ltr'>ct</span> <span class='ocrx_word' id='word_1_456' title='bbox 2029 2537 2119 2607; x_wconf 88' lang='lat' dir='ltr'>aliae</span> 
     </span>
     <span class='ocr_line' id='line_1_68' title="bbox 1131 2622 2121 2717; baseline 0.022 -29"><span class='ocrx_word' id='word_1_457' title='bbox 1131 2622 1296 2704; x_wconf 89' lang='lat' dir='ltr'>virtutes,</span> <span class='ocrx_word' id='word_1_458' title='bbox 1322 2647 1402 2691; x_wconf 85' lang='lat' dir='ltr'>curn</span> <span class='ocrx_word' id='word_1_459' title='bbox 1425 2622 1609 2692; x_wconf 90' lang='lat' dir='ltr'>renovatio</span> <span class='ocrx_word' id='word_1_460' title='bbox 1632 2623 1677 2693; x_wconf 89' lang='lat' dir='ltr'>sit</span> <span class='ocrx_word' id='word_1_461' title='bbox 1699 2625 1924 2717; x_wconf 78' lang='lat' dir='ltr'>imperfecta,</span> <span class='ocrx_word' id='word_1_462' title='bbox 1949 2646 1984 2704; x_wconf 89' lang='lat' dir='ltr'>et</span> <span class='ocrx_word' id='word_1_463' title='bbox 1999 2631 2121 2710; x_wconf 88' lang='lat' dir='ltr'>hereat</span> 
     </span>
     <span class='ocr_line' id='line_1_69' title="bbox 1131 2723 2119 2824; baseline 0.02 -33"><span class='ocrx_word' id='word_1_464' title='bbox 1131 2725 1169 2791; x_wconf 93' lang='lat' dir='ltr'>in</span> <span class='ocrx_word' id='word_1_465' title='bbox 1188 2723 1238 2791; x_wconf 89' lang='lat' dir='ltr'>eis</span> <span class='ocrx_word' id='word_1_466' title='bbox 1256 2723 1381 2814; x_wconf 89' lang='lat' dir='ltr'>ingens</span> <span class='ocrx_word' id='word_1_467' title='bbox 1401 2723 1606 2810; x_wconf 81' lang='lat' dir='ltr'>infirmitas3</span> <span class='ocrx_word' id='word_1_468' title='bbox 1634 2738 1752 2796; x_wconf 90' lang='lat' dir='ltr'>tamen</span> <span class='ocrx_word' id='word_1_469' title='bbox 1768 2730 1969 2803; x_wconf 88' lang='lat' dir='ltr'>docendum</span> <span class='ocrx_word' id='word_1_470' title='bbox 1984 2750 2054 2824; x_wconf 91' lang='lat' dir='ltr'>est,</span> <span class='ocrx_word' id='word_1_471' title='bbox 2080 2753 2119 2810; x_wconf 92' lang='lat' dir='ltr'>ut</span> 
     </span>
     <span class='ocr_line' id='line_1_70' title="bbox 1131 2824 2120 2918; baseline 0.012 -25"><span class='ocrx_word' id='word_1_472' title='bbox 1131 2825 1193 2918; x_wconf 90' lang='lat' dir='ltr'>qui</span> <span class='ocrx_word' id='word_1_473' title='bbox 1217 2847 1299 2894; x_wconf 89' lang='lat' dir='ltr'>vere</span> <span class='ocrx_word' id='word_1_474' title='bbox 1321 2824 1521 2916; x_wconf 90' lang='lat' dir='ltr'>poenitent,</span> <span class='ocrx_word' id='word_1_475' title='bbox 1562 2850 1701 2918; x_wconf 88' lang='lat' dir='ltr'>semper</span> <span class='ocrx_word' id='word_1_476' title='bbox 1725 2830 1793 2898; x_wconf 89' lang='lat' dir='ltr'>lide</span> <span class='ocrx_word' id='word_1_477' title='bbox 1820 2833 2013 2909; x_wconf 83' lang='lat' dir='ltr'>certissima</span> <span class='ocrx_word' id='word_1_478' title='bbox 2037 2864 2120 2917; x_wconf 54' lang='lat' dir='ltr'>sen,-</span> 
     </span>
     <span class='ocr_line' id='line_1_71' title="bbox 1131 2927 2119 3035; baseline 0.003 -37"><span class='ocrx_word' id='word_1_479' title='bbox 1131 2927 1240 3012; x_wconf 89' lang='lat' dir='ltr'>tiant,</span> <span class='ocrx_word' id='word_1_480' title='bbox 1270 2951 1306 2996; x_wconf 89' lang='lat' dir='ltr'>se</span> <span class='ocrx_word' id='word_1_481' title='bbox 1330 2941 1474 3018; x_wconf 87' lang='lat' dir='ltr'>propter</span> <span class='ocrx_word' id='word_1_482' title='bbox 1496 2928 1726 2999; x_wconf 88' lang='lat' dir='ltr'>mediatorem</span> <span class='ocrx_word' id='word_1_483' title='bbox 1749 2927 1933 3003; x_wconf 90' lang='lat' dir='ltr'>Christum</span> <span class='ocrx_word' id='word_1_484' title='bbox 1954 2939 2020 3010; x_wconf 88' lang='lat' dir='ltr'>deo</span> <span class='ocrx_word' id='word_1_485' title='bbox 2041 2945 2119 3035; x_wconf 78' lang='lat' dir='ltr'>pla.</span> 
     </span>
     <span class='ocr_line' id='line_1_72' title="bbox 1131 3023 2120 3131; baseline 0.017 -31"><span class='ocrx_word' id='word_1_486' title='bbox 1131 3054 1220 3100; x_wconf 89' lang='lat' dir='ltr'>cere.</span> <span class='ocrx_word' id='word_1_487' title='bbox 1274 3028 1367 3116; x_wconf 82' lang='lat' dir='ltr'>Quia</span> <span class='ocrx_word' id='word_1_488' title='bbox 1383 3023 1548 3131; x_wconf 81' lang='lat' dir='ltr'>Christus</span> <span class='ocrx_word' id='word_1_489' title='bbox 1569 3044 1621 3100; x_wconf 92' lang='lat' dir='ltr'>est</span> <span class='ocrx_word' id='word_1_490' title='bbox 1642 3033 1878 3124; x_wconf 83' lang='lat' dir='ltr'>propicietur,</span> <span class='ocrx_word' id='word_1_491' title='bbox 1906 3041 2064 3129; x_wconf 77' lang='lat' dir='ltr'>pontifex</span> <span class='ocrx_word' id='word_1_492' title='bbox 2085 3061 2120 3117; x_wconf 90' lang='lat' dir='ltr'>et</span> 
     </span>
     <span class='ocr_line' id='line_1_73' title="bbox 1132 3128 2120 3227; baseline 0.019 -28"><span class='ocrx_word' id='word_1_493' title='bbox 1132 3132 1376 3222; x_wconf 87' lang='lat' dir='ltr'>interpellatur</span> <span class='ocrx_word' id='word_1_494' title='bbox 1391 3155 1453 3222; x_wconf 89' lang='lat' dir='ltr'>pro</span> <span class='ocrx_word' id='word_1_495' title='bbox 1471 3131 1592 3217; x_wconf 87' lang='lat' dir='ltr'>nobis,</span> <span class='ocrx_word' id='word_1_496' title='bbox 1619 3128 1728 3225; x_wconf 84' lang='lat' dir='ltr'>quem&#39;</span> <span class='ocrx_word' id='word_1_497' title='bbox 1740 3151 1838 3227; x_wconf 90' lang='lat' dir='ltr'>pater</span> <span class='ocrx_word' id='word_1_498' title='bbox 1854 3139 2002 3216; x_wconf 90' lang='lat' dir='ltr'>donavit</span> <span class='ocrx_word' id='word_1_499' title='bbox 2015 3148 2120 3218; x_wconf 91' lang='lat' dir='ltr'>nohis</span> 
     </span>
     <span class='ocr_line' id='line_1_74' title="bbox 1131 3233 2118 3336; baseline 0.016 -32"><span class='ocrx_word' id='word_1_500' title='bbox 1131 3247 1166 3304; x_wconf 89' lang='lat' dir='ltr'>et</span> <span class='ocrx_word' id='word_1_501' title='bbox 1179 3233 1297 3303; x_wconf 87' lang='lat' dir='ltr'>omnia</span> <span class='ocrx_word' id='word_1_502' title='bbox 1316 3235 1408 3303; x_wconf 89' lang='lat' dir='ltr'>bona</span> <span class='ocrx_word' id='word_1_503' title='bbox 1424 3258 1504 3303; x_wconf 88' lang='lat' dir='ltr'>cum</span> <span class='ocrx_word' id='word_1_504' title='bbox 1520 3234 1593 3309; x_wconf 86' lang='lat' dir='ltr'>illo.</span> <span class='ocrx_word' id='word_1_505' title='bbox 1633 3233 1813 3325; x_wconf 88' lang='lat' dir='ltr'>Quoniam</span> <span class='ocrx_word' id='word_1_506' title='bbox 1829 3253 1946 3312; x_wconf 89' lang='lat' dir='ltr'>autem</span> <span class='ocrx_word' id='word_1_507' title='bbox 1967 3248 2118 3336; x_wconf 82' lang='lat' dir='ltr'>perlecta</span> 
     </span>
     <span class='ocr_line' id='line_1_75' title="bbox 1132 3329 2120 3444; baseline 0.015 -37"><span class='ocrx_word' id='word_1_508' title='bbox 1132 3338 1308 3408; x_wconf 89' lang='lat' dir='ltr'>certitudo</span> <span class='ocrx_word' id='word_1_509' title='bbox 1334 3338 1371 3405; x_wconf 93' lang='lat' dir='ltr'>iu</span> <span class='ocrx_word' id='word_1_510' title='bbox 1395 3329 1460 3405; x_wconf 83' lang='lat' dir='ltr'>hac</span> <span class='ocrx_word' id='word_1_511' title='bbox 1489 3336 1729 3408; x_wconf 87' lang='lat' dir='ltr'>imbecillitate</span> <span class='ocrx_word' id='word_1_512' title='bbox 1757 3366 1831 3411; x_wconf 89' lang='lat' dir='ltr'>non</span> <span class='ocrx_word' id='word_1_513' title='bbox 1858 3356 1927 3430; x_wconf 82' lang='lat' dir='ltr'>est,</span> <span class='ocrx_word' id='word_1_514' title='bbox 1966 3363 2120 3444; x_wconf 82' lang='lat' dir='ltr'>suntque</span> 
     </span>
     <span class='ocr_line' id='line_1_76' title="bbox 1132 3438 2118 3539; baseline 0.018 -33"><span class='ocrx_word' id='word_1_515' title='bbox 1132 3440 1264 3507; x_wconf 88' lang='lat' dir='ltr'>multae</span> <span class='ocrx_word' id='word_1_516' title='bbox 1280 3438 1440 3507; x_wconf 86' lang='lat' dir='ltr'>infirmae</span> <span class='ocrx_word' id='word_1_517' title='bbox 1452 3450 1485 3506; x_wconf 90' lang='lat' dir='ltr'>et</span> <span class='ocrx_word' id='word_1_518' title='bbox 1500 3439 1647 3527; x_wconf 91' lang='lat' dir='ltr'>pavidae</span> <span class='ocrx_word' id='word_1_519' title='bbox 1661 3443 1907 3528; x_wconf 81' lang='lat' dir='ltr'>conscientiae,</span> <span class='ocrx_word' id='word_1_520' title='bbox 1934 3471 2024 3539; x_wconf 91' lang='lat' dir='ltr'>quae</span> <span class='ocrx_word' id='word_1_521' title='bbox 2038 3477 2118 3523; x_wconf 86' lang='lat' dir='ltr'>curn</span> 
     </span>
    </p>
   </div>
   <div class='ocr_carea' id='block_1_11' title="bbox 1132 3537 2244 3628">
    <p class='ocr_par' dir='ltr' id='par_1_12' title="bbox 1132 3537 2244 3628">
     <span class='ocr_line' id='line_1_77' title="bbox 1132 3537 2244 3628; baseline 0.013 -21"><span class='ocrx_word' id='word_1_522' title='bbox 1132 3539 1231 3628; x_wconf 88' lang='lat' dir='ltr'>gravi</span> <span class='ocrx_word' id='word_1_523' title='bbox 1259 3561 1361 3626; x_wconf 86' lang='lat' dir='ltr'>saepe</span> <span class='ocrx_word' id='word_1_524' title='bbox 1388 3537 1610 3605; x_wconf 89' lang='lat' dir='ltr'>dubitatione</span> <span class='ocrx_word' id='word_1_525' title='bbox 1642 3541 1843 3628; x_wconf 91' lang='lat' dir='ltr'>luctantur,</span> <span class='ocrx_word' id='word_1_526' title='bbox 1884 3568 1988 3617; x_wconf 89' lang='lat' dir='ltr'>nemo</span> <span class='ocrx_word' id='word_1_527' title='bbox 2018 3567 2120 3625; x_wconf 85' lang='lat' dir='ltr'>csta</span> <span class='ocrx_word' id='word_1_528' title='bbox 2240 3566 2244 3573; x_wconf 91' lang='lat'>&#39;</span> 
     </span>
    </p>
   </div>
   <div class='ocr_carea' id='block_1_12' title="bbox 1132 3632 2121 4221">
    <p class='ocr_par' dir='ltr' id='par_1_13' title="bbox 1132 3632 2120 3730">
     <span class='ocr_line' id='line_1_78' title="bbox 1132 3632 2120 3730; baseline 0.019 -25"><span class='ocrx_word' id='word_1_529' title='bbox 1132 3639 1242 3729; x_wconf 87' lang='lat' dir='ltr'>gratia</span> <span class='ocrx_word' id='word_1_530' title='bbox 1266 3632 1400 3707; x_wconf 91' lang='lat' dir='ltr'>Christi</span> <span class='ocrx_word' id='word_1_531' title='bbox 1430 3648 1576 3730; x_wconf 87' lang='lat' dir='ltr'>propter</span> <span class='ocrx_word' id='word_1_532' title='bbox 1599 3638 1772 3710; x_wconf 88' lang='lat' dir='ltr'>eiusmodi</span> <span class='ocrx_word' id='word_1_533' title='bbox 1794 3643 2034 3720; x_wconf 86' lang='lat' dir='ltr'>infirmitatem</span> <span class='ocrx_word' id='word_1_534' title='bbox 2058 3677 2120 3724; x_wconf 83' lang='lat' dir='ltr'>ex·</span> 
     </span>
    </p>

    <p class='ocr_par' dir='ltr' id='par_1_14' title="bbox 1133 3741 2119 3842">
     <span class='ocr_line' id='line_1_79' title="bbox 1133 3741 2119 3842; baseline 0.016 -32"><span class='ocrx_word' id='word_1_535' title='bbox 1133 3741 1348 3821; x_wconf 89' lang='lat' dir='ltr'>eludendus,</span> <span class='ocrx_word' id='word_1_536' title='bbox 1378 3743 1438 3808; x_wconf 84' lang='lat' dir='ltr'>sed</span> <span class='ocrx_word' id='word_1_537' title='bbox 1462 3741 1626 3809; x_wconf 88' lang='lat' dir='ltr'>convenit</span> <span class='ocrx_word' id='word_1_538' title='bbox 1650 3742 1736 3811; x_wconf 86' lang='lat' dir='ltr'>tales</span> <span class='ocrx_word' id='word_1_539' title='bbox 1754 3745 1948 3835; x_wconf 84' lang='lat' dir='ltr'>diligenter</span> <span class='ocrx_word' id='word_1_540' title='bbox 1969 3746 2119 3842; x_wconf 89' lang='lat' dir='ltr'>hortari,</span> 
     </span>
    </p>

    <p class='ocr_par' dir='ltr' id='par_1_15' title="bbox 1133 3839 2120 3934">
     <span class='ocr_line' id='line_1_80' title="bbox 1133 3839 2120 3934; baseline 0.012 -20"><span class='ocrx_word' id='word_1_541' title='bbox 1133 3839 1244 3915; x_wconf 88' lang='lat' dir='ltr'>uthis</span> <span class='ocrx_word' id='word_1_542' title='bbox 1260 3842 1544 3913; x_wconf 88' lang='lat' dir='ltr'>dubitationibus</span> <span class='ocrx_word' id='word_1_543' title='bbox 1562 3844 1812 3934; x_wconf 87' lang='lat' dir='ltr'>promissiones</span> <span class='ocrx_word' id='word_1_544' title='bbox 1825 3844 1958 3923; x_wconf 83' lang='lat' dir='ltr'>Christi</span> <span class='ocrx_word' id='word_1_545' title='bbox 1980 3855 2120 3927; x_wconf 81' lang='lat' dir='ltr'>fortiter</span> 
     </span>
    </p>

    <p class='ocr_par' dir='ltr' id='par_1_16' title="bbox 1134 3945 2120 4046">
     <span class='ocr_line' id='line_1_81' title="bbox 1134 3945 2120 4046; baseline 0.016 -31"><span class='ocrx_word' id='word_1_546' title='bbox 1134 3959 1334 4037; x_wconf 91' lang='lat' dir='ltr'>opponant,</span> <span class='ocrx_word' id='word_1_547' title='bbox 1373 3958 1408 4015; x_wconf 91' lang='lat' dir='ltr'>et</span> <span class='ocrx_word' id='word_1_548' title='bbox 1438 3945 1556 4032; x_wconf 91' lang='lat' dir='ltr'>angeri</span> <span class='ocrx_word' id='word_1_549' title='bbox 1580 3946 1649 4015; x_wconf 89' lang='lat' dir='ltr'>sibi</span> <span class='ocrx_word' id='word_1_550' title='bbox 1673 3948 1777 4016; x_wconf 85' lang='lat' dir='ltr'>fidem</span> <span class='ocrx_word' id='word_1_551' title='bbox 1802 3952 1934 4022; x_wconf 86' lang='lat' dir='ltr'>sedulis</span> <span class='ocrx_word' id='word_1_552' title='bbox 1956 3958 2120 4046; x_wconf 87' lang='lat' dir='ltr'>precibus</span> 
     </span>
    </p>

    <p class='ocr_par' dir='ltr' id='par_1_17' title="bbox 1132 4047 2121 4221">
     <span class='ocr_line' id='line_1_82' title="bbox 1132 4047 2121 4221; baseline 0.017 -106"><span class='ocrx_word' id='word_1_553' title='bbox 1132 4061 1255 4221; x_wconf 56' lang='lat' dir='ltr'>ppent,</span> <span class='ocrx_word' id='word_1_554' title='bbox 1289 4048 1383 4117; x_wconf 83' lang='lat' dir='ltr'>iuxta</span> <span class='ocrx_word' id='word_1_555' title='bbox 1407 4048 1508 4122; x_wconf 87' lang='lat' dir='ltr'>illud.</span> <span class='ocrx_word' id='word_1_556' title='bbox 1558 4047 1705 4138; x_wconf 83' lang='lat' dir='ltr'>Adauge</span> <span class='ocrx_word' id='word_1_557' title='bbox 1728 4052 1833 4122; x_wconf 89' lang='lat' dir='ltr'>nohis</span> <span class='ocrx_word' id='word_1_558' title='bbox 1856 4056 1995 4126; x_wconf 91' lang='lat' dir='ltr'>domini</span> <span class='ocrx_word' id='word_1_559' title='bbox 2014 4059 2121 4133; x_wconf 87' lang='lat' dir='ltr'>fldem</span> 
     </span>
     <span class='ocr_line' id='line_1_83' title="bbox 1178 4151 1278 4221; baseline 0.03 -3"><span class='ocrx_word' id='word_1_560' title='bbox 1178 4151 1278 4221; x_wconf 86' lang='lat' dir='ltr'>tristi.</span> 
     </span>
    </p>
   </div>
   <div class='ocr_carea' id='block_1_13' title="bbox 1134 4346 2132 5675">
    <p class='ocr_par' dir='ltr' id='par_1_18' title="bbox 1134 4346 2132 5675">
     <span class='ocr_line' id='line_1_84' title="bbox 1236 4346 2122 4456; baseline 0.008 -36"><span class='ocrx_word' id='word_1_561' title='bbox 1236 4356 1323 4420; x_wconf 90' lang='lat' dir='ltr'>ltem</span> <span class='ocrx_word' id='word_1_562' title='bbox 1346 4346 1550 4422; x_wconf 89' lang='lat' dir='ltr'>Christiano</span> <span class='ocrx_word' id='word_1_563' title='bbox 1578 4354 1705 4448; x_wconf 90' lang='lat' dir='ltr'>cuique</span> <span class='ocrx_word' id='word_1_564' title='bbox 1727 4358 1831 4428; x_wconf 89' lang='lat' dir='ltr'>debet</span> <span class='ocrx_word' id='word_1_565' title='bbox 1858 4382 1931 4429; x_wconf 88' lang='lat' dir='ltr'>esse</span> <span class='ocrx_word' id='word_1_566' title='bbox 1960 4388 2122 4456; x_wconf 76' lang='lat' dir='ltr'>comper.</span> 
     </span>
     <span class='ocr_line' id='line_1_85' title="bbox 1134 4448 2119 4556; baseline 0.017 -34"><span class='ocrx_word' id='word_1_567' title='bbox 1134 4470 1230 4539; x_wconf 90' lang='lat' dir='ltr'>tum,</span> <span class='ocrx_word' id='word_1_568' title='bbox 1256 4477 1328 4523; x_wconf 94' lang='lat' dir='ltr'>non</span> <span class='ocrx_word' id='word_1_569' title='bbox 1351 4451 1390 4521; x_wconf 90' lang='lat' dir='ltr'>in</span> <span class='ocrx_word' id='word_1_570' title='bbox 1416 4448 1484 4524; x_wconf 90' lang='lat' dir='ltr'>hoc</span> <span class='ocrx_word' id='word_1_571' title='bbox 1498 4457 1617 4526; x_wconf 88' lang='lat' dir='ltr'>datam</span> <span class='ocrx_word' id='word_1_572' title='bbox 1633 4481 1706 4526; x_wconf 90' lang='lat' dir='ltr'>esse</span> <span class='ocrx_word' id='word_1_573' title='bbox 1724 4461 1828 4529; x_wconf 89' lang='lat' dir='ltr'>uobis</span> <span class='ocrx_word' id='word_1_574' title='bbox 1846 4456 1936 4531; x_wconf 88' lang='lat' dir='ltr'>hanc</span> <span class='ocrx_word' id='word_1_575' title='bbox 1958 4469 2119 4556; x_wconf 79' lang='lat' dir='ltr'>gratiam,</span> 
     </span>
     <span class='ocr_line' id='line_1_86' title="bbox 1136 4551 2122 4650; baseline 0.006 -24"><span class='ocrx_word' id='word_1_576' title='bbox 1136 4571 1170 4626; x_wconf 90' lang='lat' dir='ltr'>et</span> <span class='ocrx_word' id='word_1_577' title='bbox 1188 4551 1281 4628; x_wconf 90' lang='lat' dir='ltr'>hanc</span> <span class='ocrx_word' id='word_1_578' title='bbox 1305 4557 1627 4646; x_wconf 85' lang='lat' dir='ltr'>regenerationem,</span> <span class='ocrx_word' id='word_1_579' title='bbox 1660 4573 1700 4629; x_wconf 92' lang='lat' dir='ltr'>ut</span> <span class='ocrx_word' id='word_1_580' title='bbox 1720 4560 1759 4627; x_wconf 90' lang='lat' dir='ltr'>iu</span> <span class='ocrx_word' id='word_1_581' title='bbox 1784 4585 1825 4630; x_wconf 89' lang='lat' dir='ltr'>eo</span> <span class='ocrx_word' id='word_1_582' title='bbox 1841 4565 1953 4650; x_wconf 89' lang='lat' dir='ltr'>gradu</span> <span class='ocrx_word' id='word_1_583' title='bbox 1969 4565 2122 4641; x_wconf 85' lang='lat' dir='ltr'>innova.</span> 
     </span>
     <span class='ocr_line' id='line_1_87' title="bbox 1135 4659 2121 4753; baseline 0.017 -26"><span class='ocrx_word' id='word_1_584' title='bbox 1135 4659 1244 4728; x_wconf 89' lang='lat' dir='ltr'>tionis</span> <span class='ocrx_word' id='word_1_585' title='bbox 1268 4672 1426 4746; x_wconf 90' lang='lat' dir='ltr'>nostrae,</span> <span class='ocrx_word' id='word_1_586' title='bbox 1459 4660 1741 4753; x_wconf 81' lang='lat' dir='ltr'>quamprimum</span> <span class='ocrx_word' id='word_1_587' title='bbox 1765 4662 1861 4732; x_wconf 89' lang='lat' dir='ltr'>nacti</span> <span class='ocrx_word' id='word_1_588' title='bbox 1877 4688 1999 4738; x_wconf 88' lang='lat' dir='ltr'>sumus</span> <span class='ocrx_word' id='word_1_589' title='bbox 2011 4674 2121 4743; x_wconf 88' lang='lat' dir='ltr'>ociosi</span> 
     </span>
     <span class='ocr_line' id='line_1_88' title="bbox 1136 4758 2123 4861; baseline 0.015 -31"><span class='ocrx_word' id='word_1_590' title='bbox 1136 4762 1378 4832; x_wconf 88' lang='lat' dir='ltr'>consistamus.</span> <span class='ocrx_word' id='word_1_591' title='bbox 1429 4758 1499 4830; x_wconf 85' lang='lat' dir='ltr'>Sed</span> <span class='ocrx_word' id='word_1_592' title='bbox 1516 4783 1710 4859; x_wconf 79' lang='lat' dir='ltr'>crescamus</span> <span class='ocrx_word' id='word_1_593' title='bbox 1725 4761 1763 4830; x_wconf 94' lang='lat' dir='ltr'>in</span> <span class='ocrx_word' id='word_1_594' title='bbox 1778 4763 1895 4855; x_wconf 90' lang='lat' dir='ltr'>ipsum</span> <span class='ocrx_word' id='word_1_595' title='bbox 1912 4792 1975 4861; x_wconf 91' lang='lat' dir='ltr'>per</span> <span class='ocrx_word' id='word_1_596' title='bbox 1989 4776 2123 4861; x_wconf 90' lang='lat' dir='ltr'>omnia,</span> 
     </span>
     <span class='ocr_line' id='line_1_89' title="bbox 1137 4856 2122 4970; baseline 0.019 -40"><span class='ocrx_word' id='word_1_597' title='bbox 1137 4860 1198 4955; x_wconf 93' lang='lat' dir='ltr'>qui</span> <span class='ocrx_word' id='word_1_598' title='bbox 1214 4876 1264 4932; x_wconf 91' lang='lat' dir='ltr'>est</span> <span class='ocrx_word' id='word_1_599' title='bbox 1280 4875 1383 4954; x_wconf 90' lang='lat' dir='ltr'>caput</span> <span class='ocrx_word' id='word_1_600' title='bbox 1398 4856 1574 4932; x_wconf 91' lang='lat' dir='ltr'>Christus.</span> <span class='ocrx_word' id='word_1_601' title='bbox 1623 4862 1780 4955; x_wconf 89' lang='lat' dir='ltr'>Ideoque</span> <span class='ocrx_word' id='word_1_602' title='bbox 1795 4867 1980 4942; x_wconf 82' lang='lat' dir='ltr'>docendus&#39;</span> <span class='ocrx_word' id='word_1_603' title='bbox 1991 4889 2043 4946; x_wconf 84' lang='lat' dir='ltr'>est</span> <span class='ocrx_word' id='word_1_604' title='bbox 2057 4902 2122 4970; x_wconf 92' lang='lat' dir='ltr'>po-</span> 
     </span>
     <span class='ocr_line' id='line_1_90' title="bbox 1136 4959 2123 5073; baseline 0.012 -39"><span class='ocrx_word' id='word_1_605' title='bbox 1136 4965 1259 5057; x_wconf 90' lang='lat' dir='ltr'>pulus,</span> <span class='ocrx_word' id='word_1_606' title='bbox 1278 4970 1327 5035; x_wconf 89' lang='lat' dir='ltr'>ut</span> <span class='ocrx_word' id='word_1_607' title='bbox 1347 4965 1405 5033; x_wconf 89' lang='lat' dir='ltr'>det</span> <span class='ocrx_word' id='word_1_608' title='bbox 1427 4986 1571 5055; x_wconf 89' lang='lat' dir='ltr'>operam</span> <span class='ocrx_word' id='word_1_609' title='bbox 1593 4959 1677 5033; x_wconf 89' lang='lat' dir='ltr'>huic</span> <span class='ocrx_word' id='word_1_610' title='bbox 1693 4981 1901 5059; x_wconf 87' lang='lat' dir='ltr'>augmento,</span> <span class='ocrx_word' id='word_1_611' title='bbox 1929 4979 2026 5069; x_wconf 90' lang='lat' dir='ltr'>qnod</span> <span class='ocrx_word' id='word_1_612' title='bbox 2042 4979 2123 5073; x_wconf 89' lang='lat' dir='ltr'>qui-</span> 
     </span>
     <span class='ocr_line' id='line_1_91' title="bbox 1138 5066 2123 5158; baseline 0.016 -23"><span class='ocrx_word' id='word_1_613' title='bbox 1138 5068 1218 5135; x_wconf 88' lang='lat' dir='ltr'>dem</span> <span class='ocrx_word' id='word_1_614' title='bbox 1231 5066 1270 5136; x_wconf 87' lang='lat' dir='ltr'>fit</span> <span class='ocrx_word' id='word_1_615' title='bbox 1283 5090 1346 5158; x_wconf 91' lang='lat' dir='ltr'>per</span> <span class='ocrx_word' id='word_1_616' title='bbox 1360 5067 1454 5136; x_wconf 89' lang='lat' dir='ltr'>bona</span> <span class='ocrx_word' id='word_1_617' title='bbox 1469 5088 1587 5156; x_wconf 90' lang='lat' dir='ltr'>opera,</span> <span class='ocrx_word' id='word_1_618' title='bbox 1611 5080 1646 5135; x_wconf 88' lang='lat' dir='ltr'>et</span> <span class='ocrx_word' id='word_1_619' title='bbox 1662 5067 1799 5142; x_wconf 84' lang='lat' dir='ltr'>inte&#39;rna</span> <span class='ocrx_word' id='word_1_620' title='bbox 1816 5086 1850 5142; x_wconf 94' lang='lat' dir='ltr'>et</span> <span class='ocrx_word' id='word_1_621' title='bbox 1863 5088 2003 5145; x_wconf 86' lang='lat' dir='ltr'>externa</span> <span class='ocrx_word' id='word_1_622' title='bbox 2019 5103 2038 5147; x_wconf 92' lang='lat' dir='ltr'>a</span> <span class='ocrx_word' id='word_1_623' title='bbox 2055 5080 2123 5154; x_wconf 90' lang='lat' dir='ltr'>deo</span> 
     </span>
     <span class='ocr_line' id='line_1_92' title="bbox 1139 5170 2126 5271; baseline 0.018 -36"><span class='ocrx_word' id='word_1_624' title='bbox 1139 5170 1304 5236; x_wconf 89' lang='lat' dir='ltr'>mandata</span> <span class='ocrx_word' id='word_1_625' title='bbox 1329 5181 1362 5235; x_wconf 93' lang='lat' dir='ltr'>et</span> <span class='ocrx_word' id='word_1_626' title='bbox 1387 5171 1650 5255; x_wconf 89' lang='lat' dir='ltr'>commendata,</span> <span class='ocrx_word' id='word_1_627' title='bbox 1685 5172 1815 5264; x_wconf 91' lang='lat' dir='ltr'>quibus</span> <span class='ocrx_word' id='word_1_628' title='bbox 1841 5178 1929 5246; x_wconf 89' lang='lat' dir='ltr'>deus</span> <span class='ocrx_word' id='word_1_629' title='bbox 1961 5182 2126 5271; x_wconf 83' lang='lat' dir='ltr'>promisit</span> 
     </span>
     <span class='ocr_line' id='line_1_93' title="bbox 1140 5265 2126 5371; baseline 0.019 -34"><span class='ocrx_word' id='word_1_630' title='bbox 1140 5283 1284 5362; x_wconf 89' lang='lat' dir='ltr'>propter</span> <span class='ocrx_word' id='word_1_631' title='bbox 1298 5265 1481 5340; x_wconf 88' lang='lat' dir='ltr'>Christum</span> <span class='ocrx_word' id='word_1_632' title='bbox 1500 5271 1538 5339; x_wconf 91' lang='lat' dir='ltr'>iu</span> <span class='ocrx_word' id='word_1_633' title='bbox 1556 5268 1720 5362; x_wconf 90' lang='lat' dir='ltr'>pluribus</span> <span class='ocrx_word' id='word_1_634' title='bbox 1734 5275 1821 5346; x_wconf 91' lang='lat' dir='ltr'>locis</span> <span class='ocrx_word' id='word_1_635' title='bbox 1839 5280 2011 5371; x_wconf 82' lang='lat' dir='ltr'>evangelii</span> <span class='ocrx_word' id='word_1_636' title='bbox 2032 5289 2126 5362; x_wconf 83' lang='lat' dir='ltr'>clare</span> 
     </span>
     <span class='ocr_line' id='line_1_94' title="bbox 1141 5373 2127 5485; baseline 0.017 -44"><span class='ocrx_word' id='word_1_637' title='bbox 1141 5387 1174 5442; x_wconf 89' lang='lat' dir='ltr'>et</span> <span class='ocrx_word' id='word_1_638' title='bbox 1190 5373 1372 5442; x_wconf 87' lang='lat' dir='ltr'>manifeste</span> <span class='ocrx_word' id='word_1_639' title='bbox 1391 5377 1606 5459; x_wconf 86' lang='lat' dir='ltr'>mercedem,</span> <span class='ocrx_word' id='word_1_640' title='bbox 1633 5377 1725 5444; x_wconf 90' lang='lat' dir='ltr'>bona</span> <span class='ocrx_word' id='word_1_641' title='bbox 1741 5390 1813 5447; x_wconf 90' lang='lat' dir='ltr'>tam</span> <span class='ocrx_word' id='word_1_642' title='bbox 1828 5387 1998 5472; x_wconf 88' lang='lat' dir='ltr'>corporis,</span> <span class='ocrx_word' id='word_1_643' title='bbox 2021 5417 2127 5485; x_wconf 80' lang='lat' dir='ltr'>quam</span> 
     </span>
     <span class='ocr_line' id='line_1_95' title="bbox 1141 5468 2129 5574; baseline 0.017 -32"><span class='ocrx_word' id='word_1_644' title='bbox 1141 5477 1287 5566; x_wconf 88' lang='lat' dir='ltr'>spiritus</span> <span class='ocrx_word' id='word_1_645' title='bbox 1306 5474 1343 5543; x_wconf 89' lang='lat' dir='ltr'>in</span> <span class='ocrx_word' id='word_1_646' title='bbox 1371 5468 1435 5544; x_wconf 90' lang='lat' dir='ltr'>hac</span> <span class='ocrx_word' id='word_1_647' title='bbox 1463 5478 1551 5559; x_wconf 91' lang='lat' dir='ltr'>vita,</span> <span class='ocrx_word' id='word_1_648' title='bbox 1591 5490 1694 5566; x_wconf 90' lang='lat' dir='ltr'>prout</span> <span class='ocrx_word' id='word_1_649' title='bbox 1715 5478 1858 5549; x_wconf 89' lang='lat' dir='ltr'>divinae</span> <span class='ocrx_word' id='word_1_650' title='bbox 1883 5491 2129 5574; x_wconf 77' lang='lat' dir='ltr'>providentiae</span> 
     </span>
     <span class='ocr_line' id='line_1_96' title="bbox 1142 5572 2132 5675; baseline 0.022 -28"><span class='ocrx_word' id='word_1_651' title='bbox 1142 5579 1259 5648; x_wconf 88' lang='lat' dir='ltr'>virum</span> <span class='ocrx_word' id='word_1_652' title='bbox 1278 5578 1400 5661; x_wconf 87' lang='lat' dir='ltr'>luerit,</span> <span class='ocrx_word' id='word_1_653' title='bbox 1428 5591 1460 5647; x_wconf 88' lang='lat' dir='ltr'>et</span> <span class='ocrx_word' id='word_1_654' title='bbox 1477 5592 1554 5666; x_wconf 91' lang='lat' dir='ltr'>post</span> <span class='ocrx_word' id='word_1_655' title='bbox 1570 5572 1661 5675; x_wconf 83' lang='lat' dir='ltr'>hanc</span> <span class='ocrx_word' id='word_1_656' title='bbox 1678 5578 1786 5648; x_wconf 82' lang='lat' dir='ltr'>vitam</span> <span class='ocrx_word' id='word_1_657' title='bbox 1803 5583 1839 5651; x_wconf 91' lang='lat' dir='ltr'>in</span> <span class='ocrx_word' id='word_1_658' title='bbox 1854 5588 1972 5667; x_wconf 87' lang='lat' dir='ltr'>coelis.</span> <span class='ocrx_word' id='word_1_659' title='bbox 2029 5594 2132 5668; x_wconf 90' lang='lat' dir='ltr'>ldco·</span> 
     </span>
    </p>
   </div>
   <div class='ocr_carea' id='block_1_14' title="bbox 0 0 2382 6020">
    <p class='ocr_par' dir='ltr' id='par_1_19' title="bbox 0 0 2382 6020">
     <span class='ocr_line' id='line_1_97' title="bbox 0 0 2382 6020; baseline 0 0"><span class='ocrx_word' id='word_1_660' title='bbox 0 0 2382 6020; x_wconf 95' lang='lat' dir='ltr'> </span> 
     </span>
    </p>
   </div>
  </div>
 </body>
</html>
