1483 1683
289 156 336 175 1⁰11

288 200 336 221 Dei,
348 197 476 221 Evangelinm,
489 200 581 220 praecepta
594 195 721 219 Philosophica
732 200 750 215 et
762 197 788 214 ci-

289 226 333 243 vilia
343 225 366 242 de
379 223 468 244 moribus,
481 223 588 240 diiudicabit
599 226 654 240 rectas
668 221 788 246 Philosopho-

289 256 341 272 rum,
353 253 371 267 et
377 249 475 266 illustrabit
483 251 573 271 praecepta
582 248 670 270 exemplis.

341 275 367 293 Hi
379 275 439 292 decem
451 274 533 292 Lectores
547 274 583 291 sint
594 272 693 296 Collegium
705 272 788 290 Philoso-

290 301 370 325 phicum,
378 300 426 324 qnod
435 298 611 321 vocaturCollegium
619 298 707 316 facultatis
712 298 790 320 Artium,

291 331 309 345 et
324 327 425 350 gubernent
439 325 539 348 linguarum
556 328 573 342 et
585 322 711 348 Philosophiae
726 324 790 345 studia,

292 352 384 371 communi
395 351 455 368 animo
463 354 480 368 et
487 350 562 368 consilio
568 363 573 371 ‚
586 350 642 368 multa
651 350 698 367 enim
707 350 790 367 incidunt

292 384 339 402 quae
350 378 372 395 ab
385 383 421 394 uno
431 379 484 399 atque
494 376 549 393 altero
564 376 648 393 sustineri
660 381 697 393 non
710 378 789 398 possunt.

293 403 408 426 Exploranda
416 405 458 419 mnt
467 401 564 419 iuventutis
572 401 640 422 studia,
652 401 728 423 regenda
737 400 791 418 disci-

293 427 352 452 plina,
368 428 390 445 ad
405 426 448 444 haec
459 427 557 444 multorum
569 427 698 444 deliberatione
710 429 727 443 et
741 432 790 443 com—

294 453 414 471 municatione
426 452 496 470 consilii
506 455 524 469 et
532 458 626 475 operarum
637 457 682 475 opus
690 455 721 470 est.
749 451 790 469 ldco

294 485 346 497 nemo
357 479 380 496 sit
390 478 455 495 Lector
469 478 488 495 in
499 477 532 495 hac
544 477 635 498 facultate,
651 478 683 500 qui
695 483 731 494 non
743 477 791 494 volet

294 503 349 522 huius
361 503 437 526 Collegii
448 509 489 526 pars
500 509 543 520 esse.
574 502 599 520 Et
610 501 629 520 hi
641 503 700 520 decem
709 502 791 520 Lectores

294 530 393 552 adiungam
404 528 438 546 sibi
455 529 515 551 plures
528 528 629 550 magistros,
646 534 722 551 qnorum
733 533 792 545 mores

295 559 338 573 sunt
349 554 428 575 honesti,
441 557 459 571 et
467 554 543 571 eruditio
551 554 622 571 videtur
634 554 674 571 usui
683 554 720 571 sore
732 553 792 576 reipu-

294 581 356 599 blicae.
377 579 398 597 ln
406 579 516 597 consessibus
526 583 584 597 autem
595 579 671 602 publicis
678 582 695 597 et
704 579 722 596 in
730 579 792 597 dicen-

295 607 318 624 da
331 606 418 623 sententia
431 605 505 623 cuilibet
521 605 570 622 locus
584 611 604 622 eo
618 605 681 622 ordine
696 605 792 625 tribuatur,

296 637 348 655 quem
359 631 433 653 singulis
445 634 523 653 tempora
535 631 600 654 quibus
610 630 668 648 ornati
683 634 725 648 sunt
736 629 792 653 gradu

295 657 402 679 magisterii,
413 656 520 674 attribuunt.

509 703 582 719 Tertia.

346 732 392 751 Cum
399 731 428 750 hic
433 731 570 755 Philosophiam
579 735 639 749 coetus
645 731 698 749 etiam
707 737 748 754 pars
756 737 793 748 esse

296 759 360 777 dehent
371 758 460 776 Ecclesiae
472 757 516 778 Dei,
531 757 614 775 volumus
630 763 691 774 omnes
702 757 733 780 qui
748 756 793 774 reei-

296 785 371 808 piuntur
379 784 397 801 in
406 782 439 801 hoc
447 782 557 806 Collegium,
571 782 653 805 amplecti
662 788 724 806 puram
732 781 793 799 Evan-

297 810 338 833 gelii
350 809 458 830 doctrinam,
474 814 527 832 quam
536 807 615 825 Ecclesia
627 812 695 829 nostra,
708 814 745 825 uno
756 807 793 830 spi-

297 836 334 854 ritu
345 839 362 853 et
372 841 409 853 una
420 840 462 852 voce
471 840 511 852 cuin
522 833 601 851 Ecclesia
610 833 643 851 Dei
650 832 740 851 Catliolica
751 839 793 856 pro-

297 862 363 879 fitetur.
389 859 491 882 Agnoscam.
499 859 562 880 Deum,
575 863 591 876 et
599 858 665 876 Filium
675 859 717 880 eius,
729 858 793 876 Domi-

298 893 341 904 num
356 889 437 903 nostrum
455 884 512 902 lesum
528 883 628 906 Christum,
645 888 663 902 et
678 884 702 902 ita
718 884 793 901 doceant

298 910 442 934 Philosophiam,
461 914 481 928 ut
500 916 537 927 non
557 913 672 933 corrumpant
694 910 792 927 doctrinam

298 936 401 959 Evangelii,
417 942 450 953 nee
461 939 492 953 aut
503 936 604 953 curiositate
617 938 647 953 aut
659 935 757 958 petulantia
765 935 793 952 in-

297 963 390 986 geniorum
397 965 462 982 serant,
473 965 503 979 aut
511 962 592 984 probent,
601 965 631 978 aut
639 961 740 981 defendant.
751 966 793 983 pro-

297 988 364 1011 phanas
377 987 470 1011 opiniones
484 987 620 1004 contumeliosas
633 987 716 1003 adversus
729 985 793 1006 Deum,

297 1017 318 1031 ut
325 1014 377 1031 multi
390 1013 408 1030 in
419 1012 514 1036 gymnasiis
524 1012 599 1029 aliarum
610 1011 698 1034 gentium,
714 1010 746 1028 hac
757 1017 793 1028 una

297 1045 317 1057 re
329 1037 421 1062 prohiberi
433 1038 496 1055 volunt
503 1036 619 1060 Philosophi,
631 1037 672 1060 quia
684 1037 743 1054 ausint
749 1036 794 1060 Epi-

298 1070 350 1082 curea
361 1068 391 1082 ant
403 1064 447 1081 alios
459 1063 528 1080 furores
539 1063 644 1083 defendere,
663 1062 709 1079 hanc
722 1068 793 1085 perver-

299 1090 367 1108 sitntem
380 1089 521 1112 indignissimam
533 1087 659 1111 Philosophia,
674 1088 753 1106 modesta
765 1088 794 1105 in-

299 1116 408 1138 vestigatrice
417 1114 504 1134 veritatis,
518 1120 555 1131 non
567 1114 687 1131 tolerabimus.
712 1113 747 1131 Sed
756 1120 794 1131 me-

299 1141 384 1159 minerint
405 1139 489 1158 honestae
509 1143 577 1157 mentes
598 1139 651 1157 etiam
671 1140 694 1156 ab
711 1138 793 1157 Ethnicis

298 1166 365 1184 dictum
373 1172 418 1183 esse:
431 1165 492 1189 ἔχθρα
500 1164 558 1189 σοφία
567 1164 667 1188 λοιδορῆσαι
675 1164 735 1183 mear.
755 1164 793 1182 imo

299 1197 341 1209 vero
356 1191 429 1208 audiant
439 1197 500 1209 vocem
512 1191 546 1208 Dei
559 1194 651 1208 sonantem
663 1191 686 1208 de
699 1191 756 1211 coelo,
773 1196 793 1207 ac

299 1217 446 1240 praecipientem,
466 1220 486 1233 ut
502 1216 567 1237 filium,
584 1217 677 1233 docentem
694 1216 792 1232 audiamus.

299 1242 358 1260 Huius
369 1241 467 1260 doctrinam
480 1241 565 1264 prolatam
576 1246 597 1258 ex
608 1241 648 1258 sinu
655 1241 722 1258 aeterni
733 1241 793 1263 patris,

270 1278 272 1282 ι
299 1272 316 1286 ct
326 1268 447 1286 confirmatam
462 1270 487 1285 tot
500 1266 599 1284 illustribus
611 1266 715 1283 testimoniis
727 1266 792 1289 ample-

298 1297 375 1314 ctamur,
392 1296 409 1311 et
424 1293 537 1316 praecipuam
550 1292 641 1309 rectricem
655 1291 761 1315 opinionum
775 1295 793 1309 et

298 1319 343 1337 vitae
352 1325 388 1337 esse
396 1319 490 1339 ducamus,
502 1321 519 1335 et
528 1317 618 1335 frenemus
626 1317 705 1340 ingenia,
717 1320 738 1335 ut
746 1317 792 1335 Pau-

299 1345 327 1362 lus
339 1345 404 1368 inquit:
422 1342 589 1367 αἶχμαλωῑίζονῑες
600 1344 638 1361 πᾶν
649 1341 710 1366 νόημα
722 1343 747 1363 εἰς
757 1342 792 1367 τὴν

298 1369 383 1393 ὑπανοὴν
392 1370 427 1387 τοῦ
436 1370 520 1393 χριστοῦ.
547 1368 601 1387 Amet
610 1369 664 1386 etiam
672 1372 689 1386 et
698 1372 792 1386 veneretur

297 1396 326 1413 hic
339 1399 398 1413 coetus
405 1394 502 1413 Ecclesiam
513 1398 530 1413 et
541 1395 632 1412 ministros
639 1393 742 1417 Evangelii,
759 1400 791 1411 nec

297 1422 367 1439 studeat
375 1420 488 1445 ζυγομαχεῖν
495 1424 512 1438 et
519 1421 542 1438 ab
550 1420 575 1437 eis
583 1420 681 1441 dissentire,
694 1420 724 1437 sed
732 1420 791 1443 potius

297 1450 368 1465 tueatur
383 1452 495 1465 communem
511 1445 600 1463 Ecclesiae
616 1445 733 1463 concordiam·
763 1445 790 1463 Sit

535 152 692 177 ALLOQUIA
708 152 747 172 ET
763 152 881 173 BREVES
897 152 1076 173 conelomts.

1266 154 1314 174 tots

812 196 842 215 hic
858 200 919 215 coetus
935 195 1074 220 Philosophicus
1091 195 1186 215 honesturn
1203 196 1313 220 Collegium,

812 222 851 240 Deo
861 223 940 240 serviens
951 222 970 239 in
983 222 1075 240 literarum
1087 226 1104 240 et
1119 222 1195 243 artium,
1211 228 1259 246 quae
1270 227 1312 242 sunt

813 248 860 266 dona
868 247 911 269 Dei,
924 252 942 266 et
951 254 979 265 res
985 253 1053 268 sacrae,
1064 248 1143 266 molodia
1155 251 1171 266 et
1179 248 1312 271 propagatione,

814 279 851 291 non
863 273 886 291 sit
895 279 958 296 agmen
965 273 1064 296 Gigantum
1073 277 1103 291 aut
1110 272 1219 297 Cyclopum,
1232 274 1312 292 furenter

814 299 877 316 ludens
885 299 973 321 fingendis
984 299 1111 322 opinionibus,
1124 299 1171 317 sicut
1178 298 1265 322 Gigantes
1275 306 1313 318 cer-

814 325 876 342 tabant
887 324 999 342 cumulandis
1011 324 1109 343 montibus.
1135 324 1174 342 lmo
1184 324 1242 343 sciant
1251 323 1271 343 hi
1279 325 1313 343 Le-

814 354 871 368 ctores
878 356 928 368 susm
938 350 1084 373 gubernationem
1093 353 1111 368 et
1117 350 1175 368 studia
1182 356 1220 368 non
1229 351 1268 368 fore
1276 351 1313 369 foe-

815 375 864 397 lieia,
875 376 914 393 sine
922 375 1012 398 agnitione
1019 378 1037 393 et
1044 382 1084 393 vera
1094 375 1207 393 invocatione
1213 375 1258 397 Dei,
1272 377 1314 400 quia

815 400 893 419 humana
901 401 986 424 sapientia
994 401 1029 418 nisi
1042 404 1113 424 regatur
1121 404 1139 419 et
1146 401 1242 419 adiuvetur
1249 408 1259 419 a
1268 401 1314 423 Deo,

815 427 866 444 facile
873 427 952 448 deerrat,
964 430 981 444 et
992 429 1044 449 saepe
1053 426 1094 444 totis
1106 427 1189 449 gentibus
1200 427 1276 445 exitialis
1283 431 1313 445 est„

817 452 858 469 ideo
870 452 938 470 dictum
952 455 986 470 est:
1008 451 1083 470 Initium
1096 452 1193 475 sapientiae
1206 452 1261 470 timor
1274 452 1314 471 Dei.

815 477 885 495 Deinde
893 481 910 495 et
917 476 952 495 hoc
963 477 1019 495 sciant
1026 483 1045 495 se
1052 483 1089 494 non
1099 477 1158 495 solum
1169 477 1228 495 literas
1240 481 1258 496 et
1266 482 1315 496 artes

816 509 924 526 proponere,
937 503 967 520 sed
975 503 1028 520 etiam
1036 503 1113 520 invitare
1119 503 1184 521 debere
1192 503 1284 521 auditores
1291 504 1314 521 ad

816 528 924 551 agnitionem
933 528 977 549 Dei,
988 532 1005 546 et
1013 528 1082 546 tradere
1090 528 1198 550 rudioribus,
1211 527 1315 552 κατήχησιν

816 553 919 577 Evangelii*
927 557 944 571 et
952 554 1008 571 multa
1017 553 1037 571 in
1045 553 1123 571 materiis
1131 553 1266 577 Philosophicis
1277 561 1315 572 mo-

817 585 858 597 nere
866 580 888 597 de
894 579 989 597 collatione
995 579 1128 601 doctrinarum,
1139 579 1180 603 quia
1189 580 1208 597 in
1216 585 1236 597 re
1245 583 1314 603 partem

816 605 894 629 aliquam
904 604 1022 623 Ecclesiastici
1034 604 1116 622 muneris
1129 605 1226 626 sustinent,
1242 608 1262 623 et
1275 609 1315 623 sunt

817 629 905 655 συνεγροὶ
914 630 968 649 θεοῦ.
993 630 1067 648 Necesse
1078 633 1104 648 est
1114 630 1169 652 igitur
1177 631 1224 654 ipsos
1231 630 1314 648 Lectores

817 660 835 674 et
847 662 887 674 vere
900 656 957 674 colere
968 655 1037 677 Deum,
1053 659 1070 673 et
1083 656 1130 673 tueri
1139 655 1230 674 Ecclesiae
1240 662 1313 674 concor—

817 682 871 701 diam.
897 681 918 699 Si
930 681 970 705 quis
982 684 1041 699 autem
1055 681 1153 700 ostenderit
1163 687 1182 699 se
1193 680 1313 706 ζυγομαχεῖν,

817 706 867 725 hune
874 707 956 725 Decanus
966 706 1039 725 Rectori
1047 706 1153 724 Academiae
1162 707 1240 730 indicet,
1253 710 1272 725 et
1279 706 1313 725 Re

817 736 865 753 ctor,
876 739 895 750 re
906 732 999 756 inquisita,
1010 732 1072 755 puniri
1080 735 1097 750 et
1108 731 1199 750 coherceri
1207 736 1266 751 curet.

1027 766 1108 787 Quarta.

868 794 896 812 Ex
910 795 953 817 ipsis
967 795 1038 817 collegis
1052 794 1133 819 quolibet
1147 795 1227 813 semestri
1241 796 1312 818 eligatur

818 820 909 841 Decanus,
921 820 951 844 qui
962 824 1065 844 potestatem
1077 819 1142 838 babeat
1152 821 1265 838 convocandi
1275 827 1311 839 cae-

818 849 875 866 teros,
892 846 1004 869 proponendi
1019 852 1047 863 res
1061 846 1195 867 deliberandas,
1211 850 1228 864 et
1239 846 1312 870 rogandi

818 871 924 893 sententias,
941 874 958 889 et
973 871 1020 889 dicat
1034 871 1102 894 primus
1116 871 1233 893 sententiam,
1250 872 1312 890 deinde

819 903 860 914 vero
871 897 981 919 obtemperet
993 897 1020 914 illi
1031 897 1138 918 sententiae,
1151 903 1197 920 quae
1208 898 1256 916 dicta
1267 901 1292 915 est
1303 904 1312 915 a

819 922 882 939 maiori
897 926 955 945 parte,
973 928 1026 945 qnam
1041 923 1060 939 in
1072 922 1152 945 collegio
1164 922 1254 941 bonorum
1267 923 1313 941 vino-

819 954 868 968 rum,
881 951 899 965 et
909 954 946 965 non
958 953 1030 970 prorsus
1041 948 1165 971 imperitorum
1177 948 1265 966 veriorem
1276 954 1313 966 esse

819 976 956 991 consentaneum
969 977 999 992 est.
1034 973 1053 991 Si
1065 973 1105 997 quis
1116 976 1175 991 autem
1187 974 1314 992 contumaciter

819 999 904 1016 detrectat
912 999 1024 1016 autoritatem
1032 998 1099 1016 Deeaui
1108 999 1127 1016 in
1135 999 1239 1021 vocatione,
1252 1000 1267 1017 is
1274 1000 1314 1023 quia

819 1024 916 1042 contemnit
923 1023 976 1042 huius
981 1023 1057 1046 Collegii
1064 1024 1174 1046 societatem,
1185 1025 1271 1048 deinceps
1279 1031 1314 1042 non

819 1050 894 1067 dueatur
902 1055 938 1067 esse
945 1050 1044 1067 membrum
1054 1048 1107 1067 huius
1115 1049 1197 1072 Collegii.
1223 1050 1314 1068 Custodiat

820 1075 871 1093 etiam
883 1075 965 1092 Decanus
979 1075 1055 1096 librum,
1071 1075 1090 1093 in
1105 1081 1141 1099 quo
1156 1076 1203 1098 leges
1213 1079 1232 1094 et
1243 1076 1313 1093 nomina

819 1107 881 1118 eorum
895 1101 959 1124 quibus
974 1101 1095 1119 decernuntur
1109 1101 1173 1123 gradus
1185 1101 1241 1119 scribi
1252 1102 1314 1122 solent,

819 1130 836 1144 et
847 1126 934 1149 sigillum,
948 1130 966 1144 et
975 1130 1024 1144 curet
1032 1127 1078 1144 bona
1086 1127 1120 1144 tide
1127 1127 1229 1145 testimonia
1236 1127 1275 1144 dari
1284 1133 1314 1150 pe-

819 1152 903 1170 tentibus.

870 1176 964 1200 Eligantur
972 1180 1030 1195 autem
1038 1177 1115 1197 Decani,
1128 1183 1164 1195 non
1173 1180 1242 1195 tantum
1251 1177 1314 1196 Lecto-

819 1209 846 1220 res
852 1217 857 1224 ,
870 1203 900 1220 sed
909 1203 961 1220 etiam
968 1203 1031 1220 caeteri
1039 1203 1117 1225 magistri
1125 1203 1156 1226 qui
1163 1203 1182 1220 in
1191 1201 1226 1221 hoc
1235 1202 1313 1226 Collegio

818 1228 902 1251 adscripti
915 1232 966 1249 sunt,
979 1228 993 1245 si
1005 1231 1064 1246 tamen
1077 1234 1098 1245 eo
1110 1232 1189 1251 tempore
1199 1235 1241 1246 curn
1253 1229 1273 1247 fit
1280 1229 1313 1246 ele—

818 1253 853 1271 ctio
863 1253 882 1270 in
891 1252 924 1271 hac
932 1253 1026 1271 Academia
1035 1257 1137 1274 versantur,
1150 1260 1182 1271 nec
1191 1259 1288 1273 accurrunt
1295 1258 1313 1272 ut

818 1277 896 1302 hospites
904 1285 944 1296 mox
952 1283 991 1302 post
998 1279 1120 1301 magistratum
1126 1279 1220 1298 avolaturi.
1242 1279 1267 1298 Et
1271 1280 1312 1298 ordo

818 1308 904 1326 servetur,
917 1310 952 1327 quo
961 1304 1047 1327 adscripta
1055 1308 1097 1322 sunt
1103 1310 1165 1322 eorum
1172 1305 1255 1325 nomina.
1281 1305 1311 1324 sed

818 1330 833 1348 si
843 1330 902 1354 aliqua
915 1330 999 1353 temporis
1009 1330 1055 1348 ratio
1063 1330 1161 1354 postularet
1167 1330 1259 1349 seniorem
1269 1331 1311 1354 eligi,

817 1356 840 1373 sit
847 1354 882 1373 boc
888 1355 969 1378 Collegio
976 1362 1085 1374 concessum.

1025 1391 1107 1411 Quinta.

866 1419 948 1437 Decanus
958 1420 980 1437 de
986 1418 1062 1442 Collegii
1074 1420 1161 1438 sententia
1170 1418 1226 1438 boras
1236 1424 1254 1439 et
1262 1425 1310 1439 mate-

815 1445 851 1463 rias
863 1445 959 1463 lectoribus
970 1445 1073 1467 distribuat,
1089 1449 1106 1463 et
1116 1445 1138 1464 sit
1149 1445 1243 1468 inspector
1253 1447 1311 1465 lectis»
