4748 6022
178 339 278 415 tots

670 332 980 430 ALLOQUIA
1009 333 1085 413 ET
1117 334 1346 414 BREVES
1376 334 1721 416 CONClONES.

2115 355 2212 432 1014

172 535 280 598 num,
306 523 349 581 nt
363 509 410 580 sit
421 508 627 595 assiduitas,
651 522 686 580 e't
700 523 948 603 proponantur
962 511 1075 592 utilia,
1102 535 1168 582 nec
1218 524 1352 582 matum
1384 511 1582 604 praestigiis
1605 512 1864 602 defenduntur,
1896 525 2114 594 consuetudo
2140 524 2207 597 So·

170 616 322 703 longum
350 626 488 705 tempus
514 612 552 681 in
576 613 741 682 materias
763 614 928 699 inutiles,
951 626 1020 685 aut
1043 614 1167 684 inanes
1217 610 1402 704 phistices‚
1425 628 1544 705 postca
1563 615 1770 705 religiones,
1797 632 1830 687 et
1847 641 2134 707 gravissimarum
2148 652 2206 699 re-

172 713 417 788 cavillationes
447 714 578 808 quibus
608 714 759 808 aliqui
748 715 890 804 ingenia
912 728 1086 797 ostentare
1107 739 1165 786 so-

170 819 267 901 lent,
295 816 498 890 collocetur.
550 815 663 906 Saepe
686 817 885 907 cogitentur
906 830 940 888 et
961 843 980 887 a
1002 819 1164 889 docenti-

1216 740 1297 784 rum
1329 716 1600 786 deliberationes
1632 719 1772 803 turbat,
1807 720 1880 790 imo
1909 737 1942 793 et
1971 727 2137 817 privatim
2166 729 2206 798 in
2274 748 2276 753 ·
2308 816 2311 820 ¹

1215 817 1394 887 mentibus
1421 819 1488 887 ciet
1517 841 1663 908 magnos
1686 773 1878 907 tumhltus,
1912 848 2038 920 easque
2061 832 2204 901 tandem

170 919 239 989 bus
262 931 298 988 ct
322 941 343 987 a
367 919 588 990 discentibus
603 913 689 988 haec
704 919 816 1000 dicta,
843 944 995 1014 quorum
1012 921 1162 992 alterum
1214 915 1425 1013 Pyrrhoniis
1450 920 1735 991 dubitationibus
1759 924 1803 992 de
1827 926 2030 1016 relligione,
2067 944 2101 1001 et
2124 932 2204 1001 aliis

170 1017 326 1092 Senecae
360 1034 428 1090 est:
480 1019 721 1091 Necessaria
709 1044 934 1110 ignoramus,
974 1023 1058 1116 quia
1087 1047 1161 1092 non

1212 1021 1336 1093 multis
1357 1023 1463 1092 rebus
1483 1022 1653 1113 implicat.
1706 1020 1934 1115 Experientia
1957 1031 2062 1101 etiarn
2084 1046 2203 1104 ostcn-

170 1123 365 1192 necessaria
386 1123 593 1207 didicimus3
620 1123 769 1193 alterurn
788 1147 872 1193 vero
890 1123 1071 1194 Isocratis:
1099 1146 1162 1195 oo·
1214 1124 1267 1193 dit
1287 1148 1412 1214 pravas
1434 1147 1507 1195 esse
1530 1138 1675 1195 naturas
1697 1139 1730 1194 et
1752 1127 1950 1212 seditiosas,
1978 1156 2068 1225 quae
2083 1148 2203 1205 amant

170 1219 269 1316 φοὺς
293 1219 423 1317 νομίζε
450 1219 503 1319 μὴ
524 1218 612 1304 τούς
631 1220 796 1319 ἀκριβῶς
816 1220 899 1321 περὶ
921 1229 1068 1319 μικρῶν
1088 1224 1161 1321 ior·

171 1321 339 1423 ζέονας,
360 1323 452 1399 ἀλλὰ
480 1321 567 1408 τούς
596 1325 637 1397 ἐν
668 1321 752 1423 περὶ
778 1331 857 1399 τῶν
885 1321 1075 1426 μεγίστων
1105 1324 1161 1399 λε’-

170 1451 319 1524 νοντας

598 1583 731 1650 Sexta.

271 1713 362 1785 Cum
387 1713 649 1785 Illustrissimus
670 1713 840 1804 Princeps
861 1707 1053 1784 Iohannes
1068 1711 1159 1786 Fri-

169 1811 312 1886 dericns
334 1815 415 1888 Dux
438 1816 611 1888 Saxoniae
632 1812 795 1900 Elector,
820 1813 1067 1907 Landgravius
1082 1818 1160 1889 Tu-

168 1919 320 2008 ringiae,
345 1913 511 1989 Marchio
533 1917 688 2011 Mysiae,
715 1933 749 1987 et
764 1915 1003 2006 Burggravius
1017 1918 1159 1990 Meide-

167 2021 370 2111 burgensis‚
419 2021 478 2111 pio
517 2019 686 2102 consilio,
735 2018 911 2109 stipendia
944 2023 1158 2113 pauperibus

168 2117 395 2193 Scholasticis
410 2143 492 2189 suae
506 2116 652 2189 ditionis
667 2118 806 2189 circiter
821 2122 1053 2213 quadraginta
1071 2149 1157 2193 oon·
1220 2179 1228 2193 ,

167 2223 340 2307 stituerit,
364 2236 399 2292 et
424 2221 508 2290 velit
533 2222 723 2314 quotannis
747 2246 869 2291 eorum
892 2224 1008 2293 studia
1024 2226 1080 2294 bis
1097 2250 1157 2295 ex·

166 2324 322 2418 plorari,
357 2323 530 2413 pertineat
560 2347 598 2392 ea
629 2346 683 2393 res
713 2325 755 2392 ad
779 2320 914 2394 Decani
944 2350 1084 2411 curam,
1118 2340 1157 2397 ut

122 2474 124 2479 -
165 2426 404 2495 adolescentes
419 2423 760 2497 mandatoRectoris
774 2441 1024 2512 convocentur,
1051 2441 1084 2498 et
1093 2430 1156 2499 ad-

166 2527 297 2599 iunctis
311 2527 447 2620 aliquot
462 2550 503 2595 cx
517 2523 697 2617 Collegio,
723 2526 854 2617 praesit
870 2527 944 2618 ipse
960 2530 1125 2605 examini.

267 2642 357 2715 Cum
381 2644 476 2714 enim
495 2645 681 2736 praecipue
696 2640 937 2715 Ecclesiarum
952 2669 1054 2716 causa
1071 2643 1156 2719 haec

164 2745 334 2817 beneficia
357 2746 574 2836 pauperibus
592 2745 782 2814 constituta
797 2745 889 2832 sint,
911 2772 986 2816 non
1004 2762 1156 2820 estcon-

166 2849 364 2919 cedendum
385 2861 425 2916 ut
442 2846 551 2915 ociosi
568 2846 762 2916 abutantur
777 2845 988 2918 liberalitate
1004 2852 1156 2942 publica,

165 2953 225 3020 sed
250 2949 503 3041 perficiendum
519 2959 589 3033 est,
613 2961 653 3016 ut
668 2960 759 3016 recte
775 2958 809 3015 et
823 2947 950 3016 ordine
966 2951 1103 3021 discant
1117 2947 1156 3019 hi

166 3052 421 3136 adolescentes,
447 3064 487 3119 ut
508 3049 705 3119 doctrinam
719 3044 906 3138 Evangelii
928 3063 962 3119 et
985 3051 1072 3120 alias
1089 3047 1155 3120 bo-

166 3167 284 3223 nestas
299 3168 390 3224 artes
404 3174 599 3244 propagare
612 3151 766 3242 possint,
792 3174 831 3219 ac
847 3152 1075 3223 meminerint
1089 3153 1155 3245 ipsi

165 3255 404 3325 adolescentes
419 3249 734 3344 saepeApostolica
750 3275 835 3322 voce
850 3253 1068 3345 vituperatos
1084 3279 1157 3325 esse

165 3380 224 3426 eos
245 3357 306 3450 qui
326 3352 519 3425 Ecclesiam
543 3356 775 3441 defraudant,
802 3368 836 3425 et
859 3357 1016 3447 neglecto
1042 3358 1156 3428 officio

164 3458 352 3550 stipendiis
366 3459 545 3528 fruuntur.

266 3574 315 3646 Et
335 3571 373 3645 hi
395 3578 632 3647 adolescentes
653 3599 729 3643 non
751 3587 888 3645 tantum
910 3576 948 3643 in
967 3572 1156 3646 Gramma-

165 3681 254 3764 tica‚
282 3691 316 3748 et
336 3678 516 3747 elementis
531 3671 785 3766 Philosophiae
805 3677 1069 3763 examinentur,
1095 3681 1155 3748 scd

166 3782 272 3851 etiam
295 3780 333 3848 in
355 3780 516 3849 doctrina
533 3775 728 3856 Ecclesiae,
755 3779 942 3871 praecipue
963 3780 1057 3847 enim
1075 3781 1155 3850 ideo

138 3918 141 3922 ¹
165 3879 253 3952 haec
275 3882 444 3952 beneficia
463 3877 627 3973 princeps
643 3879 813 3968 largitur,
840 3905 885 3948 ne
899 3881 1015 3951 desint
1030 3884 1073 3951 ad
1090 3908 1155 3975 po-

164 3984 356 4055 steritatem
376 3980 537 4054 homines
554 3981 674 4052 idonei
688 3983 731 4049 ad
751 3984 927 4052 docendas
942 3980 1128 4056 Ecclesias.

455 4218 457 4222 .
569 4138 752 4224 Septima.

265 4272 429 4344 Decanus
453 4284 569 4357 curet,
595 4285 635 4342 ut
656 4272 784 4343 ordine
805 4271 963 4359 magistri
987 4272 1154 4362 adscripti

164 4379 202 4446 in
230 4372 426 4463 Collegium
453 4376 644 4465 disputent.
714 4371 767 4442 Ac
797 4373 1002 4466 priusquam
1032 4375 1154 4466 dispu-

165 4478 252 4550 tatio
269 4476 409 4568 publice
424 4477 650 4566 proponitur,
676 4475 818 4546 Decano
833 4475 1065 4560 monstretur,
1091 4500 1154 4569 qut

165 4604 239 4649 non
262 4577 431 4648 concedat
452 4579 604 4666 proponi
629 4578 793 4648 materias
817 4578 1006 4663 absurdas,
1038 4578 1153 4664 falsas,

166 4681 301 4753 inanes.
353 4676 423 4749 Sed
441 4676 560 4747 iubeat
574 4703 673 4748 veras
688 4694 721 4749 et
733 4681 936 4771 profuturas
951 4679 1044 4750 vitae
1059 4681 1153 4770 eligi,

119 4835 122 4847 ,
166 4784 261 4875 quod
293 4793 439 4873 propter
466 4779 594 4847 multas
618 4803 738 4848 causas
759 4781 847 4850 utile
870 4795 930 4852 est.
989 4782 1150 4852 Primum

166 4885 260 4952 enim
284 4881 450 4954 conducit
474 4880 582 4948 inseri
604 4902 704 4947 veras
720 4893 752 4948 et
769 4882 881 4951 bonas
896 4883 1083 4971 opiniones
1100 4897 1153 4953 te-

165 4985 262 5055 neris
286 4984 476 5055 mentibus.
528 4978 668 5050 Deinde
690 4981 732 5048 ad
751 5006 907 5051 amorem
923 4983 1080 5052 veritatis
1097 5006 1153 5051 as-

166 5087 303 5156 suefieri
334 5086 573 5168 iuventutem,
615 5082 727 5152 multo
759 5084 886 5153 nielius
918 5096 969 5153 est
997 5081 1153 5174 Reipub.

165 5213 272 5281 quam
296 5191 338 5257 ad
365 5188 521 5257 studium
546 5184 761 5255 defendendi
784 5187 977 5276 paradoxa,
1002 5199 1035 5256 et
1055 5187 1154 5255 labe·

162 5290 320 5362 iactandi
342 5311 546 5358 communes
569 5302 604 5357 et
625 5282 791 5357 honestas
814 5286 1022 5373 sententias,
1056 5313 1154 5356 com·

164 5396 329 5487 probatas
352 5391 445 5460 veris
469 5390 609 5461 iudiciis
629 5389 859 5480 sapientium,
886 5402 920 5457 et
944 5390 1026 5483 quia
1045 5388 1153 5459 Para-

165 5497 257 5567 doxa
280 5518 356 5564 non
378 5492 471 5563 veris
492 5488 727 5582 argumentis,
756 5493 814 5563 sed
841 5504 980 5563 tantum
1002 5487 1152 5585 Sophis-

1213 1225 1383 1295 absnrdas
1405 1242 1439 1297 et
1456 1240 1672 1297 monstrosas
1688 1228 1894 1347 opiniones,
1921 1246 1954 1302 et
1968 1236 2099 1305 artium
2116 1260 2203 1305 eon·

1213 1328 1442 1400 turbationes.
1495 1327 1629 1422 Estque
1653 1330 1874 1402 verissimum
1899 1337 1997 1425 qnod
2017 1337 2110 1406 dixit
2125 1334 2202 1410 Eu·

1212 1430 1361 1521 ripidest
1386 1425 1524 1502 ἐσθλὸν
1549 1426 1591 1502 τὸ
1617 1428 1743 1527 σαφές.

1312 1547 1395 1618 Ideo
1417 1572 1499 1618 vera
1524 1562 1558 1617 et
1576 1563 1669 1618 recta
1684 1562 1940 1640 proponantur.
1992 1552 2066 1624 Nec
2081 1550 2216 1627 existi-'

1211 1653 1381 1720 mandum
1407 1661 1459 1718 est
1480 1651 1557 1719 leve
1578 1652 1781 1722 exercitium
1807 1653 1941 1742 ingenii
1958 1678 2047 1740 esse,
2072 1659 2212 1731 confir-.

1211 1775 1307 1822 mare
1334 1775 1415 1820 vera
1445 1766 1479 1822 et
1508 1753 1681 1843 explicare
1709 1755 1896 1828 contraria.
1949 1755 2086 1828 Multae
2118 1772 2201 1830 sunt

1210 1854 1304 1922 enim
1328 1876 1473 1943 magnae
1496 1877 1619 1923 causae
1641 1855 1679 1923 in
1696 1857 1863 1925 omnibus
1879 1858 2037 1944 artibus,
2066 1862 2104 1929 in
2120 1861 2202 1954 qui-

1211 1956 1275 2025 bus
1299 1969 1420 2025 contra
1443 1955 1624 2025 veritatem
1642 1957 1754 2026 multa
1771 1959 2005 2048 plausibiliter
2022 1961 2202 2049 dicuntur,

1210 2081 1299 2150 quac
1317 2059 1469 2127 refutare
1486 2060 1605 2149 magni
1621 2072 1671 2127 est
1689 2059 1830 2128 artificis
1848 2061 1884 2127 in
1901 2086 1964 2130 suo
1980 2085 2117 2152 genere.

1308 2174 1388 2246 Hoc
1410 2176 1518 2264 igitur
1539 2176 1744 2245 exercitium
1768 2201 1944 2258 amemus,
1971 2205 2053 2250 vera
2070 2184 2200 2252 confir-

1209 2279 1330 2346 mandi
1354 2294 1387 2349 et
1411 2278 1599 2348 evolvendi
1616 2302 1657 2348 ex
1677 2278 1749 2348 illis
1767 2280 1963 2372 praestigiis
1978 2307 2069 2377 quae
2086 2309 2200 2377 oppo-

1207 2392 1355 2453 nuntur.

1307 2495 1427 2566 Liceat
1445 2497 1549 2567 etiam
1566 2494 1708 2567 Decano
1726 2511 1760 2568 et
1775 2499 1855 2568 aliis
1870 2500 2059 2571 lectoribus
2076 2525 2200 2574 aman·

1208 2610 1261 2666 ter
1283 2612 1317 2668 et
1341 2599 1535 2670 iuventutis
1560 2598 1772 2669 erudiendae
1789 2624 1891 2671 causa
1909 2602 2090 2686 interfari,
2117 2628 2198 2673 cum

1208 2701 1391 2790 responsio
1409 2701 1526 2794 aliqua
1541 2701 1714 2791 displicet,
1740 2715 1783 2771 ut
1795 2702 1832 2773 fit
1851 2705 1890 2771 in
1900 2704 1978 2773 aliis
1987 2701 2200 2791 Academiis,
2305 2795 2313 2799 ἱ

1211 2802 1274 2872 ubi
1298 2825 1337 2869 ea
1364 2816 1415 2871 est
1432 2804 1528 2873 inter
1542 2801 1708 2872 Lectores
1724 2804 1971 2876 benevolentia
1989 2821 2128 2890 mutua,
2153 2831 2200 2876 ne

1208 2904 1287 2996 quis
1302 2905 1502 2993 arrogantia
1513 2918 1574 2974 aut
1588 2899 1803 3000 pateremini,
1820 2906 1878 2974 vel
1888 2907 2090 2998 interpellet
2099 2908 2198 2994 alios,

1209 3005 1264 3072 vel
1295 3005 1522 3096 interpellare
1552 3007 1789 3092 existimetur,
1823 3008 1882 3076 sed
1909 3021 1949 3079 ut
1971 3010 2010 3077 in
2032 3009 2212 3088 convivio,

1147 3153 1155 3169 .
1207 3105 1382 3174 familiare
1415 3121 1448 3176 et
1479 3132 1585 3177 suave
1614 3109 1832 3201 colloquium
1853 3109 1947 3180 inter
1968 3110 2100 3180 amicos
2122 3134 2197 3182 esse

1208 3206 1362 3280 ducitur.
1414 3205 1486 3277 Nec
1508 3209 1664 3298 profecto
1688 3210 1762 3278 ulla
1786 3223 1836 3279 est
1859 3211 1999 3282 dulcior
2022 3207 2198 3284 cantilena

1207 3309 1322 3377 bonae
1345 3309 1475 3395 menti,
1507 3331 1612 3401 quam
1636 3311 1759 3379 audire
1780 3311 1875 3380 viros
1897 3316 2091 3406 sapientes,
2116 3339 2198 3405 gra-

1207 3432 1287 3492 ves,
1313 3409 1464 3494 amicos,
1488 3410 1646 3478 veritatis
1664 3423 1838 3493 amantes,
1866 3414 2003 3503 placide
2022 3437 2101 3485 snas
2119 3418 2198 3507 opi-

1208 3512 1333 3580 niones
1356 3511 1593 3594 conserentes,
1620 3524 1654 3579 et
1667 3510 1705 3577 in
1722 3511 1783 3579 tali
1798 3512 1987 3584 collatione
2002 3515 2198 3603 veritatem,

1208 3614 1262 3682 vel
1280 3613 1529 3702 investigantes
1546 3614 1601 3681 vel
1617 3612 1844 3684 illustrantes.

1309 3729 1511 3816 Postremo,
1542 3731 1573 3799 si
1603 3730 1683 3823 quis
1716 3731 1860 3800 confuse
1888 3729 1965 3799 sine
1994 3730 2197 3806 Dialecticis

1207 3833 1350 3918 lormis,
1383 3848 1444 3903 aut
1476 3828 1732 3923 stomachosius
1761 3833 1896 3902 rixatur
1918 3834 2054 3922 potius,
2089 3861 2196 3929 quam

1207 3937 1381 4026 disputat,
1407 3949 1468 4005 aut
1488 3937 1591 4005 etiam
1611 3934 1848 4020 conviciatur,
1874 3933 1968 4004 dicat
1984 3958 2015 4003 er
2006 3935 2196 4012 Decanus

1206 4040 1301 4131 qnod
1317 4036 1478 4108 Socrates
1492 4035 1643 4106 Menoni
1657 4038 1751 4127 apud
1768 4035 1952 4107 Platonem
1968 4030 2028 4108 det
2040 4033 2197 4135 πραότε-

1207 4163 1274 4233 ρον
1295 4165 1372 4220 πως
1385 4165 1447 4210 και
1436 4131 1788 4230 διαλεκτικωτερον
1805 4131 2086 4232 ἀποκρινεσθαι.
2139 4141 2194 4216 Sit
2302 4228 2304 4233 ⁸

1206 4241 1310 4310 etiam
1334 4240 1491 4311 monitor
1511 4240 1701 4310 lectoribus
1715 4241 1856 4331 linguae
1872 4239 2021 4326 latinae,
2046 4256 2080 4313 et
2094 4266 2194 4333 grac-

1205 4366 1284 4428 cae,
1310 4355 1344 4410 et
1367 4342 1564 4411 dialectices
1588 4355 1629 4412 ut
1650 4355 1775 4411 curent
1794 4342 1921 4426 scribi,
1946 4343 2088 4414 recitari
2113 4347 2194 4418 lati·

1143 4476 1152 4493 ·
1204 4468 1268 4514 nas
1281 4446 1571 4524 declamationes,
1597 4456 1630 4513 et
1645 4458 1850 4533 argumenta
1867 4442 1950 4535 eligi
1967 4439 2127 4518 honesta.

1618 4650 1779 4716 Octava.

1306 4782 1358 4853 De
1379 4783 1546 4871 gradibus
1561 4795 1720 4853 servetur
1736 4781 1972 4865 consuetudo,
1995 4781 2078 4875 quia
2093 4807 2190 4854 com·
2231 4829 2236 4834 -

1205 4885 1359 4975 perimus
1379 4883 1505 4953 studiis
1526 4885 1699 4976 proluisse
1718 4893 1754 4949 et
1776 4882 1939 4971 prodesse
1954 4883 2131 4970 examina,
2156 4901 2190 4957 ct

1204 5010 1283 5055 cnm
1309 5008 1345 5052 se
1373 4987 1418 5055 ad
1445 4987 1574 5076 gradus
1595 4996 1805 5075 praeparant
1825 4983 1990 5070 iuvenes,
2020 5009 2075 5055 res
2097 4988 2190 5077 cogit

1204 5110 1261 5157 eos
1291 5088 1394 5157 certis
1416 5088 1552 5158 artibus
1575 5083 1778 5169 immorari,
1810 5087 1905 5178 quod
1924 5099 1965 5156 ut
1987 5089 2096 5177 magis
2118 5090 2188 5170 liat,

1202 5189 1315 5258 sciant
1329 5190 1479 5260 studiosi
1494 5212 1559 5257 nos
1576 5187 1736 5256 examina
1751 5210 1824 5255 non
1840 5188 1879 5255 in
1894 5187 2190 5275 cavillationibus,

1202 5305 1263 5362 aut
1281 5292 1408 5361 ociosis
1431 5289 1697 5384 quaestionibus
1720 5304 1990 5381 consumpturos
2013 5312 2102 5371 esse,
2127 5293 2188 5361 sed

1202 5394 1240 5461 in
1264 5393 1461 5485 praecipuis
1484 5392 1613 5462 artium
1635 5390 1810 5476 materiis,
1843 5391 1883 5459 in
1902 5389 2123 5477 Dialectieis‚
2155 5407 2190 5463 ct

1201 5490 1381 5591 Physicis,
1406 5488 1659 5632 Arithmptica,
1680 5490 1856 5578 Euclide,
1878 5487 2049 5584 Sphaera,
2070 5490 2192 5565 Theo-
