4748 6022
281 157 357 235 sos
993 147 1322 231 canutuuu
1370 149 1476 227 ma.
1502 148 1582 225 111.
2228 160 2314 236 000

286 329 568 423 cognomenque
580 339 681 403 vetus
697 324 840 398 Masuri
858 350 877 397 a
892 325 1001 421 stirpe
1018 340 1164 419 paterna
1322 323 1383 398 Sic
1398 325 1504 395 etiam
1520 325 1679 400 lacerant
1696 327 1849 398 audaces
1862 322 1940 399 iura
1953 328 2113 424 tyranni,

336 431 565 504 Conveniens
580 431 706 500 studiis
723 433 818 524 quod
834 444 952 499 tamen
969 431 1045 500 eius
1061 443 1146 503 erata
1373 423 1592 522 Astreaeque
1606 451 1709 498 suum
1718 424 1750 524 ⁴)
1767 455 1873 524 quem
1889 430 1990 501 dabit
2004 432 2086 503 aula
2102 432 2221 502 locum
2230 428 2276 527 ⁸),

287 535 380 607 Nam
397 535 466 604 fuit
483 535 655 624 interpres
671 534 789 622 legum
807 545 994 625 custosque
1009 555 1199 620 sacrarum,
1323 525 1436 623 Inque
1452 530 1531 599 foro
1542 531 1672 622 passim
1685 527 1875 628 regnant⁸)
1888 546 2023 603 terrore
2041 534 2171 605 dolove

340 636 439 726 Quas
454 636 546 705 vitae
559 657 721 704 normam
739 634 886 703 tradidit
900 656 972 702 esse
986 630 1094 705 Deus.
1372 627 1421 701 Et
1438 632 1533 703 bona
1548 633 1699 724 pugnaci
1716 634 1857 704 vindice
1872 657 1976 704 causa
1993 647 2099 711 caret.

290 737 514 829 lustilicaque
530 737 599 807 lide
613 735 720 806 coluit
737 747 771 806 te
787 735 940 804 maxime
951 729 1106 823 Christe,
1324 729 1463 803 Interea
1480 746 1599 803 tamen
1615 758 1688 804 esse
1703 732 1780 806 Deo
1794 735 1959 806 mortalia
1976 748 2092 824 curae,

341 839 489 911 Sincero
502 839 633 909 faciens
651 850 790 928 pectora
805 849 886 906 vota
902 834 980 907 tibi.
1374 831 1440 918 Et,
1459 835 1567 919 scito,
1591 859 1724 927 poenas
1738 837 1848 929 impia
1865 839 1955 907 facta
1971 839 2084 932 sequi.

290 941 378 1016 Esse
394 938 580 1034 Deumque
595 939 709 1009 sciens
723 939 904 1032 aequalem
922 938 1081 1033 aequalia
1097 937 1241 1025 amavit,
1324 930 1421 1024 Ergo
1456 931 1609 1032 donet⁷)
1641 951 1781 1008 coetum
1806 934 2017 1034 Christus⁸)
2050 940 2315 1036 profugumque

341 1041 450 1114 Rexit
464 1056 498 1111 et
515 1041 679 1112 indubio
697 1040 825 1110 iudicis
838 1063 901 1110 ora
921 1041 1011 1113 foro.
1835 1039 2017 1135 piumque,

290 1146 395 1218 Nunc
412 1144 537 1212 morbo
553 1143 742 1219 extinctus.
759 1143 853 1234 quod
870 1165 931 1233 spe
947 1142 1108 1234 votisque
1125 1141 1276 1231 petebat,
1374 1132 1429 1209 Ac
1446 1139 1627 1211 auditores
1642 1152 1802 1232 proteget
1816 1141 1891 1235 ipse
1907 1165 2001 1217 suos.

343 1244 387 1316 ln
400 1242 534 1335 gremio
552 1245 640 1314 vivit
655 1243 807 1312 maxime
820 1239 961 1315 Christe
979 1257 1054 1315 tuo.
1545 1250 1550 1257 '

292 1348 371 1420 Hoc
385 1347 503 1440 posuit
517 1346 672 1417 coniunx
688 1360 959 1416 monumentum
976 1344 1045 1416 fids
1064 1345 1200 1431 marito,

342 1449 425 1523 Non
440 1450 519 1520 ficta
532 1442 715 1520 Christum
731 1471 821 1542 quae
834 1448 962 1540 pietate
974 1448 1072 1519 colit.

2122 1427 2314 1444 “q

1352 1555 1421 1628 No.
1437 1523 1525 1632 eso.
1933 1563 2107 1648 (same.
2120 1585 2155 1634 a
2169 1571 2318 1653 austu.)

1223 1653 1546 1693 ’Μ
1960 1667 2317 1707 Μ

293 1808 361 1883 No,
380 1809 467 1882 234,
1115 1810 1278 1876 'll-1548·
1368 1768 1445 1834 '5ss¹
1462 1785 1558 1843 tpogr.
1578 1770 1607 1825 in
1629 1768 1825 1828 eodilane.
1843 1771 1888 1826 89.
1908 1789 1957 1829 no.
1971 1773 2020 1830 tt
2040 1775 2135 1832 inito.
2154 1793 2184 1850 p.
2200 1775 2271 1851 29).
2341 1754 2344 1759 ⁵

1108 1901 1279 1930 νυν

365 2010 447 2080 Apud
461 2009 588 2064 Vincent-
599 2027 625 2081 p.
641 2006 687 2067 98.
702 2015 729 2061 et
741 2007 770 2061 in
784 2006 898 2078 Scriptis
913 2004 991 2079 publ.
1002 2005 1035 2063 Τ.
1050 2006 1083 2066 ΙΙ.
1096 2026 1123 2078 p.
1137 2006 1179 2062 52.
1743 1947 1811 2023 Ph·
1837 1953 1889 2023 M.

308 2162 565 2264 Epitaphium
590 2165 854 2241 Benedicti
877 2169 1036 2256 Pauli,
1062 2171 1265 2239 Iuriscons.
1330 2093 2123 2291 ΟΠὲἶξῗῖὧθὲξὲᾏ[ξᾟῒῆῗρῗὲὲῗῑέῗε

294 2322 436 2412 Frigida
454 2321 490 2389 in
506 2315 573 2389 hoc
585 2320 722 2388 tumulo
731 2317 916 2388 Benedicti
931 2318 1089 2387 membra
1103 2331 1280 2409 teguntur,
1328 2297 1463 2370 Divino
1481 2325 1586 2419 quarn
1602 2302 1629 2370 ei
1645 2325 1761 2390 mores
1775 2324 1939 2372 sermone
1954 2306 2131 2392 gubernes

344 2423 551 2513 Cognomeu
565 2421 666 2491 Pauli
685 2422 745 2513 qui
761 2421 912 2510 patrium
932 2422 1057 2493 tenuit.
1380 2399 1428 2473 Εῐ
1444 2402 1536 2471 bona
1555 2425 1586 2470 st
1600 2426 1687 2492 pura
1703 2405 1850 2474 numina
1870 2416 1986 2473 ruente
2001 2407 2108 2480 colas.

294 2524 428 2596 Doctor
444 2538 519 2593 erat
535 2523 642 2608 luris,
668 2523 799 2590 virtute
813 2536 960 2591 ornatus
979 2534 1012 2589 et
1029 2534 1117 2604 arte,
1328 2499 1443 2593 Εΐὸὓ,
1468 2514 1584 2620 Ρξῑθῑ»
1610 2505 1740 2623 ὅόῐξΰῑῑδ
1757 2505 1847 2575 νῦῑῑδ
1862 2517 1915 2586 les
1941 2528 2097 2594 summe,
2116 2528 2316 2599 precamur,

231 2638 241 2652 ⁸
344 2623 499 2719 Eloquio
516 2625 649 2706 clarus,
672 2622 826 2719 ¹consilio
843 2635 948 2713 atque
965 2621 1044 2692 fide.
1380 2603 1566 2694 lugentum
1584 2607 1688 2675 nobrs
1703 2620 1743 2677 ut
1757 2607 1891 2698 puerile
1906 2630 2014 2697 regas,

295 2726 466 2798 Saxouiae
485 2726 635 2795 ducibus
651 2724 824 2793 sententia
841 2745 942 2813 saepe
959 2724 1105 2813 probata
1120 2738 1172 2795 est
1329 2704 1420 2776 cum
1437 2706 1551 2775 Vafltss
1566 2707 1658 2777 lssler
1673 2707 1823 2779 lactetur
1836 2710 1907 2778 vlla
1923 2707 2096 2800 procellas

348 2827 478 2919 Ipsius,
503 2842 537 2896 ct
552 2826 686 2916 patriae
702 2824 836 2916 profuit
851 2824 911 2891 ille
925 2846 1019 2897 suae,
1380 2804 1427 2878 Et
1442 2808 1601 2897 fragilem
1618 2808 1721 2879 toties
1739 2811 1867 2881 obruat
1881 2811 1976 2880 unda
1992 2824 2113 2883 ratem.

296 2928 519 3022 lustiticaque
537 2928 606 2996 fide
623 2927 792 3018 quoniam
808 2938 842 2996 te
861 2919 1002 2996 Christe
1016 2925 1165 3010 colebat,
1330 2909 1391 2978 Mt
1400 2908 1585 2980 miserum!
1609 2906 1691 2980 Non
1705 2923 1756 2981 est
1772 2906 1839 2981 hoc
1853 2911 1946 2983 tristi
1956 2925 2112 3002 tempore
2120 2913 2314 3009 quisquam

346 3030 546 3122 Conspectu
564 3028 695 3099 fruitur
711 3049 810 3096 mens
827 3028 932 3096 modo
947 3026 1039 3096 laeta
1054 3024 1134 3098 Dei.
1381 3008 1525 3080 Auxilio
1544 3011 1650 3083 tantis
1666 3012 1728 3107 qui
1746 3026 1851 3106 queat
1866 3035 1939 3082 esse
1954 3013 2066 3087 malis.

1330 3111 1389 3183 Tu
1404 3126 1523 3181 tamen
1537 3137 1621 3195 oro,
1647 3127 1766 3204 pater,
1792 3115 1949 3205 placidos
1962 3113 2136 3184 ostendito
2154 3115 2289 3204 vultus,
2320 3200 2322 3205 s

1378 3209 1426 3283 Et
1442 3237 1587 3306 quassae
1606 3215 1939 3313 ambiguumdirige
1953 3215 2054 3285 navis
2069 3209 2147 3290 iter.

1328 3314 1436 3386 Nulla
1451 3314 1580 3385 animis
1595 3340 1721 3386 aurum
1738 3318 1877 3389 confert
1890 3317 2014 3388 solatis
2030 3316 2160 3388 uostris

291 3392 358 3464 ΝΟ·
374 3391 461 3466 ²35·
1076 3395 1140 3475 (⁰¹1·
1155 3395 1266 3475 ¹⁵4⁸)
1376 3414 1476 3489 Lana
1492 3440 1557 3486 nec
1571 3411 1718 3512 Assyrio
1740 3420 1873 3488 murice
1887 3419 1997 3490 tincta
2011 3419 2119 3490 iuvat.

342 3589 361 3655 †
381 3585 419 3638 Er
439 3582 608 3654 autographo
628 3583 697 3639 Mel.
717 3582 745 3636 in
764 3581 827 3639 eod.
846 3582 947 3637 Dresd.
964 3582 1030 3638 coll.
1049 3580 1149 3640 Seidel,
1167 3600 1214 3637 no.
1233 3583 1276 3636 40.
1327 3518 1451 3592 sermo
1468 3533 1550 3637 lul„
1566 3521 1688 3605 nobi⁸’
1713 3533 1813 3612 pater
1828 3521 1980 3612 optime'
2006 3519 2080 3590 ⁸⁰¹³
2096 3522 2277 3633 voluptu’.

319 3665 323 3671 ·
396 3652 835 3722 sumamus.perseam.
856 3680 889 3697 -
926 3651 1277 3721 itemspogrsph.ineod.
1380 3619 1418 3689 ld
1436 3615 1525 3690 anthr
1543 3645 1707 3690 curarum
1723 3622 1824 3691 dulce
1839 3624 2001 3693 levamen
2015 3624 2123 3692 adest.

393 3722 508 3844 {8¹¹th
522 3723 563 3779 ⁸9·
578 3742 624 3776 ¹¹⁰·
638 3722 683 3778 Vl·
701 3741 728 3793 Ρ·
743 3720 791 3775 55·
804 3731 835 3801 5¹
850 3721 949 3775 iterum
971 3720 998 3773 ⁵¹¹
1020 3722 1082 3775 ωδ·
1104 3723 1214 3774 Monac.
1232 3720 1275 3775 ⁹⁰·
1325 3719 1373 3793 Et
1392 3721 1491 3814 prius
1508 3723 1699 3794 abscondet
1716 3724 1832 3793 clarus
1849 3749 1911 3795 sua
1926 3724 2062 3794 lumina
2077 3719 2256 3809 Phoebus,

446 3811 493 3862 .p.
511 3793 555 3845 27.
573 3821 608 3834 -
644 3789 706 3860 Qus
722 3808 867 3845 occasione
887 3791 948 3845 dete
961 3789 1124 3843 Melanthon
1142 3788 1192 3844 hos
1210 3807 1276 3843 ver·

390 3879 437 3916 sus
448 3859 607 3931 scripserit,
625 3859 761 3914 incertum
775 3867 825 3913 est.
860 3858 987 3912 Fortasse
1006 3858 1143 3913 referendi
1160 3858 1275 3913 suntad
1378 3823 1535 3943 Mmf'bll
1547 3824 1671 3894 faciem
1689 3825 1838 3896 candida
1854 3824 1956 3897 Luna
1972 3848 2084 3910 mame

393 3929 534 3986 sauma
547 3931 589 3986 set
604 3926 681 3983 ¹⁶4⁹·
1325 3923 1401 3998 Ulls
1417 3941 1470 3995 tur
1486 3950 1593 4019 quam
1612 3951 1677 3996 nos
1694 3928 1838 4019 cupient
1849 3928 1983 3997 oblivio
1999 3926 2100 3997 verbi

699 4083 861 4155 omen
1375 4023 1429 4098 Ex
1441 4027 1631 4121 animoque
1644 4033 1770 4101 cedant
1785 4054 1890 4124 quem
1906 4043 1967 4102 tua
1982 4029 2075 4100 dicta
2092 4051 2183 4100 meo.

288 4234 369 4305 Vita
385 4229 541 4304 humana
558 4237 664 4305 decus
680 4258 754 4304 non
770 4232 886 4304 maius
894 4228 920 4329 ¹)
937 4233 1093 4325 possidet
1106 4230 1234 4318 ullum,

339 4335 456 4425 Quam
471 4337 581 4406 iustas
604 4338 696 4426 leges
711 4334 946 4431 notitiamque
961 4335 1029 4409 dei.

288 4435 405 4508 'l'nnta
422 4438 481 4505 sed
498 4439 655 4528 ingratae
665 4432 694 4524 ²)
709 4450 943 4508 contemnunt
960 4459 1107 4507 munera
1123 4449 1270 4522 mentes,
1332 4453 1399 4525 No,
1416 4453 1504 4527 237,
2130 4484 2180 4527 gn,
2211 4461 2306 4527 1549,

337 4540 436 4630 Quas
453 4562 559 4609 omne
574 4541 613 4608 in
630 4538 757 4607 vitium
772 4562 873 4608 caeca
890 4538 1004 4608 libido
1022 4530 1144 4608 trahit.
1329 4548 1501 4577 Ἃ
2126 4550 2301 4603 Μ

281 4637 378 4734 Ergo
394 4655 570 4713 conantur
586 4640 751 4712 coelestia
767 4640 890 4711 l0llel‘0
908 4641 1015 4724 (litia,
1281 4638 1284 4644 .
1373 4663 1491 4718 cumen
1508 4660 1537 4717 in
1556 4652 1706 4721 Ptolemaei
1725 4664 1825 4721 librum
1844 4668 1951 4724 editum
1967 4667 2001 4725 ab
2015 4666 2131 4723 Bressos
2148 4665 2306 4722 Reinholdo

334 4743 408 4833 Qui
422 4768 520 4815 sacra
535 4747 547 4814 i
551 4770 572 4815 n
585 4754 751 4838 questura
766 4756 903 4813 vertere
915 4735 1078 4834 fraude')
1095 4741 1220 4817 solent.
1421 4748 1466 4803 ²9·
1476 4731 1602 4788 Vim·
1615 4752 1643 4807 t·
1659 4735 1720 4792 ²⁶⁶·
1740 4754 1840 4807 ΨΜ
1859 4739 1888 4792 5¹¹
1901 4737 1968 4796 Met.
1982 4740 2063 4811 epist.
2077 4735 2140 4796 V⁰l
2152 4736 2187 4794 ¹¹·
2201 4752 2231 4807 p.
2244 4736 2305 4800 ⁴0⁵·

283 4841 331 4914 Ili
350 4849 504 4932 perdunt
520 4843 654 4919 Christi
669 4840 833 4940 ferroque
850 4844 996 4938 ignique
1012 4843 1206 4931 ministros,
1320 4877 1525 4892 -—·--

332 4946 382 5017 lli
399 4948 554 5038 pingam
565 4951 655 5021 fucis
670 4950 834 5040 dogmata
849 4947 935 5016 falsa
951 4945 1064 5016 novis.
1351 4960 1381 5027 t)
1398 4960 1487 5022 codd.
1501 4961 1581 5017 Mon.
1593 4965 1694 5021 tuum.
1821 4950 1826 4957 ’

277 5084 488 5106 .-.-.---
1173 5106 1184 5121 „
1351 5050 1382 5122 6)
1399 5047 1487 5105 Codd.
1501 5048 1581 5106 Mon.
1596 5066 1690 5108 suunt.

312 5146 340 5212 t)
359 5140 447 5199 cota.
464 5137 545 5193 Mon.
563 5141 660 5194 maius
675 5157 742 5196 noa.
1350 5137 1381 5204 6)
1401 5138 1504 5208 Apogr.
1516 5136 1614 5192 flersd.
1627 5147 1742 5204 regnet·

311 5228 341 5295 2)
363 5226 452 5282 codd.
466 5223 546 5278 hlon.
563 5226 615 5277 sed
633 5232 717 5277 tenta
733 5225 806 5292 ingr.
1350 5221 1382 5290 t)
1396 5220 1487 5277 coda
1499 5221 1580 5280 Mon.
1597 5225 1688 5278 docet.
1724 5255 1727 5261 ·

311 5315 341 5386 8)
362 5313 450 5371 Codd.
466 5312 550 5370 Mon.
569 5309 735 5381 qutsraude
746 5312 916 5381 inquestum
927 5318 1039 5366 vertere
1051 5323 1147 5367 sowa.
1282 5371 1285 5375 ,
1351 5312 1380 5380 8)
1400 5308 1506 5382 Apogr.
1517 5307 1616 5367 Gersd.
1635 5309 1788 5401 choium.
