4748 6022
170 322 243 399 ou
615 313 928 409 annocum
977 311 1052 389 ar
1102 303 1337 387 nnnvas
1387 302 1740 382 sonorosus.
2120 303 2241 382 osa·¹

273 493 366 568 Cum
382 508 500 566 autern
515 491 675 588 quotidie
696 504 939 585 praeceptores
952 502 1087 560 vestros
1115 487 1159 556 ed
1208 483 1289 552 dem
1311 503 1447 573 poenae
1470 480 1685 573 oppriment.
1738 476 1810 550 Sed
1834 480 1880 549 de
1902 477 2048 549 caeteris
2066 478 2193 565 dicam,

171 601 343 691 dignitate
375 622 415 668 ac
438 598 475 666 vi
497 597 615 686 legum
637 597 803 665 docentes
829 617 870 663 ac
903 591 1159 684 praecipientes
1207 609 1360 678 quorum
1383 606 1500 652 mores
1526 598 1610 653 suot
1636 583 1708 674 apti
1735 582 1890 671 legibus,
1920 576 1987 652 hos
2010 575 2195 669 adhortor,

171 701 342 786 audiatis,
368 725 442 770 non
456 713 538 771 utar
551 697 711 789 longiore
728 696 956 788 praefatione.
998 692 1156 764 Tantum
1206 701 1246 757 ut
1270 710 1306 756 se
1333 686 1376 755 ad
1400 686 1518 775 legum
1540 709 1695 754 amorem
1720 700 1753 756 et
1778 685 2011 754 reverentiam
2037 685 2192 753 assuefa-

170 830 234 876 vos
251 802 522 888 Adolescentes,
548 802 667 896 quiin
683 799 812 869 studiis
833 799 1018 869 literarum
1038 820 1157 865 versa·
1205 789 1311 862 ciant.
1338 787 1428 857 Tale
1442 789 1660 881 tyrocinium
1675 800 1793 878 postea
1810 787 1848 854 in
1861 787 2002 880 ¹reliqua
2018 787 2090 856 vita
2107 786 2191 879 plu·

170 909 280 987 mini,
307 903 451 991 hortor,
475 929 521 973 ne
546 917 662 975 vestro
687 901 803 971 officio
827 903 945 972 deesse
960 899 1096 983 velitis,
1121 912 1156 968 et
1203 891 1334 960 timum
1348 892 1504 982 prodest.
1555 889 1647 959 Nam
1672 886 1756 959 haec
1776 889 1959 978 diligentia
1985 913 2190 971 commone-

168 1024 210 1082 ut
233 1035 307 1079 oon
336 1022 474 1079 tantum
500 1005 651 1077 audiatis
674 999 769 1074 hanc
800 1003 918 1094 legum
942 1000 1156 1093 publicatio·
1203 994 1286 1063 facit
1301 994 1404 1064 rudia
1421 992 1562 1083 ingenia
1579 992 1622 1061 de
1637 994 1750 1062 causis
1764 992 1899 1082 legum,
1931 1015 2018 1084 quas
2041 991 2189 1078 cogitari

169 1138 270 1198 nem,
295 1113 354 1181 scd
374 1110 480 1183 etiam
496 1131 632 1179 summa
647 1131 731 1176 cura
744 1106 918 1185 studeatis
934 1105 1006 1174 vita
1029 1119 1063 1174 et
1077 1127 1155 1172 mo-
1204 1110 1237 1166 ct
1261 1096 1444 1179 meditari,
1470 1095 1641 1187 sapientia
1666 1108 1717 1164 cst
1738 1090 1883 1163 homine
1899 1092 2127 1183 dignissima,
2154 1105 2189 1161 et

170 1217 271 1285 ribus
291 1214 364 1282 illis
380 1237 512 1305 parere.
564 1209 671 1281 Scitis
693 1209 790 1277 enim
814 1205 930 1278 Deum
953 1202 1046 1275 hanc
1069 1207 1155 1276 obe·
1203 1199 1301 1267 utilis
1321 1199 1499 1282 muribus,
1524 1213 1557 1268 et
1578 1198 1689 1265 flectit
1711 1197 1851 1265 animos
1875 1198 1919 1265 ad
1943 1198 2132 1278 virtutem,
2153 1207 2188 1263 et
2219 1218 2221 1224 ⁴

170 1318 341 1387 dientiam
352 1311 896 1405 nonminusrequirereavohis‚
914 1333 1021 1403 quam
1035 1308 1066 1376 si
1080 1309 1153 1399 ipsc
1201 1301 1346 1392 rapidos
1369 1301 1521 1391 impetus
1545 1295 1717 1372 cohercet.
1773 1297 1881 1367 Nulla
1916 1323 1985 1367 vox
2019 1291 2188 1380 humana,

170 1443 235 1490 suo
249 1420 360 1507 digito
378 1413 440 1486 has
455 1417 549 1506 leges
564 1414 837 1506 conscripsisset.
883 1409 1006 1504 ltaque
1024 1424 1059 1480 et
1071 1410 1154 1501 pul·
1204 1403 1303 1472 nulla
1320 1404 1544 1494 eloquentia,
1564 1402 1648 1470 satis
1666 1402 1837 1492 explicare
1853 1412 1987 1491 potest,
2014 1413 2188 1490 quamam

168 1516 343 1591 cherrima
367 1521 523 1612 praemia
549 1515 736 1607 proposuit
760 1514 851 1595 illis,
883 1515 946 1608 qui
969 1516 1151 1604 obtempe-
1202 1507 1337 1575 adferat
1355 1505 1519 1576 utilitatis
1545 1504 1732 1572 mediocris
1761 1516 1899 1573 tantum
1921 1525 2005 1570 cura
2028 1499 2188 1588 discipli·
2227 1593 2229 1597 ,

169 1636 269 1704 rant,
305 1635 340 1692 et
367 1621 523 1691 vicissim
556 1615 747 1689 horribiles
775 1623 906 1707 poenas
934 1617 1024 1701 illis,
1064 1639 1155 1709 quae
1202 1631 1283 1676 nae:
1331 1605 1494 1677 Primum
1516 1603 1592 1677 Deo
1618 1622 1715 1696 graia
1738 1619 1807 1686 est,
1839 1617 1958 1676 [uelut
1979 1601 2092 1671 mulla
2115 1602 2186 1670 Dei

168 1725 425 1796 contumaciter
446 1733 665 1813 repugnant,
701 1721 792 1791 sicut
819 1719 938 1812 inquit
966 1719 1153 1810 scriptura:
1201 1709 1389 1794 beneficia,
1414 1710 1580 1802 impetrat
1594 1706 1828 1800 Reipublicae
1851 1729 1977 1795 magna
2000 1704 2185 1774 commoda

127 1861 134 1873 r
168 1824 358 1897 Calamitas
374 1839 408 1897 et
424 1826 584 1897 confusio
598 1824 732 1895 accidet
748 1818 822 1907 his,
850 1822 911 1915 qni
927 1821 1057 1891 nolunt
1081 1820 1154 1911 pati
1202 1837 1221 1881 a
1239 1810 1333 1893 Deo,
1359 1825 1478 1882 tuetur
1500 1835 1647 1903 corpora
1673 1826 1708 1882 et
1730 1810 1989 1892 valetudinem,
2017 1806 2119 1876 radix
2135 1820 2187 1875 cst

168 1929 414 2020 disciplinam,
439 1928 551 2021 etqui
568 1930 814 2018 obtemperant
830 1924 1061 2008 correctioni,
1087 1918 1152 1991 ho.
1203 1928 1237 1984 et
1258 1909 1439 1983 inchoatio
1462 1915 1623 1984 omnium
1646 1913 1839 1994 virtutum,
1863 1910 2006 1982 instruit
2031 1907 2186 1998 ingenia,

167 2055 254 2101 nore
275 2033 485 2102 afficientur,
1203 2031 1240 2085 ut
1258 2017 1394 2106 possint
1409 2039 1481 2085 esse
1497 2017 1578 2086 usui
1593 2012 1770 2085 Ecclesiae
1785 2028 1819 2085 et
1835 2013 2079 2106 Reipublicae.
2118 2007 2186 2077 His

538 2145 632 2238 Lege
649 2146 801 2218 smum·
1200 2119 1415 2188 utilitatibus
1433 2119 1567 2200 moveri
1585 2113 1746 2186 homines
1771 2142 1789 2185 a
1815 2131 1940 2219 natura
1964 2128 2057 2184 recte
2082 2113 2187 2181 insti·

1200 2233 1297 2289 tutos
1320 2221 1486 2292 arbitror.
1516 2249 1519 2252 ¹
1538 2219 1609 2290 Sed
1631 2243 1649 2287 e
1675 2221 1820 2308 regione
1835 2219 1940 2287 etiam
1957 2216 2184 2284 incommoda
2275 2240 2277 2247 ’

542 2359 621 2428 Ρωι
641 2362 792 2429 &am
1201 2322 1397 2412 expendite.
1449 2323 1554 2391 Absit
1576 2335 1734 2390 anostro
1751 2322 1898 2404 ordine,
1925 2332 1959 2387 et
1981 2342 1999 2385 a
2019 2329 2094 2385 toto
2119 2341 2186 2384 no-

1201 2423 1297 2492 mine
1317 2420 1523 2493 Christiano
1546 2425 1719 2507 amentia,
1745 2447 1806 2492 seu
1831 2422 1933 2490 furor
1955 2420 2073 2510 potius
2096 2416 2186 2509 Epi-

270 2515 470 2590 Audivistis
495 2520 606 2609 leges,
645 2543 737 2613 qnae
764 2520 807 2587 ad
838 2520 1012 2610 regendos
1034 2541 1153 2587 mores
1200 2549 1405 2610 sorentum,
1432 2527 1494 2618 qui
1509 2549 1583 2595 non
1598 2537 1725 2616 putant
1745 2524 1847 2593 irasci
1864 2520 1978 2597 Deum
1994 2521 2185 2589 sceleribus

168 2636 322 2707 vestros,
348 2625 447 2692 etad
474 2622 568 2712 pacis
583 2621 844 2705 defensionem,
870 2622 972 2690 vobis
990 2616 1153 2713 proposi·
1199 2623 1386 2712 humanis,
1414 2630 1495 2697 cnm
1512 2629 1608 2696 dicat
1628 2652 1696 2695 vox
1722 2626 1899 2696 coelestis:
1926 2622 2077 2714 Propter
2089 2617 2184 2699 ,hacc

168 2738 333 2795 taesunt.
386 2723 491 2796 Scitis
506 2736 644 2806 autem,
666 2748 732 2793 nec
746 2747 847 2814 posse
873 2719 1049 2793 humanos
1073 2747 1153 2791 coe·
1199 2730 1299 2798 venit
1330 2731 1380 2797 ira
1406 2730 1473 2800 Dei
1508 2754 1614 2820 super
1645 2718 1878 2800 contumaces.
1936 2723 2047 2795 Punit
2078 2725 2186 2814 igitur
2214 2734 2229 2757 ⁸

167 2840 225 2897 tus
248 2827 325 2896 sine
349 2826 504 2914 legibus,
537 2825 613 2893 sine
634 2826 761 2894 ordine
784 2826 924 2916 aliquo,
946 2827 1023 2894 sine
1046 2825 1149 2894 disci·
1198 2829 1295 2901 Deus
1320 2832 1529 2922 disciplinae
1553 2843 1793 2923 contemptum
1826 2828 1979 2920 publicis
2013 2826 2185 2910 cladibus,

169 2929 267 3017 plina
292 2929 444 2998 relinere
470 2926 778 3018 tranquillitatem·
827 2923 876 2997 Εῑ
901 2925 1151 3006 vellc‘Deum‚
1199 2947 1232 3002 ct
1249 2933 1396 3025 privatis
1414 2933 1684 3007 calamitatibus.
1724 2930 1902 3001 Miramur
1919 2929 2185 2998 'furcicossuc-

166 3026 275 3101 huius
290 3025 551 3122 pulcherrimae
570 3043 603 3098 et
620 3028 843 3098 dulcissimae
860 3029 1034 3097 societatis
1049 3042 1152 3098 auto·
1199 3056 1332 3116 cessus,
1359 3051 1392 3105 et
1411 3037 1497 3105 alias
1509 3032 1686 3105 Ecclesiae
1703 3058 1907 3114 aerumnas,
1935 3056 2084 3124 quarum
2100 3055 2185 3099 cau-

166 3157 260 3216 rem,
286 3133 445 3222 singulos
459 3133 532 3201 suis
547 3131 829 3221 magistratibus,
854 3130 1008 3221 legibus,
1035 3143 1070 3199 ct
1082 3131 1152 3198 im·
1198 3160 1255 3206 sae
1279 3138 1411 3208 multae
1432 3152 1516 3207 sunt
1539 3151 1574 3207 et
1594 3161 1751 3228 magnae.
1804 3136 1872 3208 Sed
1892 3129 2184 3204 scholasticorum

167 3235 275 3326 petiis
290 3259 425 3325 parere.
479 3230 532 3302 De
548 3227 604 3304 his
620 3233 773 3302 vinculis
788 3234 902 3303 civilis
928 3233 1019 3303 vitae
1037 3246 1073 3322 ct
1093 3256 1152 3301 so·
1201 3240 1370 3308 modestia
1396 3240 1461 3308 toti
1478 3236 1654 3309 Ecclesiae
1678 3239 1937 3330 mitigationem
1957 3237 2183 3330 publicorum

167 3336 302 3406 cietatis
330 3361 410 3407 cum
437 3337 598 3429 quotidie
629 3336 856 3426 gravissimae
881 3330 1086 3423 habeantur
1113 3335 1149 3403 in
1202 3341 1376 3410 malorum
1404 3341 1592 3432 impetrare
1609 3355 1735 3431 posset.
1786 3339 1877 3408 Nam
1902 3353 2047 3432 propter
2067 3338 2185 3409 studia

166 3439 309 3529 templis
325 3440 414 3512 etin
432 3434 562 3508 scholis
581 3438 789 3521 conciones,
814 3463 890 3508 non
914 3439 1029 3507 dicam
1054 3461 1150 3507 nunc
1198 3444 1385 3551 praecipue
1400 3440 1497 3510 Deus
1519 3456 1703 3511 conservat
1727 3440 1887 3532 politius,
1913 3454 1952 3509 ut
1976 3463 2077 3530 saepe
2101 3465 2186 3531 pro·

165 3542 349 3632 prolixius.
403 3541 520 3632 Spero
551 3556 668 3612 autem
692 3542 851 3613 modesta
875 3539 1034 3629 ingenia,
1069 3552 1150 3610 eta
1198 3545 1317 3615 mittit.
1376 3540 1426 3611 Et
1454 3537 1547 3612 hanc
1570 3565 1708 3612 causam
1733 3541 1861 3632 allegat
1882 3536 2079 3632 Propheta:
2130 3539 2185 3609 Ne

99 3699 100 3704 ,
167 3656 293 3715 natura
316 3645 361 3712 ad
386 3644 554 3715 virtutem
580 3643 739 3726 incitata,
767 3657 801 3712 et
816 3666 934 3711 amare
949 3636 1045 3711 hunc
1058 3642 1151 3710 vitae
1198 3648 1316 3714 tradas
1339 3645 1460 3714 bestiis
1481 3645 1617 3714 animas
1643 3646 1850 3717 confitentes
1877 3643 1956 3714 tibi.
2005 3641 2080 3713 Cur
2112 3644 2184 3712 iarn

166 3745 349 3828 ordinem,
367 3769 408 3814 ac
425 3743 662 3834 disciplinam,
677 3757 712 3819 et
725 3744 843 3835 legum
860 3769 980 3813 vocem
997 3745 1151 3813 libenter
1196 3749 1329 3839 putatis
1351 3749 1389 3816 in
1411 3743 1480 3817 hoc
1507 3743 1688 3816 horrendo
1712 3747 1890 3830 tumultu,
1916 3745 1977 3839 qui
2004 3746 2041 3814 in
2067 3745 2184 3814 vicina

164 3847 298 3935 audire,
313 3861 347 3916 et
363 3860 488 3938 sponte
502 3848 659 3932 obedire,
674 3860 715 3916 ut
728 3847 973 3917 venustissime
989 3870 1007 3915 a
1022 3845 1149 3916 Plauto
1197 3864 1297 3920 ortus
1311 3851 1396 3936 luit,
1420 3846 1538 3922 Deum
1556 3851 1750 3942 pepercisse
1772 3844 1828 3918 his
1844 3848 2073 3939 regionibus?
2110 3844 2186 3915 Piis

167 3949 396 4019 dictumest:
422 3947 825 4040 Facileestimperium
854 3949 1029 4018 inbonis.
1078 3948 1148 4019 Sed
1200 3954 1346 4038 studiis,
1382 3966 1417 4022 et
1445 3953 1627 4022 doctrinae
1652 3951 1819 4044 pepercit.
1873 3949 1925 4021 lta
1950 3974 2024 4019 non
2047 3949 2185 4035 dubito,

151 4051 228 4125 ,alii
252 4064 335 4120 sunt
350 4051 479 4144 partim
497 4050 765 4136 imbecilliores,
791 4050 852 4145 qui
868 4051 1041 4121 malorum
1064 4075 1150 4120 con·
1197 4055 1302 4124 ctiam
1319 4056 1358 4123 in
1376 4055 1636 4147 irruptionibus
1651 4053 1814 4125 Turcicis
1830 4052 1944 4125 Deum
1960 4065 2184 4121 servaturum

166 4154 354 4225 suetudine
384 4154 564 4224 interdum
589 4155 816 4225 abducuntur
844 4154 889 4224 ab
914 4154 1053 4237 oflicio,
1088 4155 1147 4222 scd
1197 4179 1270 4225 csse
1289 4158 1465 4228 studiosos
1490 4171 1525 4226 ct
1543 4158 1632 4248 pios.
1683 4155 1735 4228 Ut
1750 4156 1903 4226 servavit
1918 4151 2124 4238 Danielem,
2150 4167 2186 4222 et

165 4270 285 4327 tamen
307 4257 500 4326 sanabiles:
534 4254 664 4348 partim
701 4280 784 4327 vcro
812 4257 868 4326 vel
894 4257 1061 4347 superbia
1093 4255 1148 4323 vel
1199 4259 1329 4327 multos
1361 4259 1494 4328 similes
1521 4261 1559 4327 in
1584 4258 1690 4327 exilio
1713 4256 1946 4353 Babylonico.
2006 4253 2127 4343 Quare
2149 4269 2185 4324 et

165 4373 312 4429 naturae
328 4360 548 4432 immanitate
565 4361 612 4429 ita
629 4359 695 4429 feri
705 4413 714 4443 ,
740 4373 781 4431 nt
801 4359 894 4429 flecti
917 4361 960 4427 ad
981 4359 1148 4429 virtutem
1198 4360 1332 4452 publici
1351 4374 1385 4430 et
1400 4360 1675 4455 vestri—phriculi
1692 4373 1801 4446 metu,
1828 4361 1866 4429 in
1883 4355 1952 4430 hoc
1968 4359 2110 4450 publico
2127 4357 2185 4427 lu-

166 4460 296 4533 nolint'.
363 4457 443 4530 Etsi
482 4463 642 4554 utrisque
678 4463 793 4551 legum
821 4485 936 4554 poena
968 4461 1148 4530 timendae
1197 4477 1256 4532 ctu
1280 4476 1315 4532 ct
1337 4463 1514 4532 maesticia
1539 4468 1759 4553 temporum,
1784 4463 1978 4532 modestius
1998 4463 2125 4546 vivite,
2151 4471 2186 4528 et
2293 4508 2297 4516 ,

157 4576 267 4657 ¹sunt,
294 4574 412 4632 tamen
428 4587 523 4633 nunc
539 4563 807 4658 deCyclopibus
825 4565 901 4635 istis
914 4558 1007 4631 nihil
1023 4563 1149 4647 dicam,
1197 4566 1356 4651 statuite,
1382 4579 1415 4635 et
1438 4565 1625 4634 universae
1646 4563 1900 4656 Reipublicae,
1935 4579 1969 4635 et
1995 4562 2096 4631 vohis
2123 4585 2184 4629 ve-

165 4664 227 4755 qui
252 4676 291 4732 ut
315 4659 554 4755 Polyphemus
584 4670 675 4759 apud
702 4666 922 4751 Homerum,
954 4666 1147 4755 gloriosum
1196 4682 1304 4738 stram
1326 4667 1535 4737 modestiam
1561 4668 1785 4758 profuturam
1806 4689 1890 4738 esse.
1944 4662 2099 4751 Quidam
2124 4685 2184 4749 ge-

165 4764 234 4833 sibi
258 4766 413 4848 ducunt,
445 4763 561 4835 Deum
586 4784 619 4838 et
640 4771 759 4838 omnia
787 4771 909 4838 divina
933 4783 967 4839 et
990 4765 1147 4839 humana
1196 4769 1309 4851 neris,
1343 4770 1488 4861 quidam
1520 4769 1788 4862 privilegiorum
1822 4775 2003 4855 praetextu
2037 4777 2192 4854 peccant>

165 4866 243 4937 iura
262 4866 477 4936 ferocissime
499 4881 744 4954 contemnere,
771 4885 805 4938 et
818 4895 939 4952 ruere,
966 4895 1035 4962 qua
1053 4868 1148 4937 coeci
1197 4870 1374 4939 licentius.
1432 4868 1597 4941 Relotari
1637 4865 1703 4936 hae
1745 4867 1898 4936 iniustae
1939 4865 2184 4955 persuasiones

164 4968 317 5060 impetus
341 4969 578 5059 cupiditatum
599 4971 756 5057 rapiunt.
817 4969 888 5040 Sed
918 4964 1003 5037 hacc
1028 4992 1146 5037 rerum
1197 4970 1318 5040 multis
1340 4973 1456 5040 modis
1476 4983 1635 5062 possunt.
1696 4966 1766 5038 Sed
1789 4992 1885 5037 nunc
1906 4990 2014 5037 unam
2044 4976 2186 5038 tantum

164 5085 309 5155 natura,
326 5071 417 5139 vices
435 5069 574 5140 aestatis
583 5084 626 5140 et
641 5065 796 5162 hyemis,
822 5096 861 5140 ac
885 5071 1042 5163 reliquus
1058 5071 1147 5138 ordo
1197 5068 1380 5142 historiam
1403 5072 1579 5161 recitabo,
1615 5071 1653 5138 in
1677 5094 1746 5163 qua
1769 5069 1870 5158 gravi
1900 5071 2032 5140 iudicio
2059 5071 2184 5162 populi

163 5196 283 5242 rerum
300 5186 465 5258 testatur,
488 5196 560 5242 esse
576 5185 730 5242 mentem
747 5188 923 5244 aeternam
941 5165 1148 5241 architecta·
1195 5171 1369 5258 Romani,
1385 5174 1539 5244 insulsus
1557 5185 1756 5263 praetextus
1774 5172 1896 5242 delicti
1913 5174 2101 5240 damnatus
2118 5184 2181 5241 cst.

166 5275 307 5360 tricem,
341 5278 551 5365 probantem
574 5275 684 5359 iusta,
716 5287 751 5343 et
773 5275 979 5365 punientem
1005 5274 1148 5359 iniusta,
1195 5273 1278 5345 Fuit
1288 5272 1424 5344 Aedilis
1434 5273 1829 5365 HostiliusMancintp,
1856 5275 1918 5368 qui
1939 5287 2046 5344 noctu
2063 5273 2184 5342 ebrius

166 5392 202 5447 et
225 5391 407 5447 execratur
421 5379 564 5474 ⁸furores
588 5377 670 5446 illos
686 5373 895 5470 Cyclopicos
914 5391 1146 5446 contemnen-
1196 5377 1284 5446 adiit
1297 5379 1401 5446 aedes
1417 5376 1591 5447 Maniliae
1607 5377 1821 5457 meretricis,
1847 5377 2001 5467 postulat
2018 5399 2054 5444 se
2068 5375 2186 5445 intro-

163 5482 253 5551 tium
268 5480 404 5568 Deum,
430 5504 520 5576 quos
533 5479 678 5575 quidem
694 5494 786 5550 certa
809 5491 843 5549 et
856 5479 953 5549 fatali
968 5480 1044 5569 lege
1067 5491 1147 5550 tan·
1195 5479 1308 5566 mitti,
1334 5474 1469 5551 familia
1487 5480 1584 5551 videt
1598 5480 1731 5550 ebriam
1750 5480 1891 5552 turbam
1907 5499 1992 5564 csse,
2013 5478 2184 5572 iubetque
