4748 6022
134 346 182 419 st
302 331 762 422 Ilets'roLARtJM,
797 316 1710 421 ltJD1crotttJttar'sthPr0·1tUM
1761 318 1998 396 Ltuxttr.
2117 321 2170 389 te

138 507 296 607 αἰσχρὸν
313 500 574 604 ἀνθρώποισιν
590 499 758 598 ἀλλήλων
773 498 883 594 κακὰ,
901 500 1021 594 inquit
1034 493 1132 567 The-
1180 519 1260 562 nem
1285 516 1348 582 ego
1364 492 1484 561 iudico
1500 492 1699 560 molliorem
1717 517 1808 573 esse,
1834 517 1897 561 nec
1913 491 2109 572 contendo,
2135 487 2167 556 si

138 637 218 685 seus
241 615 335 704 apud
351 608 580 701 Euripidem,
612 613 780 677 cadavera
803 604 1011 694 Principum
1032 599 1131 668 sanie
1179 596 1258 688 quis
1274 595 1456 672 dissentit,
1483 608 1585 685 teque
1603 588 1781 661 haedere
1799 595 2042 663 contentiones
2057 591 2167 661 omit·

138 717 246 808 plena
263 714 421 785 abluens.
457 710 577 800 Quare
594 725 627 779 te
640 731 852 799 magnopere
870 729 947 789 oro,
969 727 1014 772 ne
1028 723 1130 788 aegre
1176 710 1250 766 tere
1271 700 1365 766 volo.
1420 694 1645 764 Ptolomaeus
1668 695 1707 761 in
1723 693 1881 763 Homero
1904 695 2029 764 maluit
2050 695 2167 782 legere
2261 721 2265 733 ·

139 818 233 887 feras
253 817 296 884 ad
320 828 354 884 te
378 813 487 884 scribi
508 816 553 880 de
577 805 644 881 hoc
663 812 810 880 molesto
833 807 984 897 negotio.
1034 801 1129 872 Puer
1176 794 1278 877 σίον,
1305 822 1384 867 cum
1403 793 1633 865 Grammatici
1658 797 1811 884 legerent
1833 796 1903 868 ἴον.
1955 794 2027 864 Nec
2047 794 2167 877 credo,

141 932 214 1004 est,
239 930 341 987 natus
358 913 511 985 Doctore
529 909 763 1000 Theologiae,
790 923 928 1001 pastore
950 902 1128 975 Ecclesiae
1175 911 1359 990 propterea
1378 899 1625 986 grammaticos
1641 898 1852 967 seditionem
1872 896 2033 965 movisse.
2083 888 2164 964 Ob-

141 1010 323 1090 Celleasis
346 1016 387 1087 in
401 1017 540 1086 Ducatu
553 1012 841 1101 Luneburgenai,
873 1010 950 1077 viro
975 1002 1126 1076 honesto
1174 1023 1290 1085 secro,
1315 1014 1356 1072 ut
1379 1000 1603 1068 concordiam
1629 1013 1663 1069 et
1687 999 1980 1089 tranquillitatem
2004 1019 2165 1064 commu-

141 1134 177 1191 et
198 1141 362 1211 paupere.
414 1115 506 1188 Cum
531 1128 648 1185 autem
672 1114 779 1204 longo
800 1113 869 1181 iarn
892 1109 1127 1201 temporede-
1174 1102 1269 1169 nem'
1288 1102 1435 1193 privatis
1468 1101 1653 1177 affectibus
1684 1100 1899 1173 auteferatis.
1949 1094 2046 1166 Bene
2072 1095 2162 1166 vale.

139 1221 317 1291 formatus.
334 1219 380 1288 sit
401 1217 502 1289 tetris
522 1216 721 1300 ulceribus,
755 1216 937 1285 adducunt
960 1233 1040 1280 eum
1063 1206 1125 1278 Li·
1172 1199 1315 1276 Dices.
1330 1201 1465 1272 Martii.

137 1322 251 1414 priam
277 1319 492 1412 propinqui,
530 1330 570 1388 ut
592 1316 801 1407 inspiciatur
820 1339 860 1385 ac
882 1312 1066 1382 iudicetur.
1079 1332 1125 1377 an

140 1423 188 1494 sit
208 1421 336 1512 Lepre.
392 1410 519 1490 Nescio
544 1442 591 1489 an
615 1418 785 1489 usitatum
808 1417 853 1487 sit
876 1414 955 1486 istic
976 1410 1125 1482 iudicari

61 1552 67 1557 ·
138 1518 233 1597 hanc
255 1546 349 1602 rem,
381 1521 530 1614 autqui
553 1521 723 1592 iudicent.
772 1518 827 1589 Te
848 1517 957 1606 igitur
977 1537 1061 1597 oro,
1085 1526 1126 1582 ut
1184 1533 1186 1536 ⁴

138 1619 219 1709 his,
243 1624 307 1717 qui
322 1647 472 1715 puerum
487 1623 679 1704 adducunt,
704 1643 770 1710 pro
783 1633 845 1690 tua
858 1616 986 1687 eximia
999 1611 1126 1683 burna-

137 1726 271 1809 nitate,
299 1725 433 1794 indices
456 1720 615 1810 collegii,
653 1737 689 1792 et
710 1722 810 1790 vrbis
833 1733 966 1790 vestrae
989 1738 1124 1783 morem
1147 1717 1152 1811 l
1185 1715 1253 1790 No.
1271 1716 1383 1786 7031.

136 1821 206 1896 hac
227 1826 266 1894 in
287 1850 344 1912 re,
374 1838 408 1895 et
427 1826 456 1893 si
479 1825 648 1894 usitatum
671 1835 722 1891 est
744 1823 821 1892 istic
845 1818 1024 1912 aliquibus
1040 1811 1127 1884 haec
1178 1812 1390 1875 ⁸⁶⁴⁴?

138 1929 315 2011 iudicare,
341 1947 494 2018 exponas
509 1926 594 2017 quid
613 1925 787 2013 agendum
804 1924 854 1991 eis
872 1923 926 1994 sit.
966 1916 1126 1987 Veniunt

138 2042 181 2099 ut
198 2023 371 2118 hospites,
390 2027 504 2116 ignari
523 2021 648 2092 harum
664 2048 795 2092 rerum.
847 2020 925 2092 Oro
941 2017 1061 2106 igitur,
1086 2030 1128 2085 ut

139 2129 180 2198 in
199 2142 294 2199 tanta
310 2130 410 2219 pueri
427 2125 565 2193 miseria
591 2120 790 2212 hospitibus
812 2123 960 2189 comiter
980 2139 1127 2207 respon·

138 2232 236 2302 deas.
276 2227 374 2297 Bene
390 2240 424 2296 et
440 2224 592 2294 feliciter
607 2224 703 2306 vale,
726 2221 794 2293 vir
808 2219 1021 2292 doctissime.
1054 2214 1128 2284 No-

137 2332 196 2400 nis
211 2327 492 2419 Septembribus.

1606 1342 1610 1350 ·
1682 1312 1870 1408 Philippus
1888 1306 2113 1390 Melanthon.

1474 1915 1586 2005 lust.
1614 1918 1862 2006 Schultess.

1243 2100 1262 2167 ἡ
1281 2095 1318 2151 Er
1330 2112 1425 2169 apogr.
1437 2094 1465 2149 in
1479 2095 1542 2153 eod.
1555 2095 1638 2152 Goth.
1650 2097 1711 2152 212
1730 2115 1757 2167 p.
1772 2096 1832 2151 106.

1176 2259 1376 2362 Philippus
1391 2256 1618 2333 aaronitas
1645 2258 1672 2330 I
1679 2268 1783 2333 usl'o
1798 2257 1993 2332 Schelle
2003 2284 2069 2346 ro,
2095 2255 2168 2328 civi

1380 2356 1576 2459 Cygnaeo,
1602 2364 1818 2444 amicosne,
1850 2363 1889 2439 S.
1911 2361 1957 2438 D.

1176 2502 1335 2608 Semper
1353 2516 1391 2584 in
1408 2531 1596 2606 conspectu
1614 2517 1719 2586 bonis
1732 2517 1914 2587 mentibus
1933 2511 2018 2585 haec
2035 2506 2165 2582 Plato.

1176 2617 1237 2687 nis
1261 2617 1434 2688 sententia
1456 2639 1531 2685 esse
1549 2618 1720 2697 debebat,
1754 2619 1918 2688 videlicet
1945 2625 2097 2709 gratam
2119 2607 2165 2681 de

1175 2718 1258 2790 Deo
1266 2720 1421 2818 famam
1439 2716 1479 2786 irs
1495 2716 1640 2787 artibus
1655 2741 1828 2814 sparsam
1847 2740 1940 2803 esse,
1973 2741 2060 2810 quas
2081 2715 2165 2811 qui-

1177 2826 1258 2893 dem
1273 2823 1303 2890 si
1319 2822 1550 2909 cogitaremus
1567 2831 1601 2889 et
1615 2820 1680 2891 Dei
1697 2821 1735 2888 in
1749 2821 1854 2889 nobis
1870 2844 1976 2911 opera
1993 2833 2026 2890 et
2042 2818 2165 2908 aliquo

1177 2924 1284 2993 modo
1307 2936 1411 2993 testes
1435 2923 1479 2990 de
1499 2919 1575 2990 Deo
1599 2942 1693 3004 esse,
1717 2923 1829 3011 magis
1850 2923 1954 2991 etiam
1976 2941 2167 2989 venerare-

1177 3049 1269 3098 mur.
1304 3022 1420 3112 Quam
1438 3022 1588 3092 illustria
1605 3023 1804 3092 testimonia
1821 3037 1905 3092 sunt
1919 3024 1963 3090 de
1977 3020 2053 3091 Deo
2070 3022 2166 3108 leges

1177 3139 1326 3195 naturae
1346 3127 1385 3194 in
1408 3124 1587 3193 mentibus
1607 3120 1811 3207 hominum,
1843 3147 1933 3217 quae
1961 3144 2165 3193 commone-

1177 3228 1311 3299 faciunt
1333 3249 1398 3296 nos
1411 3250 1487 3293 non
1506 3226 1639 3308 solum,
1665 3239 1705 3295 ut
1718 3250 1791 3294 esse
1804 3223 1918 3296 Deum
1936 3239 2089 3296 mentem
2104 3245 2165 3291 ae-

965 2700 1025 2761 28.
1040 2687 1130 2751 Mart.

961 2778 1129 2805 hm

158 2691 228 2763 No.
244 2690 351 2762 7030.

144 2792 350 2826 Μ

493 2862 559 2970 io.
591 2859 781 2997 Sugero.

212 3046 615 3120 †Erapogr.incod.1’aris.
634 3047 797 3103 1).1..st⁸.
829 3075 858 3087 ·-
894 3043 1038 3101 Deesnnio
1057 3053 1131 3099 sarto

222 3174 226 3180 ,
246 3120 329 3174 seculi
346 3119 387 3173 16.
399 3119 501 3188 scripta
514 3128 563 3171 eat.

144 3270 370 3350 Clarissimo
388 3276 483 3357 viro,
508 3270 710 3344 eruditione
723 3282 755 3344 ei
770 3272 898 3345 virtute
912 3271 1130 3368 praesidali,

145 3376 203 3453 D.
224 3376 246 3447 I
253 3376 395 3448 oanni
409 3374 439 3446 S
445 3402 468 3445 a
474 3400 528 3470 ge
539 3400 603 3459 ro,
626 3371 769 3445 docenti
782 3373 952 3471 linguam
969 3373 1131 3444 latinam

145 3491 178 3551 ei
192 3502 362 3574 graecam
385 3477 432 3567 in¹
447 3475 590 3571 inclyia
614 3474 702 3547 urbe
722 3473 767 3550 V
762 3474 982 3557 ratislavia,
1013 3473 1132 3545 amieo

602 3603 679 3647 sua.

144 3716 196 3805 S.
222 3731 267 3802 D.
317 3727 505 3799 Carissime
522 3723 671 3819 Sagere.
715 3723 826 3795 Ludit
844 3718 1031 3792 Erasmus
1046 3723 1133 3793 scri-

145 3834 255 3914 bens,
285 3828 462 3900 Cadmum
496 3830 717 3897 inventorem
752 3827 933 3896 literarum
967 3825 1134 3918 sparsisse

145 3937 270 4004 dentes
293 3928 468 3999 Draconis
488 3928 527 3997 in
552 3942 701 4012 terram,
732 3927 769 3996 id
792 3927 992 4000 estliteras.
1045 3924 1133 3995 inde

147 4034 280 4104 dicitur
304 4043 385 4100 nata
412 4053 508 4121 seges
533 4041 748 4099 armatorum
774 4030 869 4099 inter
894 4052 931 4097 se
959 4029 1134 4098 dimican-

145 4137 248 4207 tium.
298 4130 376 4202 Etsi
400 4145 627 4221 magnasunt
645 4130 827 4201 literarum
846 4131 1055 4210 certamina,
1081 4144 1134 4200 ta-

148 4248 279 4304 mente
295 4229 437 4318 hortor,
463 4245 503 4303 ut
519 4248 631 4303 taceas
645 4233 781 4323 potius,
807 4233 838 4300 si
855 4232 935 4326 quis
959 4244 993 4300 te
1012 4254 1134 4321 repre·

148 4333 300 4419 heudat,
326 4358 430 4427 quam
446 4347 488 4404 ut
503 4357 645 4403 moveas
662 4347 857 4416 certarnen,
878 4334 973 4402 unde
987 4332 1132 4401 dissidia

148 4451 184 4508 et
198 4436 280 4507 odia
295 4436 382 4506 oriri
403 4457 501 4525 posse
518 4435 744 4505 ridebuntur.
785 4431 901 4527 Multa
916 4448 999 4505 sunt
1014 4434 1134 4525 publi-

148 4561 209 4610 cae
223 4537 474 4630 tranquillitati
490 4537 736 4606 condonanda.
787 4530 834 4605 Et
848 4558 967 4626 saepe,
992 4549 1033 4606 ut
1046 4533 1133 4604 Pin-

148 4641 256 4710 dorus
271 4639 400 4732 inquit,
420 4661 528 4727 parva
543 4638 696 4708 scintilla
710 4660 873 4728 magnam
888 4638 1020 4733 sylvam
1036 4653 1135 4719 com-

1178 3343 1335 3413 ternam,
1359 3327 1519 3419 opificem
1536 3351 1653 3394 rerum
1666 3341 1876 3412 statuamus,
1900 3329 1961 3396 sed
1978 3327 2084 3396 etiam
2097 3326 2167 3393 do·

1179 3446 1280 3514 cent,
1322 3430 1436 3521 qualis
1462 3429 1508 3497 sit
1533 3425 1649 3512 Deus,
1688 3429 1820 3496 scilicet
1844 3429 2003 3519 sapiens,
2041 3427 2168 3508 iustus,

1179 3535 1268 3600 dans
1281 3529 1437 3620 aequalia
1454 3527 1676 3617 aequalibus,
1698 3531 1891 3612 beneficus,
1909 3552 2026 3611 verax,
2044 3547 2167 3595 amans

1180 3628 1385 3699 castitatem.
1437 3627 1489 3695 Ita
1506 3620 1738 3695 Arithmetica
1756 3628 1853 3699 testis
1871 3641 1933 3711 est,
1957 3625 2074 3696 Deum
2091 3648 2167 3695 esse

1180 3741 1334 3798 mentem
1365 3726 1619 3816 intelligentem
1642 3727 1790 3800 ordinis.
1853 3726 1894 3796 ln
1921 3727 2167 3799 Musicareto

1181 3855 1259 3901 cum
1284 3828 1422 3898 ordinis
1440 3839 1475 3897 et
1489 3829 1760 3918 proportionum
1775 3830 1937 3899 doctrina
1953 3829 2063 3912 inest,
2088 3841 2166 3897 tum

1181 3956 1264 4001 vero
1280 3931 1431 4024 quadam
1448 3929 1635 4020 peculiaris
1649 3932 1702 4001 vis
1716 3932 1868 4016 accedit,
1888 3933 1983 4025 quod
2002 3930 2168 4000 videlicet

1180 4057 1260 4104 cum
1280 4032 1370 4102 a'liae
1391 4056 1447 4101 res
1470 4055 1659 4122 corporeae
1680 4057 1752 4102 non
1770 4047 1916 4123 tangant
1931 4043 2085 4116 mentes,
2111 4043 2167 4100 ta-

1180 4157 1264 4204 men
1296 4128 1505 4202 harmoniae
1536 4134 1688 4203 musicae
1720 4158 1847 4204 vocum
1876 4133 2088 4203 mirabiliter
2112 4131 2167 4200 fe·

1181 4238 1298 4318 siunt,
1323 4249 1485 4304 recusant
1500 4234 1648 4305 animos.
1697 4232 1860 4329 Denique
1874 4257 2037 4326 maguam
2051 4233 2168 4304 varie-

1180 4351 1285 4408 tatem
1309 4349 1469 4404 motuum
1497 4337 1534 4402 in
1558 4336 1688 4405 animis
1710 4338 1943 4421 exsuscitant,
1971 4361 2036 4406 nec
2061 4357 2168 4408 causa

1180 4440 1248 4510 alia
1272 4439 1461 4506 monstrari
1487 4450 1617 4527 potest,
1650 4438 1719 4507 nisi
1744 4440 1906 4529 cognatio
1930 4439 2060 4509 mentis
2083 4460 2166 4508 cum

1182 4542 1255 4631 ipsa
1278 4540 1547 4630 proportionum
1570 4541 1744 4614 doctrina.
1797 4540 1846 4611 lta
1872 4565 1950 4609 cum
1975 4541 2016 4610 in
2039 4539 2168 4610 ordine

1182 4665 1327 4726 vocum,
1353 4655 1387 4709 et
1404 4642 1476 4733 ipsa
1493 4654 1610 4711 mente
1624 4636 1811 4710 hominurn
1830 4641 1997 4731 impressa
2014 4641 2086 4712 sint
2100 4640 2171 4712 Dei

148 4741 258 4810 burit.
310 4736 385 4828 Ego
401 4741 568 4809 usitatum
586 4762 784 4809 sermonem
802 4762 901 4823 amo,
928 4763 993 4809 nec
1013 4738 1133 4808 omnia
1182 4743 1346 4833 vestigia,
1372 4742 1509 4813 Musica
1531 4745 1578 4810 ad
1589 4742 1654 4812 Dei
1677 4742 1993 4812 considerationem
2014 4742 2170 4815 invitare

151 4864 191 4911 ex
214 4842 399 4932 poetarum
423 4840 526 4908 dictis
548 4842 790 4910 transferenda
816 4855 899 4910 sunt
916 4843 959 4910 ad
975 4865 1134 4910 comrnu-
1181 4868 1247 4915 nos
1271 4847 1430 4915 debebas
1482 4845 1533 4912 Ac
1549 4844 1711 4911 omnium
1729 4856 1926 4933 temporum
1944 4840 2090 4916 historia
2106 4843 2168 4912 io-

148 4966 231 5011 nem
266 4964 475 5011 sermonem.
537 4938 631 5010 Illud
662 4955 797 5011 autem:
837 4963 998 5038 peragar
1025 4938 1135 5010 vibice
1182 4948 1297 5037 dicat,
1326 4938 1510 5038 praecipue
1534 4944 1737 5013 attributam
1761 4968 1834 5014 esse
1857 4947 1976 5035 generi
1997 4945 2169 5025 humano,

151 5049 338 5126 cruentas,
360 5042 520 5111 existimo
537 5042 671 5111 dictum
692 5065 765 5111 esse
780 5039 912 5111 forensi
934 5065 1052 5129 more,
1078 5055 1133 5113 ut:
1181 5061 1221 5117 nt
1236 5071 1300 5136 per
1314 5070 1389 5118 earn
1403 5045 1562 5115 doctrina
1581 5047 1625 5114 de
1640 5046 1715 5117 Deo
1730 5063 1960 5137 propagetur,
1984 5061 2023 5117 ut
2038 5047 2170 5116 arden-

147 5164 308 5242 peragor
326 5138 497 5239 publicus
513 5164 573 5210 ore
587 5164 668 5211 reus
677 5169 692 5218 ;
717 5155 757 5211 ut
774 5140 883 5211 vibice
899 5142 1073 5233 pertineat
1088 5146 1132 5214 ad
1181 5149 1290 5216 tiores
1321 5161 1447 5215 >motus
1490 5147 1529 5214 in
1561 5147 1784 5218 auditoribus
1815 5150 1999 5219 doctrinae
2030 5147 2169 5220 efficiat.
2257 5175 2268 5187 ·

147 5269 273 5315 vocem
296 5252 481 5328 cruentus,
505 5258 540 5314 et
557 5266 717 5340 peragar
736 5243 781 5313 sit
797 5244 950 5336 positum
963 5245 1134 5318 absolute.
1182 5251 1329 5339 Semper
1357 5248 1452 5316 enim
1482 5248 1566 5317 inde
1588 5273 1700 5343 usque
1722 5251 1766 5320 ab
1788 5249 1892 5320 initio
1914 5250 2038 5318 mundi
2059 5250 2170 5319 saeris

147 5344 304 5436 Peragor
318 5359 358 5443 ut
369 5370 469 5414 reum
485 5345 635 5415 dicimus
652 5346 788 5437 peragi,
813 5369 853 5417 ac
867 5345 916 5416 sic
933 5368 1081 5439 peragar
1094 5362 1134 5418 ut
1181 5351 1308 5420 ritibus
1331 5363 1454 5419 cantus
1476 5346 1628 5426 adhibiti
1651 5365 1745 5424 sunt.
1799 5344 2011 5419 Aristoteles
2030 5364 2102 5420 tres
2117 5351 2170 5420 ait

148 5449 219 5518 sim
235 5447 350 5519 vibice
366 5460 544 5518 cruentus
594 5444 697 5519 Hanc
710 5447 875 5542 syntaxin
891 5461 927 5520 et
939 5451 1134 5524 enarratio-
1181 5474 1256 5523 esse
1269 5453 1374 5540 lines,
1407 5466 1553 5545 propter
1571 5475 1662 5547 quos
1676 5450 1814 5522 Musica
1828 5445 1968 5522 homini
1984 5465 2020 5525 et
2033 5454 2117 5524 data
2131 5465 2169 5523 et
