4756 6008
166 326 241 404 ees
755 316 1622 417 Quausmosusacaouutcan,
1736 379 1740 383 .
2138 322 2214 401 sss

130 572 131 576 ,
168 497 330 575 tionibus
352 496 427 570 nati
443 491 645 576 Catarri,a
667 493 782 586 capite
803 491 840 561 in
857 516 1085 587 quascunque
1099 491 1165 563 dess
1212 493 1400 581 secundia,
1430 517 1537 587 qnam
1564 493 1792 587 praecipuam
1820 518 1894 587 esse
1924 497 1964 565 in
1994 493 2202 569 lenioribus

164 603 339 674 labuntur
359 623 399 670 ac
414 600 583 670 desidunt
598 610 736 690 partes,
759 594 798 666 in
813 596 948 666 cerebri
965 595 1104 666 sinibus
1121 621 1161 666 ac
1210 610 1371 691 oportet,
1394 597 1486 668 sicut
1501 593 1681 667 Homerus
1696 597 1833 691 iuquit,
1860 594 1975 680 aldeis·
1991 593 2028 671 δ’
2045 592 2094 672 αὖ
2113 597 2200 674 νέον

150 703 349 800 -plicaturis
379 715 474 772 extra
497 725 664 773 vasorum
686 713 821 770 meatus
843 699 1082 789 colliguntur,
1116 701 1161 769 de
1210 700 1287 772 ἐστι
1307 694 1524 799 γεραίτερον
1547 696 1756 796 ἐξρέεσθοι,
1782 701 1964 788 movebat,
1988 726 2034 772 ne
2048 702 2086 772 in
2103 696 2199 773 bunc

166 805 321 880 densatis
335 805 372 873 in
390 805 545 898 liquores
559 803 751 895 vaporibus
765 802 896 888 crudis,
921 801 1051 895 quibus
1065 825 1160 871 cere·
1209 804 1328 873 loeum
1350 803 1547 896 prodirem:
1574 816 1692 874 tamen
1713 829 1754 873 eo
1771 802 1940 875 libentius
1956 805 2199 898 obtemperavi

166 910 272 980 brum
296 908 470 978 imbuitur
494 921 528 977 et
550 908 743 999 opplentur
763 927 847 974 cava
864 904 957 975 intra
975 905 1158 974 cerebrum
1209 904 1519 998 praeceptoribus,
1553 929 1609 974 me
1639 906 1678 974 in
1709 901 1806 975 hunc
1835 906 1952 976 locum
1976 908 2205 992 ducentibus,

166 1024 203 1084 et
217 1010 377 1086 cranium
396 1009 521 1100 spacia.
573 1007 622 1079 At
638 1001 881 1098 phlebotomia
897 1019 930 1076 et
945 1005 1160 1076 scarificatus
1208 1009 1291 1101 qnia
1313 1009 1439 1077 volunt
1460 1032 1516 1075 mc
1534 1032 1608 1077 non
1624 1032 1697 1077 esse
1712 1011 1869 1077 ociosum
1886 1022 2115 1099 spectatorem
2132 1005 2201 1079 bo-¹

166 1127 307 1186 tantum
340 1113 440 1181 venis
464 1111 626 1204 ⁸inclusos
652 1105 820 1180 humores
841 1110 1013 1180 educunt:
1049 1103 1159 1178 Pble-
1209 1110 1308 1180 noris
1330 1109 1502 1179 carissimi
1523 1110 1633 1202 patris
1653 1111 1735 1179 mei.
1795 1106 1873 1199 Ego
1898 1111 2042 1204 quidem
2066 1125 2101 1181 et
2123 1124 2197 1183 toto

166 1215 325 1288 botomia
340 1215 487 1307 quidem
501 1213 637 1305 eosqui
653 1211 887 1304 amplioribus
903 1211 1025 1281 ramis:
1049 1211 1160 1280 scari·
1209 1227 1347 1304 pectore
1368 1211 1498 1303 gratias
1519 1234 1583 1304 ago
1600 1210 1677 1284 Deo
1695 1226 1839 1284 aeterno
1855 1210 1953 1306 Patri
1970 1211 2114 1286 Domini
2131 1238 2199 1284 no·

144 1316 289 1388 ‘licatns
311 1340 388 1401 eos,
415 1317 477 1409 qui
500 1316 665 1386 extremis
682 1313 834 1384 surculis
851 1314 984 1383 insunt.
1038 1311 1159 1402 Quare
1207 1316 1272 1385 stri
1301 1312 1380 1385 lesu
1408 1309 1563 1400 Christi,
1602 1316 1751 1385 creatori
1783 1314 1920 1404 generis
1955 1309 2123 1399 humani,
2165 1329 2199 1386 et

166 1445 242 1491 non
265 1421 452 1488 medentur
475 1418 694 1488 fluxionibus
710 1429 806 1485 extra
823 1439 948 1499 venas,
974 1418 1036 1485 sed
1053 1428 1158 1485 natu·
1207 1431 1385 1487 aeternam
1402 1413 1596 1486 Ecclesiam
1619 1442 1703 1487 voce
1716 1414 1903 1506 Evangelii
1927 1433 2071 1508 propter
2086 1418 2198 1488 lilium

166 1544 241 1594 ram
265 1533 348 1590 ante
374 1521 649 1610 languelactam,
682 1518 846 1607 allligunt
868 1518 1021 1607 gravius.
1081 1516 1158 1586 Ab·
1208 1533 1417 1611 etpereum
1436 1519 1636 1610 colligenti,
1661 1520 1758 1613 quod
1775 1514 2205 1601 hactenusnosclemen-¹

167 1634 315 1695 sumunt
335 1623 430 1693 enim
454 1646 616 1712 magnam
641 1621 829 1711 spirituum
854 1634 888 1689 et
904 1619 1016 1691 nativi
1031 1619 1158 1692 caloris
1208 1636 1260 1692 ter
1274 1635 1307 1691 et
1323 1622 1534 1710 gubernavit
1547 1635 1582 1691 et
1596 1623 1765 1713 protexit,
1787 1634 1822 1692 et
1838 1634 1972 1713 patrem
1987 1615 2077 1690 mibi
2092 1622 2198 1692 talem

166 1738 321 1818 partem,
346 1749 436 1818 quae
458 1725 630 1816 praesidia
652 1724 807 1814 crapulis
826 1737 927 1792 antea
947 1717 1108 1793 hebetata
1125 1735 1159 1792 et
1209 1725 1325 1809 dedit,
1351 1737 1385 1794 et
1405 1723 1478 1794 suis
1501 1724 1605 1794 donis
1628 1724 1786 1794 ornavit:
1812 1736 1845 1791 et
1868 1748 1950 1808 oro,
1976 1736 2016 1792 ut
2033 1724 2198 1815 deinceps

168 1827 382 1912 conculcata,
408 1828 610 1921 relinquere
625 1840 784 1909 naturae,
809 1849 883 1894 non
900 1825 1046 1916 eripere,
1068 1848 1158 1917 quae
1209 1824 1504 1897 totam'samiliam
1521 1840 1637 1899 servet
1649 1839 1684 1896 et
1699 1829 1883 1916 gubernet.

169 1952 295 2019 augere
316 1953 356 1999 ac
377 1931 496 2000 lovere
518 1930 678 2000 subsidio
701 1927 886 2019 temperati
909 1927 1054 2008 caloris,
1084 1950 1157 1997 non
1220 2035 1224 2041 Ι
1311 1958 1439 2051 Ingens
1457 1961 1666 2032 beneficium
1683 1958 1750 2032 Dei
1768 1975 1841 2047 est,
1866 1961 1975 2052 longo
1990 1961 2117 2031 ordine
2134 1985 2200 2052 1¹⁰·

168 2032 338 2123 dissipare
360 2047 422 2102 aut
444 2032 644 2101 diminuere
667 2030 919 2111 conveniebat,
946 2032 991 2149 ad
1012 2028 1157 2099 illorum
1189 2076 1318 2134 'steros
1342 2077 1376 2133 et
1397 2063 1518 2135 videre
1540 2061 1754 2148 Ecclesiam,
1780 2076 1814 2143 qt
1839 2065 2014 2135 maiorum
2042 2065 2200 2137 ,estimo-

167 2156 352 2205 succorum
369 2133 577 2203 cruditatem
597 2132 874 2214 emendandam,
901 2134 1032 2225 quibus
1048 2156 1159 2201 venae
1218 2148 1223 2157 '

166 2236 240 2305 sere
255 2233 537 2308 helluationibus
551 2234 725 2304 distentae
740 2247 846 2327 atque
859 2234 1001 2305 inllatae
1012 2247 1160 2304 tument.
1210 2283 1261 2338 ,as
1286 2268 1399 2336 maio,
1419 2269 1488 2338 sust
1511 2281 1592 2338 ame
1615 2268 1792 2337 diluvium

166 2333 216 2408 Et
242 2358 446 2428 quanquam
476 2337 514 2406 lit
544 2337 743 2421 interdum,
778 2349 817 2406 ut
839 2351 873 2406 et
894 2337 1159 2408 cucurbitarum
1805 2323 1814 2353 ’

167 2437 279 2509 suctio
317 2438 500 2509 collectam
538 2438 733 2509 fluxionem
768 2452 912 2509 evacuet
942 2463 981 2509 ac
1013 2440 1160 2528 digerat,

167 2542 374 2632 pracsertim
391 2541 421 2608 si
436 2563 563 2631 corpus
579 2540 625 2609 sit
641 2540 762 2610 minus
776 2542 977 2635 impurum,
1001 2554 1036 2611 et
1052 2565 1161 2611 venae

1838 2270 1898 2338 sed
1922 2282 2040 2338 tamen
2065 2282 2098 2337 et
2122 2281 2201 2358 post

1211 2371 1385 2440 dilnvium
1411 2370 1503 2439 vidit
1525 2382 1559 2439 ct
1579 2371 1717 2470 qudivit
1733 2366 1915 2439 Abraham
1939 2371 2198 2463 progenitorem

1210 2473 1310 2557 Sem,
1337 2496 1379 2541 ex
1402 2494 1475 2567 quo
1499 2486 1742 2549 nonusortus
1765 2484 1858 2557 erat,
1883 2497 1964 2544 cum
1988 2471 2153 2564 quidem,
2179 2497 2199 2540 a

1210 2575 1347 2644 diluvio
1365 2599 1477 2667 usque
1493 2578 1535 2643 ad
1554 2575 1856 2644 circumcisionem
1871 2575 1942 2644 sint
1958 2574 2047 2643 anni
2062 2575 2203 2644 circiter

1211 2678 1474 2770 quadringenti,
1526 2672 1561 2749 Ο
1586 2701 1710 2768 magna
1731 2678 1923 2758 foelicitas5
1946 2677 2068 2746 videre
2086 2690 2121 2746 et
2138 2700 2201 2745 au·

1210 2779 1288 2848 dire
1311 2792 1404 2871 certa
1429 2779 1628 2873 testimonia
1647 2779 1823 2851 maiorum
1840 2780 1885 2849 de
1899 2780 2062 2849 doctrina
2080 2791 2132 2848 tot
2147 2795 2203 2848 se-

1211 2882 1311 2955 culis.
1369 2876 1448 2971 Etsi
1472 2894 1588 2953 autem
1615 2882 1653 2951 in
1677 2877 1744 2951 hac
1765 2882 1893 2952 misera
1915 2894 2052 2951 senecta
2075 2880 2202 2952 muudi

1213 3009 1285 3053 nou
1307 2998 1393 3054 sunt
1412 2997 1483 3054 tam
1509 2985 1615 3074 longa
1638 2984 1732 3055 vitae
1752 2986 1888 3076 spacia,
1926 2999 2045 3056 tamen
2066 2984 2201 3074 gaudeo

1213 3110 1268 3155 me
1290 3086 1410 3167 videre
1428 3085 1570 3157 Patrem
1594 3100 1629 3157 et
1654 3088 1825 3178 collegas,
1849 3087 1913 3178 qui
1936 3100 2071 3158 norunt
2090 3081 2234 3158 histo-⁸

1213 3188 1302 3257 riam
1324 3184 1502 3258 Ecclesiae
1531 3185 1659 3261 borum
1683 3190 1917 3283 quadraginta
1940 3212 2136 3275 annorum,
2168 3188 2217 3259 et

1213 3288 1288 3359 Deo
1311 3290 1441 3380 gratias
1457 3315 1539 3381 ago,
1565 3292 1660 3384 quod
1680 3287 1850 3362 hactenus
1866 3289 1963 3362 huuc
1976 3305 2114 3361 coetum
2130 3291 2203 3361 ser'-

1214 3393 1327 3478 vavit,
1352 3407 1388 3463 et
1402 3418 1482 3479 oro,
1508 3407 1546 3463 ut
1561 3393 1727 3484 deinceps
1742 3418 1807 3462 nos
1822 3407 1937 3463 servet
1953 3408 1986 3465 ct
2001 3396 2185 3483 gubernet.

168 2643 276 2715 sectio
299 2643 427 2713 allevet
450 2666 578 2734 corpus
600 2643 776 2722 iuvenile,
803 2643 1008 2731 praesertim
1032 2657 1159 2713 natura

167 2747 354 2815 robustum
379 2758 484 2838 atque
507 2746 697 2814 allevatum
719 2757 819 2836 parte
834 2746 953 2814 oneris
967 2746 1159 2817 crudorum

168 2868 372 2932 succorum,
398 2860 517 2917 tamen
531 2859 683 2938 utraque
700 2847 805 2933 longe
822 2848 904 2936 plus
918 2860 1023 2916 nocet
1037 2848 1159 2917 crebro

119 2964 122 2969 '
167 2949 304 3021 iterata.
355 2945 606 3019 Pblcbotomia
629 2947 692 3018 tali
715 2948 921 3018 conditione
945 2962 1006 3018 aut
1026 2943 1161 3042 hydro-

168 3076 250 3143 pem
283 3064 345 3120 aut
376 3045 564 3146 ἀτροφίαν
596 3048 777 3122 accelerat.
848 3049 1070 3121 Scarilicatus
1100 3062 1163 3119 aut

168 3154 250 3243 plus
265 3149 410 3223 attrahit
427 3155 471 3223 ad
488 3155 605 3224 locum
621 3152 894 3232 affectum‚‚aut
911 3154 1063 3223 eundem
1079 3152 1161 3221 red-

170 3254 224 3324 dit
243 3255 437 3325 obnoxium
461 3256 698 3339 fluxionibus,
720 3267 781 3326 aut
800 3255 831 3324 si
847 3252 942 3325 nibil
956 3249 1086 3326 horum
1104 3253 1162 3323 iu·

168 3357 255 3441 sert,
281 3357 407 3429 adimit
428 3358 598 3427 membris
618 3359 743 3449 purius
759 3370 793 3428 et
808 3358 1077 3433 convenientius
1095 3383 1163 3427 nu-

169 3459 397 3543 trimentum,
429 3461 486 3530 cui
518 3461 676 3530 succedit
707 3461 889 3550 impurum
914 3485 954 3530 ac
979 3460 1163 3543 viciosum,

169 3554 255 3630 binc
275 3554 450 3655 ἀτροφία.
500 3560 572 3633 Sed
594 3562 718 3632 desino
740 3564 860 3652 plures
884 3563 1030 3631 recitare
1053 3563 1163 3631 ratio-

170 3684 251 3747 nes,
279 3677 314 3732 et
331 3665 451 3732 defero
468 3665 711 3757 quaestionem
726 3665 770 3731 ad
789 3664 1022 3733 clarissimum
1038 3663 1163 3734 Domi-

124 3765 128 3773 '
170 3786 259 3832 num
283 3759 475 3843 Ductorem
499 3757 689 3835 Andream
711 3757 875 3850 Rosam,
907 3790 1013 3859 quem
1036 3791 1100 3835 oro
1123 3780 1163 3835 ut

171 3878 205 3933 et
229 3866 273 3933 de
296 3866 501 3957 quaestione
519 3867 612 3958 ipsa,
636 3868 729 3937 etde
747 3867 863 3938 allatis
880 3868 1099 3947 rationibus,
1124 3892 1164 3936 ac

171 3967 336 4057 pluribus
366 3968 445 4038 aliis
477 3993 567 4062 quae
596 3970 635 4038 in
664 3983 799 4060 partem
823 3984 1011 4064 utramque
1034 3970 1164 4040 adduci

170 4084 340 4160 possunt,
361 4071 539 4163 copiosius
555 4094 621 4141 nos
634 4073 790 4143 edoceat.

1317 3525 1408 3598 Cum
1431 3543 1549 3596 autem
1572 3529 1791 3595 consuetudo
1814 3528 1859 3596 sit
1877 3551 2075 3618 proponere
2090 3551 2205 3620 quae-

1216 3734 1328 3824 ipsam
1352 3734 1399 3802 ob
1423 3756 1566 3803 causam
1590 3732 1770 3816 instituta,
1801 3744 1841 3801 ut
1864 3755 1931 3800 nos
1955 3729 2118 3805 Iuniores
2139 3733 2207 3802 do·

1216 3835 1349 3905 ctrinae
1374 3858 1570 3919 summam,
1593 3859 1683 3927 quae
1703 3835 1807 3903 certis
1824 3834 2037 3903 testimoniis
2055 3855 2074 3903 a
2092 3835 2207 3904 maio-

1216 3938 1316 4007 ribus
1332 3939 1504 4021 traditur,
1528 3937 1732 4006 meminisse
1745 3937 1967 4020 studeamus,
1995 3961 2154 4027 propono
2172 3951 2207 4007 et

1218 4134 1391 4210 Iohanni
1411 4138 1474 4211 has
1496 4142 1738 4235 quaestiones,
1763 4140 1888 4231 dignas
1912 4140 2206 4215 consideratione.

1087 4312 1160 4322 -..
1219 4243 1382 4334 Quarum
1414 4245 1513 4338 prior
1542 4258 1609 4314 est:
1657 4234 1737 4316 Cur
1753 4236 1867 4335 filius
1896 4239 1975 4313 Dei
2000 4240 2209 4312 nominetur

1218 4340 1351 4447 lo'yoc?
1429 4380 1433 4387 ·

182 4469 249 4542 No.
263 4469 325 4540 74.
994 4505 1044 4548 en.
1061 4483 1156 4548 1559,
1319 4463 1456 4538 Usitata
1479 4465 1656 4535 enarratio
1673 4479 1744 4548 est,
1770 4489 1859 4558 quac
1873 4479 1907 4537 et
1922 4467 2016 4558 apud
2033 4463 2208 4536 Basiliam

173 4566 343 4592 Μ
992 4571 1161 4600 Μ
1218 4583 1332 4654 extat,
1367 4569 1450 4661 quia
1478 4568 1689 4659 cogitatione
1711 4567 1887 4654 nascitur,
1920 4593 2001 4638 cum
2024 4569 2070 4636 sit
2091 4568 2206 4657 imago

242 4685 274 4738 ιη
296 4684 461 4741 onnam.
480 4686 513 4742 τ.
526 4691 557 4742 ν.
578 4709 606 4759 p.
621 4691 676 4748 ne.
714 4692 841 4749 ateana.
855 4650 948 4752 rssnt
971 4715 996 4767 p.
1010 4695 1070 4750 aaa.
1090 4704 1116 4748 a
1137 4696 1165 4747 a.
1218 4673 1352 4742 aeterni
1370 4670 1496 4744 Patris.

275 4753 455 4894 prpppntsue
475 4759 619 4826 postremi·
634 4780 659 4828 γ’
674 4761 732 4817 185.
769 4763 836 4816 ¹¹⁰⁰
850 4762 878 4815 ⁵⁰
894 4765 968 4820 Med.
984 4766 1066 4822 ⁰⁰¹³·
1081 4764 1112 4820 P·
1130 4764 1166 4818 Η·
1321 4785 1443 4859 Altera
1474 4789 1649 4859 enarratio
1674 4801 1726 4857 est
1746 4784 1958 4856 Nazianzeni
1983 4796 2017 4852 et
2043 4783 2208 4865 aliorum,

1219 4892 1301 4986 quia
1324 4890 1370 4959 sit
1394 4914 1544 4982 persona
1571 4890 1776 4958 immediate
1796 4887 1983 4978 alloquens
2005 4882 2145 4964 Patres,
2173 4899 2208 4955 et

175 5007 350 5088 Quaestio
377 5010 542 5076 recitata
565 5026 590 5074 α
617 5010 759 5079 Paulo
786 5008 947 5098 mero,
982 5015 1031 5082 ι),
1057 5012 1168 5081 pauli
1219 4993 1318 5063 omni
1350 5005 1518 5083 tempore¹
1538 4994 1577 5060 in
1607 4987 1766 5061 Ecclesia
1799 5011 1943 5057 servans
1970 4987 2208 5059 ministerium

270 5102 370 5201 {ilios
399 5129 516 5199 quare
537 5103 641 5204 filius
663 5111 738 5180 Dei
763 5109 917 5183 dicatur
940 5107 1072 5212 26703?
1220 5092 1426 5184 Evangelii,
1451 5107 1485 5163 et
1508 5094 1626 5163 efficax
1646 5116 1730 5160 voce
1747 5087 1953 5180 Evangelii,
1978 5092 2068 5161 sicut
2085 5091 2208 5181 etipse

1219 5196 1322 5267 dicit:
1348 5193 1417 5290 τὴν
1447 5191 1566 5289 ἀρχὴν
1595 5189 1651 5264 ότι
1677 5188 1740 5265 καὶ
1765 5197 1865 5265 λαλῶ
1881 5189 1985 5286 ὑμῖν.
2040 5189 2087 5262 Et
2108 5189 2208 5262 Esai:

173 5271 272 5361 cum
303 5292 418 5361 iussus
446 5314 557 5367 essem
587 5287 655 5362 hoc
685 5293 763 5363 loco
793 5295 928 5389 aliquid
955 5324 1168 5394 proponere,
1219 5300 1511 5394 quinquagesimo
1532 5297 1707 5366 secundo:
1733 5292 1809 5385 Ego
1831 5297 1905 5388 ipse
1922 5296 1984 5389 qui
2001 5297 2129 5387 loquor
2146 5301 2211 5365 ad-

174 5393 239 5462 etsi
262 5417 339 5462 mea
361 5407 455 5464 aetas
471 5396 633 5467 nondum
652 5397 780 5467 idonea
797 5404 906 5468 estad
923 5402 1113 5472 dicendum
1129 5404 1167 5472 in
1217 5427 1308 5475 sum.
1360 5399 1409 5470 Et
1423 5398 1627 5468 dulcissime
1639 5399 1758 5491 inquit
1772 5398 1955 5471 lreuaeus:
1982 5397 2132 5491 Semper
2147 5401 2210 5468 ad·

173 5506 271 5564 tanta
285 5496 483 5590 frequentia
500 5521 625 5579 senum
643 5513 679 5570 et
694 5501 936 5590 eruditorum,
962 5530 1090 5599 meque
1107 5531 1168 5576 ve·
1217 5507 1288 5577 fnit
1302 5500 1483 5577 Ecclesiae
1499 5494 1617 5602 λόγος.

226 5601 403 5671 llrsarru.
423 5605 527 5669 Orsa.
542 5603 627 5670 Vos.
643 5604 689 5686 X.
1688 5598 1738 5678 56

1210 2166 1269 2235 nia
1280 2167 1434 2247 audire,
1460 2180 1501 2238 ut
1514 2190 1555 2236 ea
1571 2167 1721 2256 posteris
1738 2167 1892 2243 tradant.
1944 2165 2045 2235 Talis
2060 2158 2201 2235 foeliciss
2324 2164 2329 2175 “

1215 3631 1365 3700 stionem
1397 3631 1436 3698 in
1469 3626 1525 3699 his
1555 3629 1822 3718 congressibus,
1854 3623 1951 3698 haud
1981 3629 2090 3698 dubie
2114 3625 2204 3699 hanc
2233 3711 2235 3715 y
2321 3642 2325 3649 '

1218 4064 1283 4130 ego
1306 4037 1528 4122 Reverendis
1551 4039 1638 4108 viris
1658 4035 1804 4110 Doctori
1822 4034 1988 4108 Erasmo
2012 4052 2047 4107 et
2061 4038 2207 4109 Ductori
2314 4060 2318 4065 ·
