4748 6022
256 306 305 382 ιι
414 282 865 376 nrtsronanuu,
915 272 1292 356 tuntctolttttt
1332 273 1411 353 nr
1451 276 1843 377 scutorouuu
1891 232 2128 358 muru.
2239 280 2292 352 eo

256 485 320 574 τῆς
338 464 598 550 odoratior
621 459 740 535 αὐτοῦ
762 451 977 553 τραφῆςκαὶ
990 443 1241 530 διδασκαλίας.
1266 447 1271 547 l
1295 454 1447 523 candum
1475 477 1550 524 esse
1573 454 1680 537 duxi,
1714 478 1771 522 me
1795 453 1895 523 domi
1919 476 1994 522 non
2016 451 2197 537 futurum,
2223 478 2289 524 nec
2339 450 2344 463 '

180 565 184 573 ⁸
259 582 379 671 Quare
396 594 429 648 te
443 597 547 663 rogo,
572 582 613 637 ut
625 565 683 635 vel
699 558 834 654 postD.
851 551 1015 627 Lutlteri
1035 551 1242 647 praelectio·
1295 565 1331 624 te
1348 555 1417 626 iter
1431 552 1632 651 hypernum
1648 580 1690 626 ao
1702 569 1919 626 nocturnum
1936 579 2013 623 mea
2030 578 2133 624 causa
2157 557 2289 626 frustra

258 707 341 752 nem
359 704 416 750 me
433 670 642 766 alloquaris,
667 665 724 734 vel
740 685 816 734 cras
831 675 911 751 post
935 675 1031 730 tuam
1056 654 1242 723 lectionem

260 783 384 854 audire
408 794 505 850 tuam
528 768 736 842 sententiam
759 763 875 854 cupio.
924 757 979 834 ou’
1001 754 1076 857 yolo
1102 747 1245 875 ἀνύπα-

260 877 349 964 πτός
363 883 462 954 ἐστιν
477 872 582 968 αὐτῷ
599 864 713 964 πατρὶ
726 862 839 958 κάμοι
855 858 1074 956 ἡἘρασμου
1096 853 1246 947 ἀποχω-
1265 936 1268 943 ¹

261 1007 363 1084 ρησις
387 986 455 1054 τοῦ
480 977 585 1051 οἴκου
606 993 690 1045 σου.
741 967 882 1056 Quaeso
901 975 956 1049 te,
982 964 1031 1030 mi
1054 951 1247 1039 Marcelle,

261 1088 363 1156 mitte
385 1078 474 1153 mihi
500 1074 628 1149 Ovidii
652 1074 727 1140 loca
750 1072 794 1138 de
809 1057 1015 1158 Alcatha*)
1040 1084 1139 1144 arce,
1162 1058 1245 1151 quia

262 1183 451 1268 Emerita,
483 1179 546 1274 qui
569 1189 621 1247 est
642 1173 680 1241 in
706 1170 856 1255 Salinis,
887 1164 1063 1238 enarratio
1086 1183 1267 1255 quorun„

263 1293 346 1361 darn
362 1289 521 1359 locorum
539 1281 577 1348 in
593 1273 778 1368 Epicariis'
789 1269 842 1367 (l)
856 1269 1028 1340 mittenda
1047 1277 1110 1338 est.
1136 1259 1179 1337 B.
1192 1258 1236 1330 V.

1024 1360 1095 1439 Ph.

608 1609 1073 1634 ΜΟΜΨΝ*
1082 1611 1087 1616 -
1096 1608 1205 1618 οισι-...ω
1217 1609 1224 1616 0

1149 1864 1248 1894 Q

279 1792 348 1869 No.
365 1789 477 1864 7002.

671 1987 853 2077 Eidem
926 1951 933 1962 ⁸

219 2162 223 2171 ⁴
335 2170 411 2242 tn.
424 2184 518 2240 apogr.
531 2164 561 2220 a.
575 2162 638 2219 ..a
651 2160 736 2215 na..
750 2157 786 2213 n.
803 2156 838 2214 a.
852 2153 914 2207 ιιι.

519 2315 714 2415 Magistro
745 2302 992 2385 Marcello.

263 2458 314 2549 S.
365 2472 440 2544 lam
457 2470 574 2562 accepi
596 2481 673 2538 tuas
689 2464 805 2533 literas
820 2485 840 2529 a
857 2456 1040 2538 Palatino,
1065 2451 1249 2545 inquibus

124 2574 128 2583 ’
265 2577 370 2646 etiam
387 2578 432 2643 de
448 2561 693 2657 Beruensi”)
708 2559 829 2633 schola
845 2559 981 2628 scribis.
1014 2555 1249 2624 Desideratur

263 2670 561 2775 γυμνασίαρχος,
588 2692 661 2738 non
682 2661 986 2760 hypodidascalus.
1037 2653 1157 2746 Quare
1172 2678 1247 2773 non

263 2781 326 2848 des
347 2772 693 2847 commendationem
717 2766 795 2845 illi,
834 2762 896 2856 qui
923 2759 1057 2851 petivit.
1121 2757 1245 2827 Altum

263 2880 360 2949 enim
376 2873 490 2947 habeo
506 2888 617 2946 aetate
631 2884 667 2941 et
680 2867 879 2940 eruditione
893 2861 1120 2950 superiorem.
1146 2856 1246 2946 Quid

192 2980 196 2989 '
265 2983 361 3074 quod
388 2979 557 3069 obrepere
581 2972 713 3055 voluit,
753 2990 890 3060 nosque
914 2963 1040 3033 tetettit
1065 2961 1245 3029 mentione

264 3076 555 3177 hypodidascali?
580 3066 876 3172 ὦμελσγχσλίαυ
895 3061 1086 3166 γέμουσαν
1109 3086 1246 3154 κακοη-

175 3198 186 3211 ''
224 3182 227 3187 ’
262 3179 363 3265 θέας.
414 3179 458 3255 Β.
472 3178 520 3255 V.

274 3605 340 3683 No.
358 3606 472 3682 7003.

267 3704 479 3742 m
1068 3685 1241 3718 ww

576 3802 673 3889 Ιαα.
704 3799 930 3887 Mutatio.

328 3987 414 4060 spot.
432 3985 480 4041 u..
495 3983 530 4039 u.
546 4001 574 4054 ρ.
586 3979 648 4036 ssa.
666 3980 721 4049 aa.
738 3976 829 4034 nona.
845 3975 894 4032 us.
910 3972 946 4030 ιι.
963 3991 1006 4044 ψ.
1019 3969 1104 4039 σα).

355 4208 365 4227 ,
494 4136 550 4213 D.
576 4133 756 4208 Iacobo
780 4124 1021 4204 Milichie

262 4264 313 4353 S.
337 4273 382 4348 D.
433 4268 624 4345 Pindarus
639 4272 773 4367 inquit:

427 4402 460 4465 Γ
458 4405 562 4464 λυκιῖα
582 4396 617 4462 dl
638 4393 725 4482 φρὴν

428 4486 493 4550 lsat
514 4479 719 4564 συμπόταισιν
740 4472 867 4557 daedale,

429 4573 595 4636 Μελισσᾶυ
614 4564 782 4648 ἀμιίβαται
802 4555 919 4645 τρητὸν
938 4549 1045 4621 ndror.

262 4696 332 4771 Sed
353 4697 390 4764 id
407 4697 455 4766 ita
471 4717 595 4764 verum
614 4702 683 4775 est,
708 4689 736 4756 si
755 4685 828 4755 sint
846 4672 1034 4776 συμπόται
1062 4680 1245 4772 συμφιλο-

260 4801 481 4894 σοφοῦντες,
507 4796 566 4867 sed
591 4785 760 4884 ἀνόμοιοι
782 4779 875 4853 nihil
900 4783 1062 4852 adserunt
1090 4776 1244 4848 suavita-

261 4904 317 4975 tis.
369 4899 443 4969 Nos
465 4898 573 4987 igitur
594 4921 666 4965 una
691 4914 765 4977 esse
790 4885 944 4959 mallem.
994 4880 1064 4953 Sed
1092 4875 1159 4949 hor
1183 4906 1242 4949 ve·

259 5026 361 5097 spere
383 5024 491 5070 vocor
515 4999 559 5068 ad
584 5019 746 5077 coenam,
785 4989 847 5060 ubi
871 4987 939 5058 erit
962 4984 1177 5075 praelectus,
1206 4999 1241 5054 et

259 5105 376 5177 nescio
394 5102 479 5199 quid
496 5096 726 5170 Centauricae
752 5091 888 5165 turbae.
941 5085 1028 5158 Ideo
1054 5083 1119 5156 tibi
1142 5084 1239 5154 indi·

367 5285 371 5291 .
411 5276 470 5288 ..n——

283 5367 318 5440 ⁸)
336 5360 482 5420 Aloatboil

281 5453 335 5524 W)
351 5445 511 5506 nomenoi!

1297 655 1412 727 facere
1432 660 1544 733 volui.
1595 656 1694 727 Beue
1707 659 1796 730 vale.
1847 655 1915 726 Die
1933 661 2012 730 τῶν
2029 653 2240 757 ἐγκαιαίωα.

1309 1023 1376 1096 No.
1390 1025 1506 1101 7004.
1546 1094 1551 1099 .

1305 1124 1518 1163 Ἄ
1613 1226 1617 1231 ’
1699 1210 1881 1299 Eidem.

1371 1386 1456 1460 uto.
1472 1385 1521 1443 ιιι.
1536 1386 1571 1445 ιι.
1591 1404 1619 1460 μ
1631 1387 1692 1450 ιιι.
1708 1389 1764 1458 (ιι.
1778 1387 1871 1445 nona.
1884 1387 1934 1444 tu.
1947 1386 1981 1444 u.
1999 1405 2043 1459 a..
2056 1386 2141 1455 essu

1538 1539 1595 1620 D.
1622 1542 1799 1618 Iacobo
1824 1538 2064 1618 Milichio

1304 1679 1357 1766 S.
1379 1691 1452 1768 D.·
1488 1691 1635 1769 Praeter
1666 1696 1872 1790 opinionem
1907 1716 2022 1765 meam
2064 1691 2208 1781 accidit,
2250 1707 2292 1766 ut

1304 1796 1410 1867 istinc
1433 1797 1552 1868 subito
1577 1799 1808 1874 discederem.
1860 1792 1937 1868 Etsi
1959 1809 2075 1868 autem
2098 1819 2201 1886 spero
2222 1818 2290 1866 nos

1305 1920 1382 1967 cras
1398 1901 1575 1968 redituros
1593 1925 1687 1987 esse,
1712 1916 1831 1973 tamen
1844 1901 1874 1968 si
1891 1899 2026 1968 diutius
2041 1896 2288 1981 retineremur,

1305 1999 1519 2088 significabis
1536 1997 1627 2071 mihi
1653 2005 1834 2096 quomodo
1858 1999 1971 2072 nostri
1993 2014 2116 2068 omnes
2138 2000 2288 2084 valeant,

1305 2121 1396 2193 quos
1413 2123 1497 2169 sane
1513 2102 1579 2172 tibi
1594 2105 1816 2178 commendo.
1855 2098 1907 2172 De
1922 2102 2060 2171 domini
2077 2094 2290 2193 Minguicii
2342 2095 2348 2107 ’

1303 2200 1511 2271 valetudine
1536 2205 1655 2275 nescio
1680 2205 1768 2299 qnid
1790 2204 1951 2275 scribam.
2008 2199 2149 2273 Dicitur
2169 2218 2286 2272 tamen

1304 2302 1527 2372 commodius
1542 2305 1673 2390 valere,
1696 2331 1802 2399 quam
1820 2320 1901 2374 ante
1918 2305 2056 2397 aliquot
2071 2305 2146 2371 dies
2161 2302 2284 2377 valuit.

1301 2398 1378 2472 Hac
1401 2416 1506 2472 nocte
1528 2407 1670 2477 sudavit
1693 2408 1742 2475 sic
1771 2407 1854 2475 satis
1886 2404 2051 2493 largiter,
2085 2418 2119 2474 et
2145 2418 2287 2496 sperant

1302 2498 1399 2573 hunc
1426 2504 1590 2575 sudorem
1616 2507 1842 2598 profuturum
1866 2529 1950 2577 esse.
2008 2503 2105 2574 Haec
2130 2505 2287 2595 ascripsi,

1300 2618 1341 2674 ut
1357 2628 1397 2675 ea
1412 2628 1598 2694 narrares,
1622 2607 1654 2678 si
1670 2608 1789 2689 adest,
1816 2602 1915 2681 D.D.
1926 2604 2151 2701 Augustino.
2189 2606 2287 2677 Bene

1299 2704 1386 2780 vale.

2215 1062 2263 1081 .-

2114 1121 2285 1150 Μ

1298 3097 1493 3225 Q.

2148 3204 2275 3234 W*

1416 3301 1469 3388 ιι.
1485 3300 1540 3387 Ν.
1564 3254 1753 3386 ratast
1780 3304 1831 3386 a.
1853 3300 2171 3388 ructemus.

1368 3475 1447 3530 Edita
1460 3476 1489 3531 in
1509 3475 1541 3532 Ρ.
1554 3475 1614 3531 Iao.
1630 3475 1775 3529 Mauras·
1790 3475 1915 3533 vindieiis
1934 3497 1961 3550 p.
1976 3477 2035 3535 ¹6⁹.

1307 3628 1530 3710 Venerando
1556 3630 1633 3704 viro
1653 3628 1709 3703 D.
1728 3628 1802 3721 N„
1839 3627 1992 3705 Pastori
2022 3630 2211 3705 Ecclesiae
2242 3635 2283 3704 in

1457 3730 1737 3818 Luctenwald
1760 3734 1880 3806 amico
1893 3760 1972 3812 suo.
2023 3737 2061 3813 S.
2076 3737 2122 3811 D.

1300 3878 1525 3961 Venerande
1552 3891 1619 3963 vir.
1672 3888 1779 3960 Nulla
1804 3906 1855 3961 est
1874 3892 1912 3959 iu
1938 3893 2040 3963 terris
2060 3905 2095 3961 et
2118 3891 2154 3958 in
2178 3891 2284 3960 coelis

1303 4016 1369 4061 vox
1388 3992 1508 4062 audita
1527 3991 1726 4076 ardentior,
1746 4016 1851 4084 quam
1870 3995 2025 4083 precatio
2040 3993 2103 4061 filii
2120 3989 2204 4073 Dei,
2222 3992 2284 4082 qui

1302 4107 1380 4164 orat
1395 4105 1579 4162 aeternum
1598 4106 1752 4183 patrem,
1779 4107 1818 4164 ut
1831 4094 1953 4180 faciat,
1976 4109 2018 4165 ut
2038 4116 2150 4163 unum
2174 4093 2285 4162 simus

1302 4195 1453 4286 inipso.
1511 4190 1676 4263 Veneror
1701 4194 1811 4284 igitur
1832 4195 1910 4288 pios
1935 4208 2110 4287 pastores,
2146 4193 2283 4263 etiamsi

1301 4298 1437 4388 privata
1455 4296 1694 4380 familiaritas,
1720 4319 1795 4365 non
1815 4322 1895 4368 cnm
1915 4297 2082 4367 omnibus
2108 4318 2181 4364 esse
2203 4311 2283 4383 pot-

1301 4412 1372 4483 est,
1395 4412 1430 4468 et
1444 4399 1514 4467 iam
1530 4400 1575 4469 ab
1592 4394 1660 4467 hoc
1677 4398 1810 4483 officio,
1835 4399 1930 4491 quod
1950 4412 2050 4490 peto,
2070 4396 2285 4466 familiarior

1299 4500 1427 4571 notitia
1463 4500 1552 4569 oriri
1583 4513 1707 4591 potest.
1768 4497 1839 4571 Hic
1862 4499 2065 4571 adolescens
2085 4493 2282 4568 Martinus

1298 4593 1530 4703 Hoffmann,
1562 4599 1803 4686 Soravieusis,
1835 4601 1990 4684 audivit,
2026 4598 2219 4671 desiderari
2243 4601 2282 4670 in

1298 4697 1419 4774 schola
1450 4719 1563 4773 vestra
1582 4700 1922 4797 Hypudidascalum.
1987 4698 2078 4774 Cum
2102 4702 2210 4791 igitur
2237 4704 2284 4775 sit

1296 4808 1481 4897 modestus¹
1497 4818 1532 4876 et
1552 4803 1731 4889 eruditus,
1764 4828 1804 4874 ac
1828 4806 1871 4874 ad
1895 4806 2094 4875 docendum
2119 4805 2281 4888 idoneus,

1296 4932 1445 5001 quaeso,
1472 4920 1509 4977 ut
1531 4908 1564 4974 ei
1589 4904 1706 4977 losum
1730 4904 1768 4978 in
1788 4903 1908 4977 schola
1928 4905 2114 4994 tribuatis,
2140 4919 2173 4976 et
2198 4931 2279 4975 eum

1293 5006 1523 5100 gubernatori
1537 5000 1696 5095 scholae,
1719 5021 1754 5080 et
1768 5008 1812 5078 iis
1826 5002 2114 5088 commendatus
2125 5033 2278 5100 quorum

1293 5113 1426 5184 accedit
1441 5108 1659 5201 suffragatio.
1709 5105 1808 5179 Bene
1823 5111 1946 5180 valete.
1998 5110 2032 5182 8.
2051 5106 2164 5201 April.

1796 5241 1984 5339 Philippus
2003 5242 2227 5320 Melanthon.
