4748 6022
258 416 309 495 sa
438 394 890 494 urrsronartmu,
915 395 1297 483 rnnrcronuu
1320 393 1396 470 nr
1422 348 1819 485 scurrrortuu
1869 394 1976 477 nra.
2001 396 2103 472 xtv.
2239 396 2289 468 ao

260 588 327 659 No.
353 585 466 662 7045.

267 685 479 724 m

1116 609 1166 628 -
1197 608 1245 626 -
1301 567 1451 657 ligenter
1473 565 1560 657 ei¹⁸)
1588 570 1869 661 magnitudinem
1894 571 2056 643 utilitatis
2085 569 2286 661 exposueris

1126 665 1248 698 *ἢ
1301 683 1407 762 atque
1422 672 1637 756 ostenderis,
1654 685 1834 766 ¹quantum
1852 675 1981 745 studiis
2003 674 2074 758 tuis
2097 666 2182 741 baec
2200 666 2286 760 pross

1300 769 1390 842 fecto
1413 775 1584 847 collatura
1608 775 1665 849 sit.
1716 769 1971 870 †Quanquarn
1994 771 2053 844 hic
2067 766 2211 870 inibit)
2233 772 2287 841 lo-

1302 896 1364 942 cus
1379 889 1524 967 propter
1539 876 1655 946 studia
1672 874 1945 948 iucundissimus
1964 893 2032 961 est,
2058 891 2179 948 tamen
2192 873 2288 945 mul-

366 1036 504 1090 atinent
528 1034 680 1090 Metalla.
713 1031 775 1086 ⁸73·
857 1029 938 1084 eota.
957 1030 1131 1084 inscribitur
1157 1026 1250 1095 νεώ.
1303 989 1338 1044 tu
1354 976 1496 1047 futurus
1510 991 1597 1080 essct
1614 977 1756 1069 gratior,
1782 979 1813 1047 si
1830 973 1916 1049 haec
1936 973 2024 1048 mihi
2037 979 2187 1050 felicitas
2200 999 2288 1045 con-

506 1077 513 1092 ’
690 1050 842 1154 dulescenti
861 1100 1059 1172 praesorium
1101 1096 1132 1149 ln
1152 1094 1250 1148 Manlii
1304 1077 1477 1165 tingeret,
1500 1093 1542 1150 ut
1558 1080 1612 1150 uti
1620 1075 1670 1170 ¹⁷)
1688 1093 1747 1150 tua
1760 1082 2016 1151 consuetudine
2032 1104 2181 1172 possem,
2198 1101 2289 1170 quae

1245 1247 1253 1263 ,
1304 1173 1393 1247 mihi
1409 1203 1546 1272 semper
1557 1181 1626 1251 fuit
1638 1182 1834 1271 gratissima
1850 1183 2109 1253 etsuavissima.
2135 1179 2241 1250 Tunc
2251 1174 2290 1272 ¹⁸)

1304 1304 1388 1350 vero
1402 1280 1440 1350 iu
1457 1283 1586 1353 studiis
1608 1284 1759 1353 multum
1783 1286 1908 1368 refert,
1933 1307 2014 1352 curn
2039 1279 2205 1352 haberem
2229 1304 2290 1350 ae-

1305 1382 1446 1474 qualem
1469 1399 1573 1477 atque
1595 1385 1769 1469 amicum,
1801 1409 1956 1479 quocum
1985 1385 2096 1455 libere
2119 1382 2289 1476 colloqui,

1304 1507 1468 1577 measque
1490 1487 1719 1575 cogitationes
1741 1501 1845 1580 atque
1870 1487 2000 1576 scripta
2022 1488 2182 1557 conferre
2206 1507 2289 1576 pos-

1305 1606 1396 1670 sem,
1422 1587 1484 1678 qui
1499 1612 1635 1657 mecum
1652 1601 1810 1658 amanter
1823 1589 1862 1657 in
1877 1591 2002 1658 eodem
2020 1588 2196 1658 curriculo
2212 1609 2288 1655 cer-

685 789 817 877 Ν.Ν

811 851 823 877 0

331 967 430 1022 Manlii
442 967 542 1036 far-rag.
557 983 585 1035 p.
596 965 659 1022 496.
679 993 714 1005 -
751 965 855 1084 ΑΡἫ.
868 958 898 1015 in
913 960 975 1016 eod.
992 959 1077 1013 Gotlr.
1094 957 1135 1013 19.
1150 975 1177 1028 p.
1192 954 1249 1010 ttb

366 1104 435 1158 stola
456 1104 522 1160 Mel.
541 1104 648 1158 cuidam
673 1121 688 1156 a

363 1173 464 1245 farrsg.
476 1183 582 1228 sutem:

291 1351 432 1426 Sodali
454 1378 522 1425 suo
548 1349 771 1425 charissimo
795 1351 847 1427 H.
873 1347 918 1423 F
920 1349 1043 1423 s'rert'
1050 1375 1100 1449 us
1127 1352 1165 1426 S.
1179 1348 1225 1423 D.

266 1504 457 1610 cognovi,
482 1534 516 1591 te
539 1545 559 1590 a
582 1520 703 1612 pueris
727 1540 866 1609 semper
880 1518 988 1587 fuisse
1006 1517 1182 1587 bonarum
1207 1514 1252 1582 li·

265 1638 420 1694 terarum
437 1616 675 1716 adrnodum¹)
689 1621 909 1705 studiosum,
934 1633 1062 1690 etcum
1079 1610 1252 1711 primis¹)
1561 1690 1570 1706 ·
1596 1691 1605 1706 ·
1933 1690 1942 1706 ·
1975 1691 1983 1706 ⁹
2176 1689 2185 1705 ·

267 1723 412 1816 ingenio
435 1719 570 1819 acri³).
627 1720 719 1793 Cum
742 1735 859 1791 autern
881 1734 915 1791 te
941 1733 1088 1812 propter
1110 1743 1252 1789 morum
1305 1698 1405 1758 [Μ’
1455 1686 1542 1758 Ρθῑθ
1559 1692 1745 1778 16110ῑὸῧὸ
1762 1703 1814 1775 ¹⁰,
1838 1684 1983 1761 utm¹h¹
2008 1713 2114 1783 ‘luam
2131 1711 2286 1779 prunum

267 1826 475 1896 suavitatem
502 1847 639 1914 semper
672 1824 778 1894 unice
805 1820 1041 1912 amaverim)
1070 1845 1145 1890 non
1171 1842 1250 1911 pos·
1305 1789 1493 1870 ‘emm’
1519 1792 1604 1883 quid
1623 1791 1689 1910 {ib}
1706 1793 1884 1909 ’'ideam‘J
1909 1806 1946 1909 fl
1961 1793 2048 1883 ‘llfid
2064 1817 2089 1910 ‚³
2107 1806 2204 1881 Ρθῑῑθ
2218 1812 2289 1856 ¹¹¹¹

197 1994 206 2005 .
268 1950 346 1997 sum
366 1927 499 2012 facere,
534 1926 623 2019 quin
645 1926 690 1998 de
714 1923 842 1995 studiis
864 1925 934 1994 tuis
955 1924 1135 1994 interdum
1156 1922 1252 2011 cogi-
1305 1904 1441 2007 Pfu'm
1465 1914 1565 2010 ΡΨ
1590 1907 1775 1965 ²¹¹⁵²¹¹¹¹⁰³·
1833 1887 1934 1963 N¹h¹¹
1957 1917 2075 1984 περΡι
2097 1913 2289 2009 Πΰῦἦῑῧξῦ

267 2043 351 2098 tem·
408 2023 645 2123 Postquam⁵)
670 2041 789 2097 autem
815 2025 853 2094 in
880 2025 995 2117 patria
1028 2024 1146 2093 nescio
1181 2047 1251 2116 quo
1305 1991 1368 2060 dtu
1385 2014 1425 2060 er
1439 1989 1572 2063 Norico
1588 2008 1714 2066 vestro.
1768 1990 1808 2062 ld
1824 2007 2110 2085 praetermorem
2131 1992 2210 2063 bert
2231 1993 2289 2060 dr-

267 2128 363 2197 malo
378 2129 449 2198 fato
467 2124 607 2198 scholae
629 2130 786 2198 desertae
810 2141 912 2211 sunt,
937 2141 972 2197 et
996 2126 1112 2196 studia
1131 2124 1252 2194 litera·
1305 2105 1406 2178 cumi
1432 2118 1541 2185 ‘lum
1555 2095 1838 2215 V³¹d⁰³¹¹89rd⁸
1861 2096 1970 2187 Patris
1994 2096 2063 2165 mei
2082 2093 2287 2165 valetudine

268 2253 349 2301 mm
375 2225 550 2320 omnine)
578 2230 726 2318 frigent,
765 2223 993 2299 vehementer
1023 2226 1145 2312 doleo,
1185 2226 1250 2296 fibi
1304 2216 1345 2262 ac
1366 2206 1460 2312 statu
1473 2188 1535 2288 ¹⁹).
1586 2194 1682 2266 Illud
1707 2210 1811 2267 ettam
1832 2209 1934 2289 peto,
1960 2210 2000 2267 ut
2027 2196 2072 2266 de
2093 2208 2168 2266 toto
2191 2206 2287 2264 statu

268 2332 386 2400 deesse
401 2342 643 2422 praeceptores
654 2332 698 2400 ad
714 2331 941 2399 formandum
951 2328 1135 2419 ingenium
1148 2340 1249 2397 mum
1303 2307 1436 2385 patriae
1451 2296 1496 2364 ad
1510 2321 1567 2414 rne
1580 2297 1731 2382 scribas,
1747 2321 1793 2367 au
1810 2297 2001 2417 tranquilla
2018 2299 2064 2369 sit
2078 2295 2287 2388 respublica,
2369 2376 2372 2384 .

267 2432 427 2502 idoneos.
480 2431 601 2520 Quare
615 2432 701 2500 duri
718 2425 783 2500 hac
797 2434 841 2500 de
862 2454 901 2505 re
922 2428 1249 2518 meumconsilium
1304 2396 1500 2513 quaefama
1521 2400 1623 2514 ,sude
1644 2396 1984 2519 “bmcfeffamffift
2006 2412 2112 2518 θῑφξθ
2136 2395 2285 2487 Ηΰΰὸὃ·

268 2534 314 2603 ad
333 2546 367 2603 te
391 2533 682 2624 perscribendum
705 2526 838 2622 esse⁷),
862 2530 960 2622 quod
981 2543 1016 2600 tc
1037 2551 1123 2617 rogo
1146 2540 1187 2598 ut
1210 2526 1251 2595 iu
1302 2519 1396 2613 Ψ·
1446 2491 1547 2564 ΝὼῙῙ
1569 2513 1672 2598 pulei
1696 2497 1843 2571 Mmhl
1863 2503 1977 2571 facere
2000 2516 2153 2592 diffluis
2178 2521 2286 2594 ‘luam

266 2635 397 2705 bonam
413 2645 549 2726 partem
567 2632 728 2722 accipias.
779 2625 881 2701 Nihil
893 2632 988 2700 enim
1013 2624 1124 2725 tibi⁸)
1147 2651 1249 2721 prae·

267 2735 406 2817 scribo,
429 2736 490 2804 sed
507 2733 677 2821 singulari
696 2735 851 2826 quodam
867 2746 929 2802 luo
943 2755 1064 2803 amore
1077 2733 1250 2802 adductus

267 2858 366 2920 sum,
392 2850 453 2922 ut,
477 2838 573 2928 quod
588 2835 740 2904 maxime
762 2834 828 2904 tibi
848 2834 1073 2924 profuturum
1095 2855 1169 2902 csse
1191 2856 1249 2901 ar-

267 2936 444 3022 bitrabar,
469 2960 693 3027 exponerem.
745 2933 945 3006 Plurimum
965 2937 1088 3019 refert,
1113 2947 1248 3012 atene-

266 3038 317 3108 ris
332 3040 449 3109 statim
456 3033 488 3127 ⁹)
505 3038 644 3109 institui
662 3038 708 3106 ab
723 3037 866 3126 optimis
875 3037 1080 3107 doctoribus
1089 3031 1132 3131 ¹⁰)
1149 3035 1248 3105 euius

268 3141 318 3210 rei
336 3141 490 3210 maxima
498 3135 545 3235 ¹¹)
558 3152 609 3209 est
626 3139 773 3209 facultas
788 3137 827 3206 in
842 3152 962 3208 nostra
972 3135 1182 3221 Academia,
1209 3136 1248 3204 in
1356 3187 1364 3192 .

266 3264 336 3334 qua
357 3241 487 3312 florent
510 3240 672 3311 omniurn
698 3240 828 3309 artium
838 3234 896 3335 Ι’)’
917 3252 952 3310 et
978 3239 1248 3330 disciplinarum

265 3343 400 3423 studia,
426 3356 555 3412 etcum
572 3340 794 3433 eloquentiae
810 3352 885 3410 tunt
901 3335 1148 3432 philosophiae
1165 3363 1249 3432 pro-

264 3443 413 3521 fessores
428 3438 598 3514 habemus
613 3466 687 3511 non
701 3443 989 3516 contemnendos.
1024 3438 1093 3511 =Ad
1109 3436 1177 3511 boc
1190 3464 1248 3510 aa·

265 3544 396 3615 cedunt
416 3567 533 3614 sacrae
555 3544 695 3630 literae,
720 3567 870 3636 quarum
892 3538 1030 3612 bomini
1054 3536 1248 3612 christiano

265 3645 421 3737 cognitio
435 3647 628 3716 necessaria
650 3658 710 3715 est
765 3642 878 3715 Valde
902 3644 1011 3734 igitur
1032 3639 1249 3738 optarim¹⁸),

259 3760 300 3838 ⁴te
313 3772 420 3840 quarn
435 3742 681 3839 primumbuc
702 3745 881 3820 advolare.
932 3744 1090 3815 Proinde
1112 3740 1178 3815 bac
1205 3746 1249 3814 de

264 3843 360 3944 re¹⁴)
375 3872 454 3919 curn
474 3862 573 3941 patre
594 3863 655 3920 tuo
679 3870 778 3938 agas,
810 3847 873 3939 qui
898 3845 963 3915 etsi
990 3860 1152 3938 sumptus
1175 3847 1250 3916 for-

263 3963 352 4022 tasse
367 3962 519 4036 metuet,
543 3963 662 4021 tamen
679 3948 873 4040 expugnari
887 3941 1019 4038 poterit
1032 3971 1053 4018 a
1069 3961 1123 4035 te,
1147 3947 1178 4020 si
1193 3948 1250 4018 di-

235 4255 237 4259 ’
297 4261 326 4326 1)
343 4261 518 4326 rammam]
535 4259 610 4315 abeat
623 4279 638 4316 s
653 4253 736 4317 co‘dd.

294 4343 326 4411 2)
343 4364 408 4399 cum
416 4347 530 4411 primes]
549 4363 605 4399 non
619 4344 702 4399 babet
714 4343 803 4401 Manl.

202 4482 206 4511 Ι
292 4429 584 4565 ”lagifffflseuifsepbf
598 4439 746 4552 mmm
759 4426 852 4484 babet:
869 4438 897 4484 et
915 4430 1059 4498 maculari
1072 4429 1248 4500 andsaaq

582 4517 601 4552 e
637 4517 721 4551 sam.

292 4598 324 4665 1)
342 4597 415 4655 eod.
433 4596 528 4656 Melan.
547 4598 712 4654 dilexerim.

292 4682 324 4748 6)
343 4683 414 4739 coa.
428 4681 511 4739 Gotb.
525 4681 570 4738 19.
577 4692 778 4752 posuequam·

292 4768 321 4839 6)
338 4765 428 4825 Manl.
440 4785 521 4823 uuus.
984 4808 991 4814 .

290 4854 321 4925 7)
338 4854 426 4911 Manl.
443 4854 590 4921 eopsfldrm
603 4853 785 4907 scribmdum
797 4867 877 4916 eam
893 4849 922 4905 iu
936 4848 1092 4910 cod.Gotb.
1100 4860 1167 4921 post
1178 4868 1243 4908 ssu·

326 4926 423 4979 saliam
435 4931 478 4977 est
489 4925 610 4985 laeuum
625 4921 687 4976 cod.
700 4921 794 4976 Melan.
813 4921 864 4989 its,
879 4929 910 4975 ut
923 4919 1058 4976 dedimus.

291 5028 320 5093 8)
338 5029 406 5094 tt'br']
424 5024 524 5082 excidit
537 5043 552 5078 a
565 5022 654 5078 Manl.
670 5032 753 5080 testu.

289 5114 320 5177 9)
338 5113 428 5168 codd.
441 5111 560 5174 statim
577 5107 668 5164 Manl.
680 5118 766 5166 recte·

288 5200 335 5269 10)
354 5197 443 5253 mant.
463 5198 494 5249 s'u
508 5195 630 5261 optanda.

288 5286 339 5354 tt)
359 5284 447 5338 Mrul.
468 5283 527 5335 cius
538 5280 583 5332 rei
593 5291 713 5342 magna.

290 5376 335 5442 12)
354 5372 423 5430 God.
439 5369 523 5426 Gotb.
539 5366 580 5424 19.
598 5364 756 5420 Academia
761 5384 772 5428 ,·
782 5360 892 5436 florent
905 5363 982 5416 enlm
995 5364 1114 5425 artabat.
1185 5407 1190 5415 .

162 5439 164 5442 ⁴
286 5457 332 5527 aa)
350 5454 439 5512 usur.
457 5462 597 5518 aaaron.

283 5544 333 5617 14)
352 5542 440 5603 Μηι.
461 5537 843 5615 ρωᾱεηοςαουωοῑσ.

1303 2620 1334 2666 ει
1346 2596 1585 2690 copiosissime
1600 2596 1849 2698 scripseris²⁰).
1901 2600 2084 2695 Vale.''¹¹)

1301 2985 1368 3063 uo.
1384 2953 1497 3062 roas.

1664 3189 1899 3307 (Firers'o.)
1964 3231 1966 3234 >

1404 3366 1500 3423 Manlii
1515 3367 1613 3443 farrsg.
1628 3387 1658 3440 p.
1672 3367 1723 3423 tat
1734 3388 1776 3442 sq.

1352 3515 1465 3591 Patri
1487 3545 1556 3592 sun
1581 3518 1802 3595 charissimo
1824 3522 1875 3600 Η.
1897 3518 1946 3600 F.
1971 3517 2230 3633 (Firmius)

1302 3653 1350 3746 S·
1376 3667 1423 3742 D.
1475 3670 1668 3765 Sperabam
1685 3701 1741 3746 me
1756 3677 1877 3748 literas
1891 3676 1930 3747 in
1944 3674 2095 3771 Lipsicis
2109 3682 2283 3753 nundinis

1302 3771 1459 3843 Ianuarii
1481 3798 1502 3845 a
1522 3789 1557 3846 te
1574 3790 1798 3870 accepturum
1820 3802 1904 3857 esse.
1952 3776 2005 3852 Ea
2029 3805 2107 3875 spes
2127 3807 2208 3853 curn
2228 3808 2285 3853 me
2309 3799 2312 3804 ’

1301 3874 1497 3955 fefellisset,
1522 3877 1653 3947 mirum
1669 3880 1708 3948 iu
1724 3882 1871 3950 modurn
1885 3884 2047 3972 angebat.
2069 3883 2158 3955 'Sed
2176 3886 2283 3976 paulo

1302 3989 1381 4067 post
1404 3976 1562 4046 liberasti
1583 4002 1639 4048 me
1656 3980 1755 4047 omni
1778 3980 2018 4052 sollicitudine
2042 3985 2287 4080 molestiaque.

1301 4076 1392 4148 Nam
1416 4078 1515 4148 brevi
1537 4093 1617 4169 post
1643 4079 1801 4149 redditae
1825 4094 1909 4152 sunt
1933 4080 2024 4152 milri
2049 4083 2171 4156 literae
2204 4101 2287 4158 tuae

1305 4181 1362 4252 10.
1375 4179 1543 4249 Ianuarii.
1594 4179 1747 4273 Fuitque
1763 4183 2021 4272 optatissimum
2037 4198 2143 4278 atque
2156 4189 2286 4259 iucun-

1302 4282 1505 4367 dissimum,
1538 4284 1636 4376 quod
1660 4282 1834 4372 significas
1853 4296 1888 4354 te
1908 4287 1998 4356 bene
2022 4288 2149 4362 valere.
2200 4288 2283 4361 Nou

1301 4383 1451 4452 dubium
1475 4397 1527 4454 est
1548 4379 1656 4471 mihi,
1687 4386 1785 4478 quod
1806 4385 1929 4458 scribis
1953 4399 1987 4456 te
2009 4390 2053 4458 de
2072 4414 2148 4460 mea
2168 4392 2283 4465 salute

1301 4484 1492 4554 sollicitum
1514 4508 1615 4571 ηδε,
1648 4510 1729 4555 curn
1752 4489 1913 4558 nondum
1939 4489 2155 4583 intellexeris
2179 4493 2281 4586 quic-

1281 4582 1284 4588 ’
1300 4608 1407 4679 quarn
1421 4586 1508 4654 certi
1522 4587 1567 4655 de
1581 4610 1662 4656 meo
1676 4587 1813 4658 itinere.
1862 4587 1968 4662 Facio
1985 4593 2081 4661 enirn
2100 4594 2283 4665 coniectu-

1299 4709 1376 4757 ram
1389 4687 1441 4757 tui
1456 4688 1603 4757 amoris:
1625 4689 1762 4758 demea
1779 4716 1863 4763 vero
1880 4692 2036 4764 arbitror
2049 4718 2192 4790 quoque
2218 4692 2286 4778 bae

1332 4944 1379 5011 15)
1396 4941 1480 5001 usul-
1497 4951 1525 4999 α
1543 4959 1594 5016 pro
1611 4944 1653 5008 εἰς
1670 4943 1812 5001 mendosa.

1332 5031 1376 5097 16)
1396 5032 1477 5099 mrbt]
1495 5031 1570 5084 sbast
1588 5050 1602 5083 a
1620 5030 1686 5087 cod.
1704 5031 1798 5088 Mcbn.

1330 5117 1374 5185 17)
1393 5118 1463 5172 Cod.
1475 5118 1567 5172 netu.
1583 5117 1706 5188 lu'asrut'.

1330 5205 1376 5272 18)
1396 5204 1466 5258 cod.
1482 5204 1581 5257 Mebn.
1599 5220 1680 5259 num.

1309 5286 1376 5356 ·19)
1396 5287 1466 5339 mlii!
1477 5290 1573 5351 accept
1583 5288 1649 5353 etc.]
1669 5293 1772 5338 uatum
1785 5284 1813 5354 in
1828 5287 1892 5349 cod.
1906 5290 2005 5348 Melan.

1326 5374 1376 5442 20)
1393 5381 1479 5445 aeque
1493 5370 1624 5437 Huugar.
1638 5376 1701 5438 etc]
1723 5371 1784 5430 cod.
1801 5372 1942 5432 Goth-19.
1959 5396 2016 5433 aon
2026 5380 2115 5439 babet.
2164 5353 2168 5359 ¹

1326 5455 1477 5581 flpisstus
1486 5456 1578 5512 locus:
1598 5453 1770 5525 Quanquam
1782 5461 1828 5516 lu'c
1839 5470 1906 5536 ato,
1922 5482 1983 5520 non
1993 5464 2094 5540 legiter
2106 5471 2177 5542 apud
2193 5470 2281 5538 Man-
