4748 6022
51 343 131 425 293
434 335 691 415 SCRIPTA
725 335 802 413 ΑΙ)
823 272 1031 436 ᾜΤΑΜ
1060 333 1138 409 ET
1172 332 1407 408 OBITUM
1438 330 1738 411 MELANTH.
2024 341 2104 453 294·

53 511 127 589 No.
146 510 260 588 7140.
710 541 737 583 s.
760 526 865 592 1660·
893 524 952 590 15.
969 517 1057 583 biiii.
1108 509 1248 580 coelum
1270 521 1498 600 praeceptore
1520 506 1710 581 suellelia
1732 511 1892 595 sublato,
1925 513 2036 600 tristi,
2066 528 2102 586 et
2151 464 2154 469 Ι

60 610 238 639 '‘⁴'‘
699 615 1056 659 W
1108 610 1252 702 lugubri
1268 635 1352 681 voce
1370 611 1640 701 ingeminando,
1665 613 1801 686 abitum
1818 615 1874 684 sui
1889 613 2101 709 Praecepto·

307 748 311 755 ·
398 676 636 830 Scriptum
662 714 718 804 F.
1108 715 1158 782 ris
1175 713 1356 804 deplorat,
1380 712 1551 783 clamans:
1578 713 1767 802 Patermi,
1791 719 1973 810 paterini!
2006 718 2100 791 Cur-

698 906 701 911 ·
1106 837 1167 887 rus
1185 814 1310 899 lsrael,
1335 826 1370 883 et
1393 813 1514 904 auriga
1537 817 1631 885 eius:
1666 815 1707 886 ld
1732 842 1799 888 iios
1820 843 1962 913 quoque
1983 821 2098 891 facere

145 894 492 961 ¹⁸⁰0100¹4¹⁸¹¹⁶¹
509 893 638 954 ’ΝΜ
655 894 699 954 ¹³¹
716 893 860 969 ”¹⁸⁸³
876 892 966 955 Μ·
1106 918 1220 987 multo
1248 915 1395 1009 aequius
1425 931 1487 989 est.
1548 913 1692 990 Occidit
1722 920 1840 1007 enim,
1872 916 1945 992 heu
1968 923 2099 994 occidit

129 1067 232 1123 Oratio
244 1063 367 1120 funebris
381 1062 413 1116 iii
427 1062 531 1116 obitum
547 1060 770 1134 incomparabilis
783 1061 832 1114 riri
849 1061 880 1117 Ρ.
894 1057 1054 1112 Melantho·
1104 1016 1258 1104 Remis
1273 1031 1310 1089 et
1325 1019 1543 1109 gubernator
1560 1042 1720 1091 mmmm
1737 1016 1951 1105 ⁸⁶h⁰l³fflms
1978 1039 2012 1096 el
2026 1020 2098 1094 EC·

165 1138 208 1192 nis
231 1136 260 1189 iu
285 1133 434 1188 Academia
452 1131 543 1186 Tubin
563 1133 639 1199 ensi,
657 1132 716 1214 'die
740 1130 846 1186 decima
869 1128 966 1200 quinta
986 1128 1052 1181 Maii
1105 1121 1315 1199 elesiarum„
1355 1116 1456 1208 Quae
1470 1120 1579 1211 igliur
1600 1122 1838 1213 lngtaillutlo,
1861 1150 1951 1219 quae
1969 1125 2098 1219 imple·
2151 1142 2159 1149 “

163 1202 510 1268 alacodoHeerdmsrdo,
576 1202 697 1272 eulogiae
713 1201 838 1254 Doctore
852 1209 879 1252 et
892 1197 1052 1251 Prolessose
1229 1223 1239 1241 ο
1325 1220 1334 1238 ·
1359 1221 1367 1238 ·
1570 1223 1579 1239 ·
1639 1224 1648 1241 ·
1747 1226 1756 1243 .
1984 1229 1993 1246 .
2053 1229 2062 1246 .
2087 1228 2096 1245 .

161 1275 190 1329 in
205 1273 309 1330 eidem.
345 1268 636 1342 rising.1⁵s⁰.4¹t,
668 1271 685 1326 Ι.
702 1270 730 1324 4.
747 1297 782 1311 ,
818 1268 920 1321 lterum
938 1264 1053 1320 Wioeb·
1104 1236 1284 1342 tasmaior
1298 1222 1370 1291 dici
1387 1236 1449 1339 aut
1461 1237 1651 1313 excogitari
1663 1240 1784 1317 possit,
1810 1252 1917 1320 quam
1931 1229 2013 1300 talis
2027 1253 2099 1298 virs

161 1344 237 1399 1560.
257 1342 324 1414 spi.
342 1343 369 1398 4.
387 1368 423 1382 -
457 1338 565 1394 liecust
582 1358 613 1393 ex
628 1289 991 1406 elisionesuiTubingemi
1006 1345 1053 1389 sut
1104 1326 1206 1397 obitu
1221 1348 1296 1395 non
1310 1323 1425 1394 affici?

162 1411 364 1483 Wissbergsnsi
385 1409 415 1463 iii
434 1408 468 1464 G.
489 1406 669 1463 merstem·
684 1406 867 1473 illittcctloirssu
886 1404 1052 1473 titesstttitim

163 1482 295 1553 Sullam,
321 1479 447 1532 tottii.
472 1496 498 1550 p.
513 1477 565 1532 228
581 1496 654 1550 sqq..
675 1478 748 1531 nude
767 1496 825 1531 eam
842 1474 887 1531 hic
905 1473 1053 1529 hausimus.
1154 1487 1158 1498 ·
1333 1526 1342 1545 ,
1369 1528 1378 1545 .

163 1551 266 1607 Eidem
287 1549 373 1602 oratio
393 1548 473 1602 etiam
488 1566 582 1604 recusa
600 1559 641 1602 est
655 1547 685 1601 in
698 1547 786 1601 libros
805 1545 967 1609 Orationes,
984 1542 1051 1612 Epi·
1208 1526 1301 1602 Cum
1331 1541 1442 1618 lgtitlr
1471 1530 1516 1598 tle
1543 1551 1700 1616 summo,
1735 1546 1773 1604 et
1803 1531 2096 1625 eloquentissimo

163 1612 1052 1759 ἫΙῖζῇἓζξόιξῖξῖζξᾟῙζξζέιξηωζῇζοῗζὲζῗ·οἳξη
1106 1632 1204 1719 viro,
1243 1631 1301 1701 cui
1326 1630 1432 1701 etiam
1459 1627 1648 1718 Erasmus,
1686 1633 1725 1703 in
1751 1658 1816 1705 suo
1841 1630 2095 1719 Ciceroniana,

165 1707 297 1815 iirobetit
311 1766 383 1809 sessu
397 1766 525 1811 accursu
536 1756 671 1812 convenii.
688 1784 724 1797 -
749 1754 844 1811 atium
857 1751 982 1807 iisettom
995 1769 1052 1805 non
1106 1735 1238 1826 primas
1252 1733 1345 1805 inter
1359 1733 1565 1826 eloquentes
1579 1756 1644 1805 suo
1658 1750 1816 1829 tempore
1832 1736 1971 1822 tribuit,
1988 1741 2096 1809 verba

165 1825 561 1979 ζζξζξο’“ζ;ζζξὲξξᾝηὲἱο·
573 1819 1054 1965 ssgssffllffisspplfflffiss
1105 1839 1177 1908 sint
1193 1836 1373 1920 facienda,
1399 1831 1527 1907 Oratio
1542 1836 1792 1929 requirebatur
1807 1839 2098 1932 eloquentissimi,

163 1964 316 2020 falsissimis
335 1963 574 2018 criminationibus
590 1963 618 2015 iii
638 1962 824 2032 praelatione.
847 1970 905 2014 tuiii
925 1958 1055 2040 editlpnis
1106 1953 1181 2011 arie
1203 1939 1401 2024 claborala,
1429 1937 1619 2030 exquisita,
1644 1957 1679 2010 ei
1700 1941 1881 2027 absoluta,
1907 1965 1998 2035 quae
2018 1943 2098 2015 lall-

164 2052 246 2090 causa
260 2032 420 2104 exponitur,
437 2041 493 2084 tum
509 2029 662 2084 calumniae
675 2032 780 2100 aliquot
792 2029 1053 2097 Witebergesisium
1107 2042 1213 2111 dibus
1232 2039 1344 2131 ipsius
1367 2039 1613 2131 amplissimis,
1639 2042 1827 2133 splendore
1850 2066 1916 2113 suo
1939 2068 2003 2136 par
2024 2068 2098 2116 em

165 2103 331 2173 deteguntur
350 2110 378 2153 et
398 2100 552 2157 diluuntur.
587 2095 1021 2171 Neap.Nemet.1598.8.7pl.
1403 2142 1412 2158 ,
2190 2140 2193 2144 Δ

1109 2155 1237 2235 posset.
1275 2139 1367 2209 Nam
1384 2165 1414 2209 si
1428 2139 1671 2215 Alexandrum
1687 2142 1860 2240 Magnum
1875 2140 2011 2236 nephas
2024 2159 2099 2217 erat
2287 2226 2296 2241 Ι

60 2274 178 2373 (Ius.
204 2269 507 2348 Heerbrarsds‘
530 2273 663 2344 oratio·
667 2272 845 2374 funebris
860 2271 900 2342 iii
917 2270 1056 2342 obitum
1109 2243 1179 2361 ”iffi
1204 2267 1224 2312 ³
1247 2241 1421 2359 Ι’ΥᾸΡΨἈ
1452 2255 1488 2312 ⁹²
1509 2239 1651 2360 Apelle,
1678 2245 1987 2364 Pffl‘fflmlflllmls
2010 2247 2098 2317 ³¹25·

61 2374 136 2453 ffi
152 2372 248 2451 ML
272 2369 407 2447 huppla
432 2370 470 2447 d·
489 2373 673 2451 15οΜαῆ
696 2376 737 2447 ἡ,
754 2370 959 2450 Αωάηηῑα
976 2369 1057 2444 Tu,
1109 2347 1233 2416 ficibus
1253 2343 1356 2433 fingi:
1386 2340 1462 2461 Cpr
1481 2338 1689 2436 Philippum
1712 2358 1766 2415 ter
1788 2370 2001 2433 maximum,
2028 2349 2099 2417 nisi

460 2476 660 2576 bingensi.)
1109 2472 1128 2518 a
1143 2445 1291 2517 summis
1306 2444 1477 2535 ingeniis,
1502 2458 1537 2515 et
1551 2447 1686 2517 artibus
1699 2447 1844 2517 dicendi
1866 2448 2099 2521 instructissi-

1108 2551 1196 2635 mis,
1223 2548 1442 2619 laudandum
1459 2547 1763 2621 existimabimus?

61 2636 316 2737 Convenimus
328 2642 518 2733 Magnifice
534 2643 678 2732 Rector,
706 2644 880 2719 Generosi
899 2645 1056 2718 Comites

60 2768 97 2827 et
114 2749 293 2833 Baiones,
317 2746 468 2821 Senatus
483 2748 723 2839 amplissime,
748 2746 1057 2842 ornatissimaque
1211 2741 1290 2836 Ego
1309 2771 1410 2833 vero,
1431 2770 1513 2817 cum
1528 2750 1573 2820 ab
1589 2750 1655 2821 ista
1672 2750 1816 2822 dicendi
1836 2750 2002 2821 facultate
2019 2751 2097 2820 lori·

61 2852 222 2941 Contio,
246 2853 291 2919 ad
318 2848 517 2920 Tumuliim
537 2844 770 2921 honorarium
793 2852 945 2922 Domini
961 2845 1056 2921 Phi·
1109 2847 1252 2940 gissime
1267 2849 1400 2936 absim,
1426 2863 1460 2919 et
1474 2875 1572 2923 meae
1588 2848 1679 2923 mihi
1703 2853 1864 2923 conscius
1888 2853 1956 2922 sim
1980 2852 2101 2923 infan-

63 2945 461 3055 implicatissimis,
493 2953 555 3044 qui
572 2953 697 3024 Mense
720 2957 909 3046 praeterito
927 2979 969 3024 eii
992 2950 1057 3023 hac
1110 2953 1197 3037 tiae,
1222 2951 1397 3043 plurimos
1412 2976 1554 3045 quoque
1567 2953 1606 3022 in
1623 2950 1691 3025 hoc
1707 2969 1809 3027 coetu
1822 2954 2101 3028 clarissimorum

62 3059 196 3141 misera
217 3068 252 3124 et
271 3077 481 3124 aerumnosa
502 3053 574 3125 vita
592 3058 757 3143 decessit,
784 3082 931 3150 eamque
952 3057 1057 3126 loeli-
1110 3049 1485 3134 virorum„0ratoria
1501 3056 1712 3143 instructos,
1737 3053 1898 3151 mihique
1915 3052 1980 3127 hac
2005 3058 2045 3126 in
2062 3081 2101 3128 re

63 3160 155 3233 citer
178 3182 257 3228 cum
284 3158 344 3226 illa
360 3157 480 3242 beata,
505 3171 539 3227 et
555 3174 724 3252 perpetua
740 3159 970 3235 commutavit
992 3157 1058 3255 (si-
1112 3181 1236 3249 parum
1253 3157 1441 3227 exercitato
1457 3158 1562 3249 longe
1582 3160 1794 3251 praecellere
1810 3184 1927 3230 coram
1943 3159 2099 3229 videam:

64 3276 127 3335 cut
149 3262 195 3330 ad
220 3282 285 3328 iios
306 3283 401 3329 nona
426 3256 533 3328 huius
557 3261 694 3332 Mensis
715 3264 947 3356 perscriptum
975 3258 1057 3358 est)
1111 3257 1237 3329 meiito
1253 3256 1415 3327 omnium
1433 3260 1650 3330 incurrerem
1667 3262 1706 3331 in
1722 3257 2046 3354 reprehensionem,
2071 3263 2103 3333 si

64 3364 160 3447 iusta
181 3362 214 3431 ei
234 3361 378 3447 facturi,
410 3375 445 3432 et
466 3365 648 3457 exequias,
682 3379 971 3459 postremumque
990 3360 1059 3435 hoc
1112 3385 1188 3431 mea
1209 3373 1335 3452 sponte
1356 3355 1420 3430 has
1436 3363 1578 3433 dicendi
1601 3378 1717 3455 partes
1736 3364 1975 3455 suscepissem.
2029 3362 2103 3460 ¹Ve-

66 3465 211 3562 pietatis
249 3464 406 3534 officium
443 3467 658 3555 praestituri.
734 3463 789 3537 Ex
824 3469 924 3537 cuius
957 3467 1059 3537 obitu
1112 3488 1191 3533 rum
1223 3486 1302 3531 cuin
1335 3476 1370 3532 et
1393 3461 1656 3535 illustrissimus
1687 3483 1807 3537 noster
1835 3465 2004 3557 Princeps
2027 3459 2102 3555 'pro

66 3589 193 3643 omnes
210 3565 263 3659 pii
279 3580 314 3636 et
330 3567 417 3636 boni
435 3567 559 3657 ingens
580 3592 745 3659 accepere
758 3568 908 3648 vulnus,
935 3592 976 3636 ac
992 3591 1059 3658 pu·
1112 3562 1283 3653 singulari
1297 3584 1360 3632 sua
1379 3576 1414 3632 et
1435 3564 1623 3657 principali
1640 3590 1720 3657 erga
1746 3566 1881 3652 studia,
1903 3579 1938 3635 et
1953 3560 2103 3637 Scholas

66 3672 184 3745 blicus
205 3681 241 3737 et
256 3667 454 3737 communis
474 3669 582 3739 totius
596 3665 775 3740 Ecclesiae
798 3683 832 3740 et
847 3665 1059 3741 Scholarum
1111 3663 1322 3748 Clementia,
1339 3664 1375 3734 id
1393 3666 1530 3736 anobis
1547 3668 1751 3759 postularet,
1774 3666 1824 3739 Et
1832 3666 1984 3740 Senatus
1999 3663 2103 3738 scho-

67 3775 187 3845 luctus
210 3781 280 3853 est,
305 3793 396 3861 quae
419 3770 553 3861 optimo
569 3786 602 3842 et
623 3770 829 3842 fidelissimo
841 3767 996 3842 Doctore
1021 3795 1061 3841 ac
1113 3769 1168 3837 lae
1182 3765 1422 3857 amplissimus
1436 3763 1505 3839 hoc
1527 3770 1645 3860 ipsum
1662 3771 1707 3840 ad
1723 3769 1880 3841 officium
1901 3793 2005 3841 suum
2023 3793 2104 3862 per-

67 3872 301 3963 Praeceptore
317 3873 571 3945 suntorbatae.
615 3871 723 3963 Quod
742 3874 772 3943 si
788 3897 946 3968 unquam
961 3896 1061 3943 casus
1112 3871 1226 3941 tinere
1251 3868 1442 3956 iudicaret,
1473 3872 1592 3941 statim
1620 3872 1789 3943 nunciata
1815 3885 1930 3943 morte
1953 3871 2023 3941 viri
2045 3872 2103 3941 in-

69 3975 202 4070 eliquis
234 3996 308 4041 non
341 3975 450 4042 modo
478 3968 637 4061 Scholis,
671 3979 731 4046 sed
760 3977 866 4047 etiam
892 3971 1062 4046 Ecclesiis
1114 3971 1376 4063 comparabilis,
1401 3973 1530 4044 debitis
1546 3998 1627 4044 cum
1643 3975 1809 4045 laudibus
1826 3997 1965 4057 ornare,
1993 3970 2104 4044 milii·

71 4077 242 4150 omnibus
256 4074 386 4159 tristis,
411 4089 445 4145 et
460 4077 607 4146 acerbus
622 4078 789 4149 accidisse
805 4078 917 4147 videri
934 4078 1062 4170 potuit,
1114 4098 1183 4169 que
1205 4088 1375 4167 tanquam
1397 4075 1573 4168 discipulo
1596 4077 1727 4169 ipsius,
1752 4076 1815 4170 qui
1838 4101 1918 4146 euin
1941 4077 2106 4168 pluribus

71 4176 132 4252 hic
155 4192 248 4249 certe
274 4177 388 4247 multo
411 4178 563 4247 maxime
585 4181 748 4250 omnium
770 4175 978 4274 Laclirymis
1000 4182 1063 4249 de-
1114 4176 1421 4261 annisdocentem
1442 4177 1637 4263 audierim,
1663 4179 1791 4272 cuique
1816 4174 1963 4251 historia
1985 4178 2107 4249 notior

70 4282 270 4379 plorandus
303 4280 381 4350 erit.
443 4277 567 4375 Neque
596 4306 742 4374 parvam
778 4282 948 4354 iacturam
981 4283 1064 4353 lecit
1115 4281 1178 4364 sit,
1205 4303 1312 4372 quain
1333 4278 1424 4348 sorte
1440 4279 1538 4363 aliis,
1564 4280 1779 4366 iniunxerit,
1804 4294 1840 4352 et
1860 4304 1924 4371 ego
1942 4282 2106 4372 precibus

70 4381 233 4476 Respub.
247 4375 467 4467 Christiana,
492 4396 592 4454 tantu
610 4384 687 4454 viro
710 4385 857 4475 privata.
907 4381 1064 4477 Ereptus
1116 4382 1245 4452 frustra
1269 4380 1477 4452 reluctando
1498 4378 1592 4451 nihil
1614 4383 1840 4474 proficerem,
1865 4384 1968 4455 uolui
1985 4383 2107 4454 odiose

73 4499 127 4557 est
148 4484 244 4555 enim
270 4485 373 4554 terris
395 4482 462 4553 Vir
492 4487 811 4576 praestantissimus
835 4499 870 4556 et
891 4509 1064 4572 suminus,
1116 4506 1333 4575 repugnare,
1371 4507 1417 4553 ise
1450 4484 1508 4553 vel
1536 4485 1695 4575 ingratus
1730 4509 1811 4577 erga
1843 4500 2107 4578 praeceptorem

73 4588 210 4681 optime
240 4588 283 4655 de
314 4600 386 4657 tota
414 4581 572 4658 Ecclesia
603 4589 676 4660 suis
699 4590 882 4660 laboribus
906 4588 1065 4667 meritus,
1118 4586 1294 4680 praeclare
1310 4587 1355 4655 de
1372 4610 1429 4655 me
1443 4587 1629 4673 meritum,
1654 4588 1713 4659 cui
1729 4586 1850 4659 omnia
1865 4611 1963 4672 mea,
1988 4603 2026 4658 ut
2043 4589 2106 4658 de-

76 4692 224 4782 pietate,
253 4689 383 4760 virtute
404 4689 596 4780 sapientia,
621 4705 655 4761 et
672 4692 872 4784 eloquentia
890 4692 1064 4762 excellen-
1118 4690 1205 4773 beo,
1244 4699 1384 4779 accepta
1410 4689 1545 4775 refero,
1588 4689 1644 4758 vel
1670 4690 1828 4761 laborem
1854 4688 2109 4781 subterfugere,

74 4791 253 4877 tissimus,
280 4792 380 4861 cuius
399 4791 582 4880 ingenium
606 4793 713 4885 plane
736 4795 804 4867 luit
827 4795 1009 4879 divinum,
1032 4806 1066 4861 et
1117 4804 1180 4862 aut
1197 4787 1349 4861 Senatus
1370 4792 1595 4862 autoritatem
1615 4790 1830 4881 parvifacere
1859 4790 1968 4886 (quae
1987 4795 2109 4865 omnia

76 4893 299 4966 domicilium
319 4893 464 4985 spiritus
481 4894 787 4979 sancii,.eruditi0
803 4895 1008 4987 multiplex,
1032 4909 1067 4965 et
1118 4914 1215 4963 ame
1245 4890 1461 4963 alienissima
1489 4915 1562 4963 esse
1591 4891 1692 4987 volo)
1722 4890 1914 4962 iudicarer:
1950 4897 2011 4966 sed
2041 4891 2108 4967 hoc

75 5020 167 5088 pene
190 4996 424 5085 incredibilis.
474 4991 543 5067 Cui
566 5018 681 5089 neque
703 5011 796 5068 terra
822 4998 922 5081 tulit,
952 5019 1070 5090 neque
1118 4993 1364 5089 qualecunque
1383 4993 1542 5085 pietatis,
1569 5007 1604 5064 et
1621 4993 1848 5082 gratitudinis
1866 4995 2021 5068 officium
2043 5022 2108 5091 po-

76 5098 143 5171 Sol
155 5094 215 5170 bic
231 5099 368 5190 aspexit
382 5097 547 5189 similem,
573 5096 675 5169 cuius
688 5100 745 5169 vel
759 5099 797 5169 in
812 5097 1068 5188 rempublicam
1119 5109 1287 5167 stremum
1309 5109 1503 5186 praestare,
1528 5107 1562 5165 et
1583 5119 1808 5188 quocumque
1831 5113 1961 5168 eventu
1985 5100 2024 5168 in
2043 5096 2109 5168 hac

76 5201 294 5288 literarium,
328 5202 385 5270 vel
409 5200 448 5285 iii
467 5197 681 5285 Ecclesiam,
708 5201 843 5294 'quilius
864 5198 1069 5269 fidelissime
1120 5196 1267 5269 materia
1289 5197 1476 5287 occupari,
1511 5197 1611 5288 pium
1638 5221 1711 5268 esse
1737 5200 1945 5274 existimavi.
1997 5198 2111 5294 ldque

80 5319 116 5376 et
138 5305 277 5376 utiliter
299 5303 507 5394 longissimo
531 5317 710 5396 tempore,
743 5302 854 5373 nullis
884 5303 1070 5374 laboribus
1121 5326 1162 5371 eo
1177 5298 1316 5370 lacilius
1332 5293 1423 5368 mihi
1444 5301 1646 5392 persuaderi
1667 5325 1787 5392 passus
1807 5325 1902 5386 sum,
1927 5303 2024 5394 quod
2049 5327 2111 5394 per

78 5430 231 5500 parcens
247 5405 405 5491 servivit,
430 5406 557 5477 merita
571 5418 690 5477 extent
704 5406 822 5498 plura,
848 5419 911 5478 aut
923 5406 1071 5481 maiora.
1121 5428 1157 5477 se
1172 5401 1248 5473 suis
1263 5401 1416 5495 scriptis,
1439 5402 1546 5473 rebus
1559 5403 1837 5496 praeclarissime
1853 5404 1975 5493 gestis,
1997 5405 2112 5477 virtu-

79 5507 202 5599 Quare
221 5511 316 5604 quod
333 5503 532 5595 Helisaeus
555 5502 748 5600 propheta,
774 5530 882 5583 curru
907 5508 1072 5600 igneuin
1121 5507 1237 5593 tibus,
1267 5502 1340 5577 vita
1362 5504 1770 5674 deniquegiqtegerrime
1792 5519 1888 5593 acta,
1920 5507 2038 5583 clarus
2057 5509 2115 5596 sit,
