4748 6022
53 208 153 313 ἰιι
437 237 693 320 scotera
727 240 802 318 an
837 242 1038 319 mrsu
1071 241 1145 316 ιι·
1181 241 1423 321 oetruu
1460 244 1774 335 urrunnu.
2060 272 2134 351 tae

188 407 285 498 Quid
305 425 423 483 autem
441 418 485 485 de
499 418 676 487 donorum
693 417 901 489 excellentia
920 432 953 489 et
968 419 1083 489 vacie-
1134 411 1220 488 haec
1241 414 1361 488 schola
1386 432 1421 490 et
1443 422 1539 510 regin
1562 427 1700 512 amisit,
1741 436 1954 522 portendere
1977 442 2129 530 videtur,

86 529 157 585 tate
176 512 321 582 dicam?
346 517 478 608 quibus
503 520 625 588 diviua
645 521 1083 593 bonitateiustructustot
1133 520 1292 590 dolorem
1329 534 1489 592 nostrum
1523 546 1647 616 auget,
1681 555 1788 623 quern
1822 536 1952 612 inflixit
1982 547 2126 617 amissio

84 631 320 686 monumenta
355 618 498 688 utilium
534 621 747 711 scriptorum
782 623 912 706 edidit,
951 624 1081 717 quibua
1132 622 1223 691 tanti
1246 636 1278 693 et
1295 623 1373 694 talis
1388 625 1556 714 praesidii
1572 641 1608 699 et
1623 636 1822 705 ornamenti
1837 635 1989 714 Scbulae
2005 659 2040 716 et
2053 642 2126 719 Ec-

84 738 211 786 ornnes
245 732 359 808 partes
390 715 640 813 philosophiae
668 722 855 814 insigniter
879 724 1082 811 illustravit,
1130 723 1253 794 clesiae
1279 718 1398 796 buius.
1447 724 1530 796 Nou
1556 729 1665 819 igitur
1690 736 1794 807 uubis
1813 753 1866 812 est
1879 766 1970 833 opus
1981 751 2124 840 sapim.

84 832 120 888 el
150 819 189 886 in
210 820 458 909 repurgatione
481 824 665 894 doctrinae
690 826 850 895 coelestis
883 828 1079 896 reverendo
1129 824 1257 894 tissimi
1281 824 1463 897 Siracidae
1481 829 1539 918 pia
1555 839 1911 928 commonefactione,
1937 861 1972 915 ut
1988 849 2121 919 deflea-

85 919 168 989 viro
184 916 330 989 Ductori
347 917 707 1010 MortiuuLutbero,
729 927 903 998 divinitus
918 929 1079 1013 excitato,
1130 949 1208 996 mus
1231 943 1377 997 mortem
1405 923 1510 999 baius
1532 935 1605 1001 caci
1630 939 1739 1024 patris
1763 944 1895 1029 nostri,
1922 969 1966 1017 ne
1983 944 2119 1045 cicrop-

81 1021 227 1090 lidelem
244 1034 279 1093 et
293 1047 412 1095 carum
429 1040 465 1098 et
487 1027 613 1097 utilem
635 1023 879 1123 παραστάτην
900 1025 964 1100 καὶ
987 1022 1077 1101 σύν·
1127 1020 1213 1124 yicc
1233 1028 1288 1097 vel
1311 1023 1560 1124 ἀναισθησίας
1581 1037 1710 1111 stoicae
1730 1043 1775 1111 ab
1798 1044 1877 1114 aliie
1905 1072 2117 1124 aequamur,

84 1147 201 1219 epyor
218 1146 256 1193 se
278 1127 460 1215 probavit,
487 1128 524 1197 id
548 1131 644 1222 qnod
660 1131 800 1223 publica
816 1132 946 1222 scripta
966 1133 1077 1223 ipsius
1128 1127 1208 1199 Nou
1236 1144 1287 1200 est
1312 1130 1418 1200 nobis
1438 1157 1529 1227 opus
1552 1140 1781 1225 practicarum
1806 1147 2017 1236 lugubribus
2032 1177 2118 1223 con·

85 1226 333 1311 testabuntur,
368 1227 413 1298 de
441 1229 573 1324 quibus
597 1256 678 1302 cum
706 1233 780 1323 ipse
805 1232 957 1303 uoluerit
981 1233 1077 1302 iudi·
1128 1231 1291 1302 centibus
1314 1243 1350 1302 et
1373 1227 1527 1305 threnis:
1554 1241 1652 1308 usuni
1672 1257 1748 1314 arte
1760 1247 1897 1318 animoa
1912 1253 1956 1322 ad
1972 1255 2117 1325 moesti-

82 1325 181 1394 cinm
205 1348 280 1396 esse
305 1351 414 1419 penes
435 1331 639 1403 nniversam
654 1329 849 1405 Ecclesiam
874 1335 1076 1425 etposteri·
1126 1331 1216 1401 ciam
1239 1357 1462 1406 commovere
1483 1341 1704 1412 conantium:
1740 1342 1817 1437 lpsa
1840 1373 1906 1419 noa
1925 1355 2056 1426 animis
2080 1370 2117 1428 et

85 1438 208 1511 tatem,
233 1451 309 1498 non
326 1431 485 1505 dicemus
500 1428 558 1505 bic
575 1434 689 1526 plura.
1125 1431 1262 1503 intimis
1286 1437 1447 1508 sensibus
1471 1438 1578 1511 infixa
1601 1437 1708 1515 buius
1725 1448 1892 1534 benefici,
1920 1455 1992 1544 pii,
2018 1457 2116 1527 salu-

189 1527 291 1600 Talis
311 1530 443 1623 igitur,
473 1546 548 1605 tam
573 1535 756 1621 instructi,
787 1535 924 1622 seduli,
947 1537 1074 1624 fidelia,
1125 1536 1212 1605 taris
1229 1531 1394 1607 Ductoris
1418 1541 1588 1612 memoria
1613 1548 1767 1619 concitat
1786 1552 1832 1620 ad
1858 1555 2115 1628 consideratio-

84 1627 221 1701 foelicis
234 1631 399 1705 Ductoris
415 1649 450 1708 et
463 1637 712 1727 gubernatoris
726 1637 923 1729 praesentia
939 1653 976 1711 et
988 1663 1074 1730 ope-
1124 1659 1207 1706 nem
1249 1652 1390 1709 nostrae
1431 1640 1688 1732 infoelicitatis,
1726 1650 1788 1742 qui
1822 1652 2115 1744 benignissimum

82 1754 123 1799 ra
146 1756 257 1825 quum
274 1729 467 1808 Academia
486 1733 573 1810 baec
593 1753 627 1812 et
641 1735 800 1811 Ecclesia
821 1764 919 1810 nune
934 1741 1071 1834 privata
1123 1750 1260 1828 patrem
1280 1753 1315 1810 et
1336 1741 1579 1815 dulcissimum
1602 1748 1772 1840 collegam
1789 1765 1823 1824 et
1835 1756 1989 1827 amicum
2005 1760 2115 1831 caris-

81 1832 149 1916 sit,
182 1847 218 1906 et
242 1835 373 1911 vulnus
402 1840 575 1932 acceperit
602 1841 773 1933 opinione
802 1855 839 1914 ιι
868 1841 1072 1936 eloquentia
1123 1839 1253 1909 simum
1292 1841 1490 1914 amisimus:
1537 1843 1617 1937 lpse
1659 1867 1866 1942 conspectus
1909 1856 2114 1948 inventutis,

80 1935 183 2004 unani
207 1936 340 2026 maius,
367 1941 599 2015 iustissimum
621 1957 674 2015 ιιι
693 1944 817 2015 dolere
840 1966 981 2028 omnes,
1007 1943 1071 2037 qui
1123 1937 1378 2031 Templurum,
1411 1943 1670 2036 collegiorum,
1708 1950 2013 2030 Bibliotbeearum
2046 1986 2114 2034 no·

79 2036 284 2108 studiorum
306 2055 400 2114 recte
423 2042 672 2115 ordinatorum
695 2058 730 2114 et
754 2038 957 2115 scholarum
980 2046 1071 2114 bene
1122 2052 1276 2112 stratum
1315 2044 1428 2137 ipsius
1462 2047 1659 2121 bonitatem
1689 2056 1823 2149 ubique
1856 2061 2113 2150 paratissimam

78 2138 354 2213 constitutarum
368 2145 612 2215 necessitatem
629 2158 665 2216 et
680 2145 850 2215 utilitates
865 2143 1071 2234 intelligunt
1122 2141 1228 2211 nubis
1242 2143 1281 2211 in
1294 2147 1500 2217 memoriam
1515 2154 1770 2237 avocantium,
1797 2182 1839 2229 er
1852 2162 1967 2231 oculis
1981 2166 2112 2237 uostris

78 2251 113 2308 et
129 2242 399 2331 magnifaciunt.
438 2238 588 2316 Accedit
601 2238 688 2330 bue,
711 2246 807 2338 quud
824 2244 984 2316 dolorem
1003 2269 1069 2313 un-
1121 2241 1336 2332 largissimas
1357 2246 1531 2341 lacrymas
1550 2253 1735 2344 exprimit,
1759 2271 1794 2328 et
1814 2261 1886 2328 vim
1901 2262 2037 2334 doloris
2052 2290 2113 2337 er·

79 2339 137 2409 bia
167 2355 274 2431 auget
293 2356 407 2416 metus
429 2345 712 2438 impendentium
741 2347 938 2431 malorum,
978 2370 1070 2439 quae
1123 2359 1270 2435 asperat.

80 2441 190 2511 variis
223 2443 268 2512 de
293 2445 408 2516 causis
433 2445 566 2517 irritari
594 2471 690 2518 nuuc
716 2446 856 2518 facilius
880 2460 916 2518 et
940 2448 1069 2518 accersi
1223 2441 1423 2518 Audiamus
1453 2448 1563 2539 igitur
1590 2452 1738 2525 alteram
1767 2472 1901 2549 partem
1934 2471 2113 2561 precepti

74 2558 247 2633 ροιιιιιιι,
279 2557 465 2640 postquam
486 2548 648 2619 sublatus
672 2560 724 2620 est
747 2548 795 2632 is,
827 2549 890 2642 qui
916 2548 1068 2642 plurima
1121 2541 1325 2632 Siraeidae,
1354 2573 1445 2641 qnae
1465 2550 1562 2621 iubet
1584 2553 1633 2622 ita
1658 2557 1834 2629 moderari
1858 2562 2039 2649 dolorem,
2065 2594 2112 2644 ne

78 2644 226 2736 publica
239 2644 462 2719 incommoda
479 2650 608 2723 avertit
619 2666 654 2721 et
669 2649 854 2741 impedivit
867 2674 930 2721 sua
944 2651 1068 2720 mode·
1121 2647 1177 2717 vel
1194 2649 1325 2719 nostris
1340 2651 1548 2742 corporibus
1562 2667 1595 2724 ιι
1612 2656 1809 2730 valetudini
1833 2662 1905 2732 vim
1928 2666 2111 2755 faciamus,

79 2744 234 2832 ratione,
249 2749 447 2836 tolerantia,
457 2746 948 2838 lenitate,authuritate,addu
961 2751 1067 2821 etiarn
1121 2747 1178 2818 vel
1193 2743 1432 2821 Etbnicornm
1450 2753 1565 2824 luctus
1581 2754 1713 2828 imitari
1729 2760 1935 2853 videamur,
1955 2769 2019 2863 qui
2035 2795 2110 2845 nan

79 2846 247 2940 precibus
270 2852 315 2920 ad
329 2846 472 2938 Deum,
500 2877 587 2946 quas
609 2854 740 2924 scimus
754 2878 834 2923 eum
852 2878 931 2923 cnm
949 2853 1067 2924 studio
1120 2849 1339 2922 considerata
1363 2847 1430 2922 Dei
1461 2854 1500 2924 in
1529 2856 1696 2929 omnibus
1718 2863 1921 2938 actionibus
1941 2887 2111 2963 perpetue

83 2954 459 3042 veraetemperantiae,
474 2955 685 3040 sobrietatis,
700 2954 1068 3045 vigilantiaeetbonae
1119 2951 1295 3039 bonitate,
1320 2954 1458 3024 arnissis
1477 2957 1666 3029 carissimis
1681 2963 1755 3032 suis
1770 2965 1927 3041 fremunt
1940 2972 2110 3049 adversm
2209 3006 2218 3028 ι
2256 2968 2261 2979 ’

80 3051 335 3140 conscientiae,
361 3058 537 3129 constanti
562 3056 745 3146 diligentia
767 3079 831 3146 pro
854 3070 926 3126 tuta
943 3053 1067 3126 Eccle·
1118 3048 1253 3140 Deum,
1283 3068 1318 3125 et
1339 3055 1537 3128 iniusticiae
1553 3061 1654 3152 quasi
1670 3087 1750 3133 eum
1767 3080 1801 3137 et
1816 3066 2109 3164 Tyrannidisae-

78 3155 145 3239 sia,
165 3149 357 3226 Academia
371 3171 405 3228 et
419 3157 555 3229 familia
572 3183 635 3230 sua
648 3158 909 3229 ardentissimas
924 3157 1067 3231 fudisse.
1118 3168 1262 3240 cusant,
1286 3179 1306 3225 a
1330 3158 1461 3250 quibus
1481 3157 1697 3252 blasphemis
1713 3168 1861 3241 vocibus
1875 3185 1911 3245 et
1925 3176 2109 3266 cogitatio-

77 3252 128 3331 Et
153 3270 279 3328 nutum
304 3270 358 3329 est
383 3258 451 3352 piis
477 3259 610 3332 dictum
634 3254 849 3350 Prophetae,
880 3259 942 3354 qui
968 3259 1068 3345 dicit,
1118 3256 1226 3327 uibur
1248 3258 1378 3329 animis
1399 3275 1435 3333 et
1453 3261 1600 3333 auribus
1623 3261 1817 3343 abhorrere
1837 3273 2009 3349 debemus
2028 3303 2107 3362 nos,

77 3355 201 3446 colligi
229 3359 365 3444 bonus,
398 3385 445 3432 ne
469 3362 614 3434 videant
645 3363 737 3433 mala
759 3375 941 3444 secutura,
976 3359 1066 3432 sicut
1117 3357 1180 3452 qui
1195 3359 1326 3432 scimus
1342 3355 1458 3433 Deum
1475 3365 1580 3437 etiam
1596 3366 1727 3438 iratum
1740 3373 2003 3449 misericordiae
2024 3402 2108 3455 anae

76 3459 239 3552 exempla
272 3460 434 3531 omnium
468 3477 621 3536 aetatum
649 3476 683 3533 et
708 3463 866 3553 gentium
893 3476 1067 3533 testantur
1117 3461 1309 3546 recordari,
1333 3473 1369 3531 et
1382 3464 1588 3555 punientem
1604 3469 1822 3557 benefacere,
1847 3489 1882 3546 et
1895 3500 1968 3570 quo
1982 3480 2109 3554 durior

77 3561 334 3653 praestantium
354 3562 533 3646 virorum,
565 3588 629 3656 per
652 3586 743 3657 quus
767 3564 904 3653 insigne
927 3562 1065 3655 aliquid
1118 3572 1170 3632 est
1192 3561 1374 3650 castigatio
1396 3563 1546 3635 infilius
1572 3569 1771 3655 petulantes
1791 3587 1827 3645 et
1855 3576 2032 3666 ingratus,
2062 3608 2107 3655 en

77 3664 121 3735 iu.
133 3657 292 3733 Ecclesia
306 3678 442 3753 gestum
459 3679 520 3736 aut
537 3665 700 3736 effectum
724 3677 793 3746 est,
817 3664 1065 3751 migrationem
1118 3661 1237 3751 ipsum
1271 3663 1474 3734 ardentiore
1500 3671 1642 3764 στοργῇ
1672 3672 1814 3741 eusdem
1845 3699 2034 3753 conversos
2059 3688 2106 3756 ad

77 3758 202 3835 exbac
219 3764 290 3833 vita
303 3766 464 3858 publicas
478 3767 694 3837 calamitates
710 3765 809 3835 brevi
828 3777 963 3834 secutas
979 3787 1065 3843 esse,
1118 3763 1249 3833 bonam
1278 3763 1416 3855 frugem
1446 3768 1654 3860 complecti,
1681 3786 1726 3844 ιι
1757 3775 1937 3849 benefieiis
1965 3805 2107 3867 ornare,

78 3865 287 3960 praesertim
316 3878 436 3936 antem
467 3880 564 3950 tum,
593 3891 674 3937 cum
700 3865 919 3956 ingratitudo
942 3866 1064 3957 pupuli
1118 3864 1335 3934 moesticiam
1364 3865 1462 3935 illam
1493 3893 1534 3939 ex
1564 3873 1809 3946 recordatione
1828 3902 2021 3968 poenarum
2045 3910 2106 3957 or-

78 3965 223 4039 aeceasit
236 3967 438 4057 spernentia
450 3968 512 4037 illa
529 3969 642 4051 dona,
668 3982 702 4039 et
717 3968 940 4039 extenuantis
958 3971 1065 4037 bene-
1116 3978 1202 4050 tam,
1227 3966 1445 4038 lenientibus
1459 3985 1494 4042 et
1507 3973 1678 4063 paulatim
1693 3976 1932 4061 abolentibua,
1955 3982 1991 4052 id
2008 3988 2119 4080 qnad'

77 4069 178 4152 ficia,
201 4065 404 4161 quaeDeus
427 4092 490 4162 per
509 4070 591 4140 illos
605 4064 842 4141 Ecclesiamm
863 4070 1067 4141 benefacto-
1117 4067 1272 4156 singuli,
1294 4069 1357 4164 qui
1374 4067 1646 4145 Patreafaruilias
1660 4099 1801 4161 sumus,
1826 4081 1865 4150 in
1878 4083 2107 4175 castigatione

78 4193 139 4241 res
159 4168 307 4259 largitus
330 4183 405 4252 est,
443 4170 533 4242 sicut
555 4165 646 4262 prob
667 4171 773 4242 dnlur
794 4170 949 4243 vidimus
971 4167 1066 4242 bunc
1118 4169 1312 4240 liberorum
1345 4186 1548 4244 nostrorum
1579 4179 1802 4268 experimur,
1840 4185 1987 4276 quibua,
2024 4212 2106 4263 eum

77 4286 241 4343 nostrum
275 4271 375 4364 pium
409 4285 446 4344 et
474 4274 609 4361 optime
637 4272 804 4342 meritum
831 4275 875 4342 de
901 4275 1065 4345 universa
1118 4292 1234 4342 mores
1261 4275 1455 4346 emendant
1482 4279 1584 4347 etad
1609 4278 1848 4354 obedientiam
1871 4287 2028 4361 debitam
2047 4315 2106 4363 re-

79 4371 283 4466 posceritate
304 4370 594 4467 Praecepturem,
624 4375 672 4444 ab
700 4374 881 4467 aliquibus
907 4388 1067 4445 cuntem·
1119 4373 1241 4458 deunt,
1267 4387 1347 4463 post
1360 4375 1478 4465 plagas
1493 4391 1526 4448 et
1541 4379 1689 4451 verbera
1706 4382 1889 4458 blanditiis
1901 4402 1938 4461 et
1954 4414 2105 4466 munus·

79 4487 201 4566 ptum,
231 4475 278 4544 ab
297 4473 479 4568 aliquibus
492 4476 716 4562 infestatum,
739 4476 786 4547 ab
803 4476 982 4569 aliquibus
999 4469 1066 4545 bo-
1117 4473 1208 4545 culis
1229 4488 1386 4546 nostram
1409 4491 1594 4567 paternam
1621 4487 1894 4574 propensionem
1918 4504 1953 4562 et
1974 4484 2105 4567 carita-

78 4575 211 4647 stiliter
232 4575 381 4667 petitum
402 4576 531 4660 luisse,
555 4578 689 4672 quibus
710 4578 856 4649 fortasse
872 4572 930 4648 bic
948 4590 1067 4647 noster
1118 4588 1190 4645 tem
1220 4599 1324 4668 saepe
1353 4580 1573 4652 manifestius
1603 4584 1823 4657 declaramus
1853 4614 1961 4682 quam
1988 4609 2106 4671 antu.

79 4676 198 4751 luctus
221 4689 255 4749 et
277 4701 419 4749 moeror
438 4679 677 4768 gratissimum
699 4678 937 4771 spectaculum
965 4703 1067 4770 prae-
1119 4674 1240 4767 Quare
1260 4691 1295 4750 et
1317 4679 1500 4751 domestici
1521 4706 1561 4759 ac
1581 4686 1791 4780 propinqui,
1815 4690 1879 4782 qui
1899 4695 2027 4769 merita
2047 4698 2106 4769 lu.

78 4777 199 4862 bebit,
222 4793 257 4849 et
279 4800 410 4851 sannas
429 4804 470 4851 ac
488 4804 683 4853 sarcasmos
708 4781 791 4851 felle
805 4782 998 4851 amariores
1010 4780 1068 4851 di·
1118 4792 1221 4869 gent,
1245 4780 1308 4849 tali
1329 4802 1366 4851 ae
1390 4795 1510 4872 patre,
1530 4808 1615 4868 avo,
1640 4801 1808 4876 cognatu,
1832 4791 1938 4865 affine
1961 4799 2107 4872 orbatae

76 4878 210 4967 stabit,
245 4891 288 4952 ut
316 4894 481 4953 nostrum
511 4883 756 4955 dolorem-sua
781 4882 1012 4953 insultatione
1033 4893 1070 4953 et
1120 4902 1215 4961 ease,
1240 4892 1275 4951 et
1295 4905 1362 4952 nos
1383 4883 1534 4976 reliqui,
1560 4886 1622 4979 qui
1644 4887 1713 4977 ipsi
1729 4889 1896 4965 familiari
1915 4914 2106 4973 consuan-

78 4975 282 5074 triurnpbo,
306 5005 415 5075 quem
428 4985 473 5053 de
489 4972 756 5055 nostraimodc
770 4983 913 5076 publica
926 4983 1069 5054 miseria
1121 4980 1206 5051 dine
1224 4983 1407 5055 coniuncti
1429 4984 1585 5070 fuimus,
1617 4980 1684 5058 bac
1706 4991 1919 5079 cogitatione
1944 5001 2107 5073 dolorem

77 5096 203 5175 agent,
236 5083 473 5160 accumulent.
531 5082 603 5181 Hie
631 5099 747 5157 means
771 5085 1011 5157 mutationum
1034 5098 1071 5159 et
1118 5083 1365 5168 moderemur,
1390 5084 1486 5178 quod
1502 5085 1730 5161 acimmeum
1745 5098 1933 5171 mortalem
1947 5103 2107 5191 genitum

78 5208 332 5259 aerumnarum
352 5187 595 5280 publicarum,
619 5208 819 5281 qnasmurs
835 5181 942 5258 buius
956 5186 1070 5257 nostri
1119 5182 1247 5264 fuisse,
1278 5198 1316 5256 et
1337 5186 1436 5278 quud
1457 5186 1662 5263 mirandum
1685 5208 1755 5280 cat,
1780 5197 1814 5267 ei
1833 5198 1874 5271 in
1893 5214 1990 5273 tanta
2006 5203 2110 5275 labo-

77 5286 192 5381 patris
205 5311 247 5360 ae
261 5287 434 5380 collegae,
454 5302 491 5361 ιι
503 5289 657 5361 aliorum
674 5286 817 5381 piorum
832 5313 875 5361 ac
887 5289 980 5359 bene
995 5311 1071 5359 me-
1120 5310 1223 5371 rum,
1255 5308 1441 5372 curarum,
1471 5288 1731 5383 molestiarum,
1764 5300 1997 5399 certaminum
2021 5306 2111 5377 assi·

78 5388 232 5465 riturum
257 5389 440 5476 virorum,
469 5414 562 5488 quoa
579 5391 867 5485 ιιιιὶιιιιιιιιιίι
881 5390 1071 5471 intervallo
1121 5386 1326 5477 duitateet·
1343 5389 1535 5569 acequitate
1554 5407 1682 5471 tamen
1705 5396 1850 5489 aDeo,
1878 5396 1978 5477 baud
2004 5408 2114 5483 dubie
