4748 6022
84 128 161 245 rio

679 133 1119 261 ouassmosus·
1144 158 1548 285 assonarent.

531 350 554 409 ,ζ
599 354 625 401 ῃ
692 382 695 389 .
840 332 1309 441 23.tun.153⁹.lt)uocetio
1351 341 1393 409 in
1431 346 1662 431 promotione
1703 347 1815 421 Dori.
1848 355 2124 435 leonhardi

631 448 634 453 ·
710 456 714 461 -
858 439 1070 474 Μ
1127 441 1372 538 Stettnecs'
1409 448 1600 536 proposita
1645 471 1670 519 a
1713 448 1942 530 chiliano
1983 463 2123 536 Gold-

861 577 888 630 Ρ,
903 556 962 627 353,
1347 548 1499 634 stein,
1531 549 1697 640 iuniore,
1732 562 1769 623 α’.
1791 553 1902 632 1539.

156 560 188 613 ln
204 557 317 629 Quaest.
332 576 359 631 p.
372 555 416 612 85.
453 555 521 611 item
534 555 564 635 iu
581 554 686 637 Causil.
699 555 766 612 Mel.
780 555 811 616 P.
826 556 847 614 l.

85 739 258 823 Quaestio
274 755 298 805 a
315 734 344 805 a
351 728 399 805 ts
406 733 533 805 liano
550 698 817 822 Goldsteia,
842 728 922 829 filio
938 733 1078 803 Docto·
1126 671 1244 804 Nulla
1255 684 1368 755 Vim
1383 702 1442 758 ³¹¹¹
1454 692 1564 781 ’ΜΨ
1580 697 1774 770 mmm
1790 710 1988 798 εειΡῦθΐῑὸι
2014 739 2120 808 ΨΜ·

82 844 156 926 νὴ,
188 840 381 931 provomit
398 835 556 907 poem,
584 823 912 931 Woppyanyod
934 831 1076 924 Book,
1128 785 1370 902 leurecundia,
1403 804 1462 858 aut
1486 792 1523 859 in
1548 806 1667 867 tenera
1703 815 1815 874 aetate
1842 811 1985 894 gratior.
2054 813 2119 891 Est

422 934 473 1010 ²3
505 940 527 1007 ι
583 933 727 1010 „1539
1127 904 1222 955 erum
1246 889 1366 958 nutrix
1390 894 1560 982 quaedam
1586 911 1802 972 caeterarum
1827 909 2009 987 virtutum.
2064 917 2119 990 De

444 979 446 984 ’
476 989 486 1010 ·
525 958 608 1008 “²²²⁸
728 984 739 1005 ⁹
1126 983 1192 1056 hac
1216 1014 1296 1058 curn
1319 993 1477 1082 quotidie
1495 997 1635 1067 anodiam
1654 995 1899 1078 honestissima
1924 1033 2120 1111 praecepta,

84 1091 225 1175 Nostra
249 1113 342 1168 was
365 1122 438 1168 non
462 1099 568 1170 debet
590 1098 659 1168 ,phi
681 1120 819 1168 ,umere
842 1098 1013 1168 iuditium
1031 1100 1076 1168 de
1125 1091 1282 1179 profecto
1310 1115 1404 1178 eam,
1439 1110 1611 1187 quantum
1641 1124 1803 1193 possum,
1839 1113 1954 1185 colere
1981 1124 2116 1200 studeo.

45 1236 62 1243 ..
83 1200 432 1291 moribuspubhci‘,
459 1201 816 1293 quosmffiofflnam
836 1200 1076 1270 instituemus,
1126 1188 1245 1277 Quare
1280 1216 1343 1311 vos
1377 1218 1483 1283 rogo,
1521 1221 1567 1265 ne
1594 1225 1649 1269 me
1679 1204 1896 1296 impudentia
1924 1220 2116 1294 adductum

83 1304 158 1375 Nos
180 1325 303 1394 parm
323 1301 475 1392 publici·
497 1301 670 1371 inmuni,
691 1303 805 1371 decet,
863 1300 932 1370 Sed
956 1313 1075 1370 samen
1125 1292 1347 1378 existimetis,
1381 1312 1421 1365 ut
1450 1298 1488 1366 in
1519 1315 1618 1371 caetu
1640 1308 1927 1392 gravissimorum
1958 1322 2116 1396 virorum

83 1406 180 1500 quod
203 1402 322 1495 punis
342 1403 381 1472 in
403 1402 466 1474 ,ali
488 1424 652 1473 commu
671 1403 955 1473 ,1005355m0ffim
978 1403 1077 1472 vtro.
1124 1395 1237 1463 ausim
1269 1419 1465 1486 proponere
1490 1405 1744 1492 quaestionem.
1810 1411 1916 1484 Scitis
1941 1424 2034 1493 enim
2060 1453 2116 1499 me

84 1530 164 1578 rum
179 1505 278 1575 locus
294 1506 418 1586 datur,
445 1504 599 1574 arbitror
610 1505 741 1574 factum
759 1526 855 1588 esse,
880 1526 941 1573 seu
955 1518 994 1575 ut
1009 1527 1088 1579 nos
1123 1517 1247 1585 parere
1267 1498 1448 1570 autoritati
1471 1499 1760 1594 praeceptorum,
1785 1514 1856 1607 qui
1881 1531 2115 1599 conservandi

83 1607 262 1678 discamus
275 1620 440 1697 spectare
459 1619 496 1676 et
509 1606 678 1675 admirari
699 1600 852 1675 honores
865 1606 1076 1691 studiorum,
1125 1597 1257 1686 publici
1280 1600 1389 1668 moris
1408 1626 1527 1688 causa,
1562 1602 1650 1677 milri
1669 1610 1706 1678 in
1726 1607 1791 1683 hac
1808 1640 1935 1708 pompa
1951 1616 2016 1693 bas
2032 1628 2128 1717 par·'

83 1733 147 1779 ‘eu
162 1710 475 1778 madmoneamm,
487 1703 679 1793 Douma,
704 1708 1074 1801 utaeqnoantmofa.
1124 1709 1175 1766 tes
1198 1700 1386 1804 dederunt.
1441 1701 1514 1773 Nec
1538 1711 1654 1779 meum
1680 1726 1746 1797 est,
1777 1718 1955 1793 decausis
1979 1732 2114 1817 publici

84 1823 184 1893 rant,
211 1833 247 1879 se
263 1810 473 1900 interrogari
490 1810 697 1893 nudibus,-
721 1823 757 1879 ,t
773 1809 910 1898 werde
926 1831 1073 1896 mm.
1124 1800 1252 1881 moris,
1279 1816 1339 1872 aut
1359 1803 1490 1874 iudicio
1515 1826 1780 1902 praeceptorum
1797 1820 1989 1910 disputare.
2041 1831 2113 1904 Sed

85 1919 207 1996 deam,
236 1905 1073 2004 cogitentqueseideoinhoch⁰1¹⁰¹l⁸8ffld⁰
1123 1908 1241 1969 tamen
1271 1904 1415 1992 opinor,
1442 1900 1539 1977 hunc
1562 1935 1696 1983 morem
1720 1916 1921 1994 institutum
1946 1951 2038 2017 esse,
2075 1950 2114 2008 ut

85 2013 258 2082 divinitus
284 2012 467 2094 collocari,
500 2024 541 2081 ut
562 2010 798 2083 imbecillitati
820 2011 974 2079 aliorum
994 2011 1073 2102 opi·
1123 2024 1189 2071 nus
1205 2004 1305 2091 pueri
1320 2009 1532 2079 disceremus
1546 2013 1668 2083 mirari
1685 2032 1719 2087 et
1733 2012 1886 2094 honores
1901 2030 2113 2124 studiorum,

84 2115 262 2197 tulemur,
295 2137 369 2181 non
398 2126 439 2183 u,
463 2111 819 2201 superbepfflfdiam
850 2113 1072 2185 infirmiores,
1121 2103 1247 2194 'etipsa
1265 2107 1400 2191 studia,
1427 2117 2042 2222 seuutadmonereuturDoctores,
2068 2162 2113 2209 ne

79 2213 252 2304 Propono
281 2212 393 2299 igitur
413 2212 671 2303 quaestionem:
701 2208 839 2282 Utrum
859 2212 915 2282 cir
934 2210 1073 2282 nobilis
1122 2207 1274 2294 superbe
1301 2208 1483 2281 fastidiant
1514 2213 1748 2300 indoctiores,
1788 2228 1848 2293 sed
1880 2222 1945 2298 hos
1969 2257 2110 2331 qnoque

83 2306 592 2386 Nicomedemwmmpmpp
605 2312 645 2380 ἡ,
660 2308 773 2407 [ΨΜ
789 2310 934 2384 puppam
944 2308 1072 2383 Μαῐι.
1122 2306 1299 2395 patienter
1312 2311 1475 2392 audiant‚
1504 2329 1539 2384 et
1552 2317 1581 2385 si
1598 2342 1686 2407 opus
1705 2336 1777 2406 est,
1803 2329 1980 2408 erudiant.

82 2411 215 2504 statis,
255 2436 332 2481 cum
354 2420 538 2510 spectante
562 2410 718 2508 populu,
755 2423 973 2511 concerperet
995 2411 1072 2485 edi.
1221 2404 1387 2502 Propono
1415 2412 1525 2502 igitur
1551 2420 1791 2510 quaestionem
1817 2428 1960 2518 dignam
1988 2436 2112 2533 dispo.

83 2527 179 2585 ctum
224 2511 384 2584 oblicum
400 2510 642 2610 Imperatoris
659 2511 910 2598 Diocletiani,
944 2515 983 2584 in
1026 2540 1073 2586 uo
1121 2507 1271 2578 tatione:
1301 2507 1382 2592 An,
1408 2537 1487 2582 cum
1502 2521 1736 2610 Augustinus
1751 2520 1906 2616 dixerit,
1931 2530 2022 2607 Non
2037 2565 2111 2614 cre-

83 2540 357 2696 mandgbawr'
394 2625 432 2684 u,
453 2615 611 2686 smmi„
636 2625 857 2689 exercerem,-
889 2617 929 2686 ἡ,
957 2541 1072 2689 Cipi.
1122 2602 1240 2677 derern
1256 2607 1491 2706 Evangelio,
1515 2618 1595 2688 nisi
1614 2619 1804 2695 Ecclesiae
1828 2629 2022 2731 crederem,
2050 2670 2110 2715 vo-

84 2719 229 2790 stianos
236 2717 258 2784 ?
374 2762 377 2767 Ι
1122 2704 1231 2780 luerit
1244 2712 1427 2812 anteferri
1433 2713 1646 2813 Evangelio
1660 2725 1848 2822 opiniones
1862 2758 2109 2843 quascunque,

183 2853 237 2926 Ac
251 2856 407 2952 primum
425 2855 567 2925 videtur
586 2855 693 2925 inisse
709 2858 843 2926 crimen
860 2859 971 2928 laesae
989 2857 1071 2929 Ma·
1121 2802 1311 2884 haerentes
1327 2839 1367 2954 's'
1383 2813 1583 2958 Ecclefm?
1788 2934 1790 2939 ,

82 2959 230 3043 iestatis,
264 2960 358 3029 irrxta
379 2958 403 3030 l.
430 2955 503 3045 Qui
529 2970 660 3029 statuas
677 2958 715 3031 ll.
739 2964 783 3029 ad
801 2960 911 3048 legem
932 2958 1072 3046 Iuliam,
1194 2931 1277 3051 ,Αο
1300 2959 1455 3026 Pf¹m¹¹¹¹¹
1479 2965 1530 3009 ⁸¹⁰
1552 2963 1796 3043 ³f8¹¹¹¹¹⁰¹¹l⁰i2
1828 2956 2015 3045 ⁰Pl¹¹l⁰⁰0⁸
2037 2961 2109 3040 Ee·

81 3059 286 3130 Maiestatis.
342 3058 412 3130 Sed
429 3054 606 3127 Eusebius
622 3058 740 3130 landat
756 3059 792 3127 in
810 3084 850 3130 eo
866 3062 943 3130 vico
960 3063 1071 3150 pieta·
1122 3034 1245 3103 ‘lem‘
1262 3039 1504 3110 anteferendffss
1520 3068 1593 3114 ²⁸⁸⁰
1607 3042 1814 3139 ΕῊὈΒΕῙῙΟ·

82 3178 153 3236 ιιιιι
178 3177 211 3231 ιι
232 3159 513 3251 magnitudinem
543 3160 671 3229 animi.
733 3158 817 3232 ldeo
850 3187 1072 3257 quaeramus,
1172 3152 1266 3242 Quia
1293 3170 1407 3228 certus
1430 3161 1526 3231 testis
1549 3178 1600 3234 est
1622 3170 1870 3243 anteferendus
1884 3181 2059 3273 ambiguis
2074 3203 2108 3260 et

74 3287 126 3366 fron
143 3265 273 3334 lactum
289 3286 370 3332 vere
384 3261 524 3367 delendi
542 3262 662 3355 possit.
1222 3257 1382 3327 obscuris
1403 3261 1553 3353 scriptis.

98 3360 277 3453 'summa
311 3381 474 3473 impiet„
507 3394 578 3463 es„
620 3405 692 3449 „00
717 3396 835 3472 ,pem
867 3383 1071 3478 improbare
1170 3351 1326 3427 Ecclesia
1342 3373 1393 3429 est
1413 3377 1528 3433 certus
1550 3368 1665 3454 testis,
1687 3366 1920 3464 Evangelium
1936 3397 1986 3453 est
2003 3410 2106 3482 saepe

2054 192 2242 267 726·

180 3485 365 3555 saeviciam
386 3483 637 3578 Tyrannorum
655 3496 777 3552 contra
798 3481 1044 3575 Evangelium.

70 3625 73 3631 ·
130 3600 199 3671 Hic
215 3600 348 3670 nobilis
360 3595 627 3667 Nicomedensis
643 3610 761 3687 aperte
778 3612 920 3684 lassatus
936 3618 1069 3691 est,·se

182 3700 383 3792 improbare
398 3699 566 3768 iniustam
581 3697 835 3767 crudelitatem.

132 3817 226 3909 Ergo
246 3819 301 3910 pie
317 3830 353 3887 ιι
370 3822 465 3885 recte
479 3815 572 3887 fecit.
621 3812 695 3885 Nec
711 3815 819 3885 laedit
834 3816 1067 3901 Maiestatem,

182 3921 243 4015 qui
259 3917 419 3989 notoriae
435 3915 635 3987 crudelitati
651 3917 791 3986 resistit.

203 4054 291 4124 Peto
306 4064 443 4132 ιιιιιιιιι,
477 4064 517 4120 ιιι
530 4045 622 4118 hanc
636 4051 876 4143 quaestionem
892 4053 948 4124 vir
962 4055 1069 4127 nobi-

79 4159 181 4243 bilis,
202 4155 379 4227 Dominus
393 4145 663 4248 Wolsgangus
675 4175 699 4219 a
710 4147 812 4221 Bocl
825 4151 977 4240 Ductor,
997 4181 1066 4227 no-

78 4262 134 4330 bis
158 4256 317 4350 explicet.
375 4250 544 4325 Continet
565 4255 659 4323 euim
683 4277 740 4322 res
761 4255 886 4342 dignas
906 4259 1066 4349 disputa-

78 4363 176 4431 tione
211 4357 462 4450 praestantium
499 4356 657 4424 virorum
693 4355 731 4423 iu
763 4355 981 4448 Republica,
1021 4363 1066 4430 de

81 4462 251 4551 dignitate
273 4457 493 4549 Religionis,
527 4471 562 4531 ιιι
589 4459 633 4527 de
661 4481 736 4526 nou
757 4457 901 4530 serenda
921 4458 1065 4555 Tyran-

80 4565 174 4633 niele.

87 4834 362 4850 Μ

79 5029 147 5101 Νο.
177 5028 235 5099 18.

75 5141 246 5172 w

868 5054 918 5098 an.
946 5035 1042 5099 1639.

146 5263 177 5316 ln
197 5256 356 5330 Quaestiou.
378 5274 404 5327 p.
419 5257 453 5311 85
462 5252 488 5307 b.
521 5251 588 5307 ltem
601 5253 629 5306 in
643 5254 746 5308 Consil.
760 5254 826 5308 Mel.
840 5252 870 5308 Ρ.
884 5255 907 5309 Ι,
919 5266 945 5325 p'.
956 5254 1016 5311 856.
1027 5284 1062 5300 .-

183 5331 376 5400 Fragmentum
389 5322 546 5396 autographi
563 5321 626 5380 Mel.
640 5331 682 5377 est
694 5323 721 5377 iu
735 5326 796 5379 cod.
812 5322 900 5380 Gotls.
913 5342 958 5382 no.
970 5324 1033 5381 sto.

1220 3460 1369 3529 obscure
1386 3461 1569 3552 scriptum.

1169 3555 1265 3649 Ergo
1298 3561 1485 3650 opiniones
1515 3564 1692 3639 Ecclesiae
1725 3590 1809 3646 srrnt
1839 3585 2106 3677 anteferendae,

1220 3663 1423 3749 praesertim
1464 3667 1688 3740 confirmatae
1732 3674 1874 3750 iudiciis
1920 3686 2103 3762 doctorum

1220 3762 1335 3832 omnis
1362 3768 1494 3836 aetatis.

1244 3880 1424 3951 Minorem
1450 3889 1580 3975 probo,
1604 3891 1686 3984 quia
1712 3890 1842 3968 Paulus
1862 3916 1964 3974 vocat
1981 3900 2104 3977 Eccle-

1117 3981 1223 4069 siam,
1248 3984 1450 4055 columnam
1472 4002 1505 4056 et
1527 3993 1644 4062 sedem
1669 3996 1837 4073 veritatis.
1889 4001 2008 4091 Quare
2022 4031 2102 4078 cum

1116 4097 1257 4154 necesse
1281 4086 1327 4154 sit
1338 4086 1359 4170 ,‘
1384 4110 1521 4179 semper
1547 4114 1621 4162 esse
1643 4089 1857 4186 Ecclesiam,
1888 4129 2027 4177 necesse
2050 4123 2103 4180 est

1116 4209 1254 4277 semper
1276 4187 1457 4257 veritatem
1479 4190 1517 4258 in
1540 4216 1578 4262 ea
1604 4201 1816 4270 conservari.

1115 4288 1269 4357 sumitur
1287 4287 1457 4358 iudicium
1482 4294 1527 4361 de
1542 4296 1782 4385 dogmatibus,
1815 4329 1856 4373 ex
1871 4308 2103 4397 opinionibus

1086 4454 1090 4468 ,
1114 4388 1152 4457 iu
1167 4384 1325 4459 Ecclesia
1347 4392 1506 4482 receptis.
1562 4396 1714 4491 ideoque
1729 4424 1867 4495 semper
1886 4423 2002 4498 patres
2014 4414 2102 4484 alle·

1114 4503 1201 4577 gant
1215 4491 1406 4581 superioris
1420 4490 1598 4571 Ecclesiae
1615 4499 1744 4571 iudicia
1760 4518 1794 4574 et
1808 4511 2020 4598 sententias,
2051 4516 2102 4595 εἰ·1
2184 4513 2190 4523 ’

1114 4605 1172 4660 cut
1189 4591 1333 4661 lreneus
1349 4593 1476 4683 allegat
1493 4595 1745 4693 Polycarpum,
1769 4603 1923 4679 Basilius
1940 4612 2007 4697 ait,
2031 4617 2100 4686 sibi

1113 4688 1229 4762 adhuc
1242 4694 1280 4763 in
1297 4695 1442 4765 auribus
1460 4720 1649 4786 personare
1660 4699 1865 4794 Athanasii,
1889 4724 1923 4779 ιι
1937 4714 2100 4803 aliorum,

1113 4795 1370 4886 quosaudivit,
1398 4799 1501 4870 dicta.
1552 4799 1599 4872 Et
1615 4805 1751 4894 inquit,
1784 4805 1823 4872 in
1839 4805 1995 4883 Ecclesia
2011 4819 2101 4909 dog-

1112 4908 1205 4965 mata
1231 4919 1304 4965 esse
1325 4901 1573 4988 proponenda,
1599 4926 1687 4992 quae
1709 4905 1901 4997 scripturae
1917 4909 2099 5005 Apostoli.

1112 5018 1171 5063 cae
1193 5011 1288 5065 certo
1317 5001 1480 5077 tradunt,
1508 5015 1540 5069 et
1561 5026 1650 5093 quae
1670 5028 1743 5073 non
1765 5027 1924 5099 pugnant
1938 5040 2018 5088 cum
2035 5046 2098 5112 pa.

1112 5096 1237 5169 tribus.
1312 5094 1360 5167 Et
1391 5095 1615 5171 Theodosius
1640 5103 1833 5194 Imperator
1861 5113 1910 5184 ita
1932 5124 2099 5209 repressit

1112 5221 1190 5280 eos,
1217 5198 1277 5288 qui
1294 5201 1385 5267 male
1400 5201 1600 5276 sentiebant
1616 5207 1659 5276 de
1677 5205 1873 5299 Trinitate‚
1905 5223 2099 5307 postulans,

1110 5313 1150 5371 ut
1173 5298 1383 5368 testimoniis
1406 5297 1570 5391 Petrum,
1600 5309 1664 5402 qui
1684 5325 1773 5408 aute,
1787 5330 1924 5386 exortas
1940 5314 2099 5397 haereses

1386 5398 1505 5473 to*
