4748 6022
205 313 282 389 858

205 493 368 561 deantur.
426 483 523 556 Haec
546 487 741 577 petulantia
770 487 809 556 in
839 481 904 555 bac
926 481 1129 572 Anarchia,
1162 499 1196 556 et

205 588 460 663 dilaceratione
490 589 720 678 imperiorum
754 603 787 658 et
808 583 1070 674 Ecclesiarum',
1105 582 1194 680 proh

143 710 146 717 '
204 695 325 775 dolor,
352 705 491 760 crescet.
543 689 663 778 Quare
678 691 727 780 pii
743 705 777 761 et
790 691 965 781 sapientes
979 691 1194 778 gubernato-

207 820 263 864 res
273 796 468 885 prudenter
483 794 636 880 cogitare
650 794 780 863 debent
794 794 838 861 de
853 793 971 861 nervis
985 795 1193 864 concordiae

206 900 244 966 in
259 893 444 976 Ecclesiis,
471 918 561 986 quae
576 909 668 965 recte
683 891 797 964 Deum
814 880 992 967 invocant.

305 1013 391 1084 Fuit
416 1012 593 1080 laudanda
615 1011 767 1100 gravitas
794 1007 972 1082 Ecclesiae
997 1006 1194 1081 Antioche-

205 1141 290 1200 nae,
314 1138 404 1209 quae
427 1137 506 1183 cum
521 1112 789 1185 samosatenum
807 1115 1022 1195 damnasset,
1052 1128 1193 1183 contro-

203 1219 316 1288 versia
332 1216 458 1286 ordine
472 1216 629 1304 cognita,
658 1217 783 1307 petivit
799 1217 844 1285 ab
860 1213 1058 1285 Aureliano
1078 1214 1194 1303 lmpe-

203 1334 341 1405 ratore,
369 1340 571 1411 quanquam
586 1314 763 1402 Ethnico,
790 1331 830 1387 ut
852 1319 997 1409 pelleret
1013 1319 1100 1386 urbe
1115 1313 1194 1385 An-

204 1418 337 1493 tiochia
362 1419 643 1492 Samosatenum.
703 1417 798 1489 Huic
814 1420 995 1510 petitioni,
1021 1420 1103 1513 quia
1119 1443 1194 1488 reru

204 1514 392 1594 iudicatam
418 1544 491 1589 esse
517 1545 536 1590 a
559 1521 723 1611 plurimis
735 1517 923 1614 Episcopis
947 1522 1076 1592 virtute
1093 1519 1196 1613 pra'e-

203 1626 379 1696 stantibus
395 1624 574 1708 audierat,
600 1624 766 1698 adsensit.

304 1741 518 1835 Respondeo
534 1742 643 1835 igitur
665 1745 787 1814 detua
807 1745 1013 1838 quaestione
1027 1744 1194 1815 breviter.

307 1859 428 1951 Turpe
460 1872 512 1930 est
536 1860 706 1950 cogitare,
739 1859 987 1950 Magistratum
1008 1861 1194 1950 politicum

133 1995 135 1999 ·
206 1977 343 2036 tantum
369 1963 469 2032 velut
490 1956 779 2046 Armentarium,
812 1964 992 2031 custodem
1017 1986 1091 2032 esse
1117 1986 1196 2031 cor-

204 2091 343 2158 porum.
402 2061 508 2131 Prius
534 2062 690 2130 oflicium
715 2077 783 2147 est,
818 2064 972 2132 retinere
993 2089 1111 2133 veram
1127 2061 1196 2133 Dei

206 2169 375 2237 noticiam
392 2163 430 2229 iu
445 2185 571 2251 genere
588 2157 764 2248 humano,
789 2178 823 2235 et
837 2165 1073 2256 disciplinam.
1110 2165 1195 2235 ldeo

203 2269 363 2357 regulam
389 2277 565 2333 tenemus:
605 2263 834 2354 Magistratus
871 2281 924 2338 est
950 2266 1068 2337 vcustos
1099 2268 1196 2357 legis,

203 2369 369 2438 videlicet
384 2366 518 2457 primae
533 2380 567 2436 et
584 2369 757 2437 secundae
780 2368 929 2442 tabulae.
981 2368 1128 2440 Necesse
1145 2384 1197 2440 est

203 2472 314 2560 igitur
336 2470 381 2538 ab
411 2492 452 2536 eo
473 2468 552 2536 tolli
574 2464 819 2562 blasphemos,
850 2470 1030 2560 periuros,
1064 2496 1195 2563 magos.

203 2570 252 2645 Et
278 2573 371 2640 inter
392 2565 620 2664 blasphemos
638 2584 740 2655 sunt,
765 2571 829 2664 qui
846 2571 1029 2647 ldolorum
1048 2576 1196 2660 cultum,

204 2688 264 2745 aut
280 2670 439 2743 haereses
455 2687 572 2761 aperte
586 2687 783 2764 pugnantes
799 2698 878 2743 cum
889 2673 1089 2769 Symbolis,
1114 2700 1196 2770 per-

205 2777 368 2846 tinaciter
386 2764 595 2846 defendunt.
962 2763 965 2769 ⁵

308 2891 417 2981 Quod
441 2903 558 2961 autem
580 2890 764 2960 obiicitur:
790 2887 973 2963 Christum
991 2917 1063 2962 non
1080 2892 1197 2962 sanci-

204 3015 244 3065 re
259 2993 433 3086 supplicia
448 3015 660 3085 corporum,
685 3005 823 3065 tantum
839 2994 941 3087 dicit:
968 2995 1014 3064 sit
1022 2994 1088 3063 tibi
1100 2995 1198 3063 velut

204 3094 392 3168 Ethnicus.
437 3090 495 3164 Ad
513 3091 580 3164 hoc
596 3094 783 3165 manifesta
796 3096 978 3187 responsio
996 3109 1063 3165 est:
1089 3090 1197 3165 Chri-

165 3263 168 3269 .
204 3213 279 3270 stus
295 3201 339 3267 de
363 3196 507 3267 iudiciis
521 3194 700 3267 Ecclesiae
715 3197 891 3291 loquitur,
926 3221 1000 3268 non
1023 3200 1067 3269 de
1084 3199 1197 3289 impe-

159 3370 160 3375 ,
203 3302 279 3371 riis.
337 3298 474 3368 loterea
499 3311 617 3367 tamen
638 3299 810 3390 adprobat
831 3301 985 3393 politias.
1036 3299 1085 3372 Et
1102 3314 1196 3391 certe

204 3407 318 3495 ipsam
343 3401 454 3489 legem
479 3401 570 3485 Dei,
604 3418 769 3495 quaeest
798 3404 979 3494 sapientia}
996 3418 1030 3473 et
1059 3403 1194 3472 iusticia

204 3504 291 3590 Dei,
323 3528 397 3573 non
423 3499 730 3578 aboletChristus.
780 3503 854 3573 Lex
876 3507 970 3574 bona
985 3518 1053 3587 est,
1078 3504 1196 3596 inquit

200 3607 355 3687 Paulus,
394 3605 549 3694 legitime
575 3606 705 3689 utenti3
750 3603 854 3674 ltem:
893 3606 967 3675 Lex
1000 3608 1112 3697 posita
1145 3618 1197 3674 est

205 3709 325 3797 impiis
348 3701 617 3796 etprophanis,
647 3707 711 3775 ubi
734 3720 826 3777 certe
852 3702 1074 3798 blasphemos
1098 3732 1196 3776 corn-

203 3808 371 3902 plectitur
390 3803 535 3878 Paulus.
590 3804 654 3875 llla
678 3812 765 3877 vero'
786 3809 931 3901 querela
955 3812 998 3878 de
1014 3808 1195 3910 Tyrannis

204 3907 435 3981 abutentibus
460 3907 631 3998 imperio,
671 3923 706 3980 et
740 3912 982 3982 exercentibus
1009 3911 1194 3981 saeviciam

205 4010 273 4082 lroc
290 4022 495 4103 praetextu,
521 4033 595 4077 non
612 4010 764 4081 abducat
781 4012 858 4100 pios
876 4011 1093 4107 Principesa
1113 4037 1195 4083 cura

205 4112 468 4206 cognoscendae
483 4112 686 4198 doctrinae,
713 4126 747 4182 et
764 4114 832 4184 rite
845 4116 971 4184 tuendi
986 4139 1196 4187 consensum

204 4221 243 4287 in
259 4240 344 4286 vera
360 4214 534 4285 doctrina.
585 4211 737 4285 Peccant
753 4213 917 4309 Tyranni
934 4243 995 4303 eo,
1021 4219 1104 4312 quia
1121 4218 1196 4287 sine

205 4319 362 4409 legitima
383 4315 585 4406 cognitione
600 4311 765 4386 homines
786 4318 1017 4392 interficiunt.
1071 4318 1197 4408 Qualis

205 4435 322 4491 autem
347 4419 566 4491 instituenda
587 4419 833 4508 sit'cognitio,
865 4422 927 4515 qui
955 4424 1044 4492 ordo
1073 4421 1197 4500 iudicii

206 4546 279 4591 esse
306 4520 449 4600 debeat,
489 4521 645 4594 ostendit
677 4521 844 4616 Synodus
877 4521 1131 4615 Apostolorum
1158 4525 1197 4591 in

205 4619 318 4694 Actis.
370 4616 419 4690 Et
438 4615 600 4691 Christus
620 4622 754 4716 inquit:
789 4622 858 4695 Dic
883 4622 1074 4697 Ecclesiae.
1124 4624 1198 4695 Nec

209 4722 476 4819 Tyrannidem,
509 4745 574 4790 nec
603 4720 864 4797 Democratiam
897 4729 1103 4807 constituit,
1136 4729 1197 4797 sed

206 4827 285 4897 vult
306 4822 425 4895 audiri
449 4822 606 4891 eruditos
631 4825 670 4891 in
690 4823 866 4912 Ecclesia,
901 4845 941 4899 ut
963 4845 1116 4901 vetustas
1141 4829 1199 4896 in·

207 4929 301 5023 quit:
346 4921 390 4997 οὐ
416 4917 569 5017 πλήθει,
604 4918 697 4994 ἀλλὰ
728 4920 907 5023 ἐπιστήμῃ
938 4925 997 5000 dei
1023 4922 1205 5014 δικάζειν.

207 5031 290 5102 Non
325 5025 574 5106 multitudine,
609 5026 671 5094 sed
701 5028 847 5099 scientia
877 5029 1108 5101 iudicandum
1137 5041 1200 5101 est.

134 5154 138 5159 ·
207 5131 356 5206 Utinam
369 5142 484 5199 autern
502 5141 591 5199 esset
607 5127 686 5196 talis
703 5141 738 5198 et
754 5132 869 5201 nostri
883 5131 1050 5224 temporis
1064 5131 1201 5202 foelici-

198 5252 281 5320 tas,
307 5229 558 5324 utaliquando
581 5230 632 5319 pii
657 5245 691 5301 et
714 5231 846 5300 eruditi
865 5235 1057 5304 convenire
1072 5249 1107 5305 et
1122 5235 1202 5327 pla·

207 5339 284 5410 cide
299 5333 460 5406 conferre
475 5332 704 5423 cogitationes
720 5349 875 5425 possent.
927 5334 1023 5410 Dixi.
1101 5376 1104 5380 ·

802 290 1221 405 ooausrrouns
1254 305 1651 386 acaururcau

2161 311 2234 388 854

1966 493 2120 558 πω..
2134 448 2229 557 esso.
2262 446 2264 449 ⁵

1271 483 1339 558 No.
1355 484 1417 555 63.

1253 580 1465 619 Μ
1948 587 2229 620 Μ

1316 702 1346 755 lu
1362 702 1473 786 Quaest.
1493 723 1519 788 p.
1536 699 1694 770 ttob.·qq.
1712 710 1738 753 et
1752 700 1780 754 iu
1795 700 1850 755 set.
1865 699 1991 755 Declam.
2012 702 2047 756 Τ.
2063 698 2110 757 tV.
2130 717 2157 770 p.
2169 697 2230 752 859.

1350 771 1479 826 anchard.
1500 772 1527 824 Γ.
1543 772 1591 824 lll.
1605 791 1631 841 p.
1651 773 1712 827 610.

1248 934 1427 1017 eraestio
1458 935 1653 1025 proposita
1690 954 1714 1001 a
1746 935 1851 1027 Mag.
1878 933 2084 1023 Casparo
2112 932 2229 1001 Ora·

1247 1039 1428 1131 cipere,
1467 1032 1546 1132 filio
1588 1029 1768 1106 Doctoris
1801 1035 1911 1125 Oasp.
1946 1037 2152 1129 Graciperi,
2193 1031 2226 1102 d.

1573 1135 1636 1209 27.
1660 1135 1761 1208 Febr.
1790 1135 1902 1210 1556.

1246 1276 1335 1361 Nisi
1349 1310 1406 1355 me
1423 1287 1641 1356 consuetudo
1656 1280 1807 1356 Scholae
1824 1298 1858 1355 et
1874 1283 2146 1375 Praeceptorum
2163 1309 2228 1354 au·

1247 1390 1370 1461 toritas
1392 1401 1590 1472 excusaret,
1613 1403 1812 1473 verentem,
1846 1411 1891 1456 ne
1915 1389 2123 1479 cuiusquam
2145 1411 2226 1455 meo

1248 1492 1407 1584 exemplo
1433 1491 1654 1560 contumacia
1670 1488 1914 1570 confirmetur,
1943 1489 1992 1573 si,
2017 1489 2133 1557 dicere
2152 1489 2226 1558 ius-

1248 1619 1307 1665 sus
1328 1595 1368 1661 in
1392 1606 1487 1664 tanta
1514 1593 1731 1685 frequentia,
1763 1606 1904 1685 tamque
1933 1591 2137 1660 venerando
2162 1588 2240 1658 Se—

1248 1698 1391 1767 niorum
1408 1718 1590 1780 consessu,
1604 1710 1638 1765 et
1653 1695 1905 1765 imbecillitatis
1920 1717 2017 1762 meae
2033 1686 2122 1760 mihi
2138 1714 2225 1759 con-

1248 1801 1359 1882 scius,
1392 1810 1426 1867 et
1447 1810 1573 1866 natura
1603 1796 1783 1882 timidior,
1816 1793 1880 1865 has
1911 1817 2036 1887 operas
2063 1794 2227 1881 defugere

1248 1925 1370 1972 coner:
1397 1900 1496 1968 nulla
1513 1900 1743 1992 quantumvis
1765 1900 1944 1969 elaborata
1960 1894 2123 1968 oratioue
2140 1919 2228 1963 con-

1248 2003 1348 2096 sequi
1364 2026 1427 2075 me.
1438 2025 1539 2093 posse
1556 2003 1789 2084 confiderem,
1815 2026 1860 2073 ne
1876 2003 1920 2070 de
1936 1999 2081 2089 ingenio
2103 2011 2137 2066 et
2159 2022 2224 2066 vo·

1247 2109 1385 2176 luntate
1401 2128 1477 2174 mea
1495 2104 1654 2196 plerique
1669 2117 1823 2173 vestrum
1846 2104 1952 2193 paulo
1975 2103 2088 2172 secius
2107 2099 2228 2190 auspi,

1248 2222 1423 2279 curentur.
1482 2205 1553 2276 Sed
1579 2231 1660 2275 cum
1694 2218 1846 2288 constet,
1885 2227 1904 2272 a
1937 2203 2061 2285 nobis,
2097 2203 2227 2293 quibus

1249 2306 1335 2379 haec
1355 2307 1528 2398 alegibus
1551 2322 1585 2376 et
1611 2331 1696 2376 voce
1711 2305 1986 2397 Praeceptorum
2009 2303 2226 2373 necessitatis
2258 2308 2261 2314 '

1249 2411 1467 2505 imponitur,
1504 2410 1622 2500 potius
1651 2409 1996 2498 observantiaeerga
2028 2405 2227 2497 superiores

1248 2529 1354 2607 atque
1375 2512 1598 2583 obedientiae
1628 2511 1782 2580 officium
1817 2512 1907 2600 exigi
1941 2510 2055 2606 (quod
2082 2507 2228 2600 quidem

1249 2619 1325 2686 sine
1349 2615 1486 2684 nefario
1514 2614 1661 2697 scelere,
1702 2613 1765 2684 tali
1793 2615 1997 2704 praesertim
2023 2627 2056 2682 et
2080 2609 2158 2678 loco
2192 2623 2227 2678 et

1248 2733 1425 2810 tempore,
1449 2716 1580 2806 negligi
1597 2739 1636 2784 ac
1652 2715 1884 2804 praetermitti
1902 2716 1958 2797 vix
1974 2713 2099 2806 possit)
2121 2735 2226 2804 quam

1249 2820 1431 2890 doctrinae
1452 2818 1704 2909 perfectionem
1734 2830 1795 2886 aut
1817 2817 1981 2886 eximiam
2006 2814 2148 2886 dicendi
2175 2814 2229 2886 fa·

1249 2925 1415 2993 cultatem
1439 2921 1589 3014 requiri:
1624 2932 1827 2990 reverenter
1853 2944 1938 3001 oro,
1973 2932 2012 2987 ut
2036 2942 2092 2986 me
2113 2910 2228 2983 hone-
2334 2944 2341 2980 ·,

1248 3024 1409 3095 stissimis
1425 3025 1600 3092 maiorum
1617 3022 1788 3092 institutis
1808 3023 1966 3091 modeste
1980 3022 2229 3107 obtemperan-

1249 3141 1339 3210 tem,
1371 3150 1439 3217 qua
1464 3125 1713 3207 consuevistis,
1747 3119 1965 3194 humanitate
1995 3148 2035 3191 ac
2065 3121 2229 3190 comitate

1249 3228 1425 3311 toleretis,
1451 3227 1608 3319 bonique
1624 3227 1814 3295 consulatis
1828 3228 2040 3295 mediocrem
2065 3224 2227 3293 oratiun-

1249 3331 1364 3400 culam
1381 3330 1545 3399 derebus
1560 3327 1842 3397 consideratione
1859 3328 1995 3418 dignis,
2022 3351 2086 3396 nec
2102 3325 2228 3394 absur-

1248 3435 1293 3502 de
1309 3431 1478 3519 cogitatis.
2157 3509 2161 3520 Ι

1349 3531 1441 3601 Cum
1462 3554 1545 3598 vero
1568 3529 1736 3597 usitatum
1760 3529 1824 3612 sit,
1846 3529 1884 3597 in
1910 3523 1966 3596 bis
1985 3527 2229 3615 congressibus

1248 3656 1446 3730 proponere
1461 3632 1719 3726 quaestionem,
1736 3655 1826 3722 quae
1843 3631 1899 3699 vel
1917 3629 2228 3698 commonefactio-
2256 3698 2275 3726 x

1248 3763 1330 3808 nem
1345 3736 1574 3805 necessariam
1593 3748 1628 3804 et
1643 3733 1766 3802 utilem
1784 3736 1829 3802 de
1844 3730 2025 3801 communi
2042 3732 2113 3800 vita
2131 3753 2227 3798 com-
2301 3748 2304 3753 ·

1249 3842 1431 3932 plectatur,
1457 3838 1513 3905 vel
1530 3852 1662 3926 partem
1679 3836 1834 3929 aliquam
1854 3835 2035 3904 doctrinae
2049 3829 2228 3902 Ecclesiae

1250 3944 1427 4013 contineat
1443 3953 1477 4010 et
1494 3939 1654 4029 explicet:
1679 3962 1741 4027 ego
1762 3962 1904 4030 quoque
1921 3937 2072 4005 eundem
2092 3959 2226 4002 morem

1249 4045 1410 4116 servabo.
1458 4039 1581 4133 ltaque
1602 4041 1841 4133 quaestionem
1861 4063 2038 4129 propono:
2092 4034 2228 4108 Utrum

1249 4139 1358 4244 λόγος
1386 4142 1426 4211 in
1452 4142 1670 4212 narratione
1694 4135 1883 4210 Iohannis
1908 4135 2085 4234 Apostoli
2105 4160 2229 4233 perso-

1250 4273 1338 4318 nam
1360 4239 1569 4340 significet?
1600 4246 1636 4314 id
1663 4258 1731 4328 est,
1756 4239 2015 4339 ὑψισταμίνην
2037 4242 2228 4330 imaginem

1249 4350 1386 4425 aeterni
1408 4348 1541 4428 Patris,
1567 4349 1703 4433 vivam,
1729 4347 2003 4436 intelligentem,
2029 4344 2229 4438 incommu-

1250 4453 1459 4531 nicabilem,
1490 4458 1531 4519 ac'
1552 4450 1754 4520 distinctam
1776 4447 1917 4519 aPatre
1932 4460 1966 4517 et
1991 4445 2128 4536 Spiritu
2149 4468 2228 4513 san-

1250 4555 1330 4627 cto?
1380 4550 1440 4624 An
1464 4576 1548 4621 vero
1578 4564 1841 4621 evanescentem
1867 4548 2136 4639 cogitationem,
2169 4544 2263 4615 seu‘

1252 4682 1374 4727 vocem
1396 4669 1657 4734 transeuntem,
1681 4667 1741 4724 aut
1763 4653 1985 4743 propositum
2009 4673 2083 4717 non
2110 4650 2230 4717 vivum
2363 4644 2365 4655 '

1252 4783 1316 4827 nec
1331 4756 1558 4845 intelligens?
1609 4754 1703 4844 Quia
1722 4755 1817 4823 enirn
1838 4773 1977 4818 necesse
2000 4761 2053 4817 est
2074 4751 2111 4815 in
2133 4749 2231 4818 omni

1253 4883 1334 4928 vera
1349 4858 1573 4928 invocatione
1589 4857 1636 4924 ita
1655 4857 1827 4924 duntaxat
1842 4847 1958 4919 Deum
1975 4849 2107 4919 intueri
2131 4864 2165 4920 et
2181 4851 2233 4919 al-

1253 4960 1370 5054 loqui,
1396 4959 1485 5029 sicut
1500 4982 1573 5028 sese
1591 4958 1673 5024 dato
1695 4969 1789 5025 certo
1806 4954 1915 5022 verbo
1935 4948 2114 5043 patefecit,
2141 4967 2234 5024 certe

1254 5061 1486 5132 necessarium
1511 5075 1545 5130 et
1566 5057 1655 5127 utile
1679 5070 1750 5140 est,
1776 5057 1820 5124 de
1845 5050 1911 5124 hac
1927 5050 2098 5124 lobannis
2115 5056 2236 5124 erudi·

1254 5163 1385 5234 tissima
1402 5161 1606 5232 narratione
1620 5180 1722 5249 saepe
1737 5159 1961 5250 multumque
1974 5158 2136 5246 cogitare.
2161 5155 2239 5224 lma

1256 5264 1394 5361 quoties
1419 5264 1459 5332 in
1483 5261 1707 5331 invocatione
1726 5274 1785 5331 tua
1800 5275 1928 5330 'verum
1942 5258 2081 5342 Deum,
2108 5252 2235 5365 condi-

1255 5382 1368 5439 torem
1394 5365 1484 5434 coeli
1509 5378 1542 5435 et
1567 5377 1680 5433 terrae
1708 5363 1752 5433 ab
1778 5364 1946 5432 omnibus
1980 5360 2240 5430 commenticiis

1144 5503 1146 5507 ’
1256 5468 1467 5540 numinibus
1494 5480 1528 5539 et
1554 5466 1661 5537 idolis
1689 5466 1871 5540 mentione
1896 5464 1961 5533 lilii
1983 5460 2069 5549 Dei,
2094 5459 2243 5534 Domini

1638 5567 1716 5644 54*
