1483 1683
236 170 285 189 1017

234 214 297 231 cedant
304 212 380 237 produci
388 212 408 230 in
416 212 493 231 multam
500 215 570 230 nocts-
575 225 581 234 ‚
592 212 731 234 lucubrationes,

235 242 267 257 aut
274 239 331 257 ludos.

286 267 371 290 Quotidie
382 273 435 285 mane
446 273 486 285 cnm
493 271 609 285 surrexerunt
616 273 626 285 e
633 267 678 286 lecto
686 268 729 286 ado-

235 295 319 312 lescentes
330 294 388 316 legant
395 292 454 316 Caput
465 293 484 310 in
492 292 553 311 Veteri
561 292 687 314 Testamentu,
700 299 730 310 ve-

234 319 281 343 speri
291 319 334 337 ituri
342 319 439 337 dormitum
446 318 505 341 legant
513 318 571 341 Caput
578 318 598 336 in
607 318 659 336 Novo
667 318 730 336 Testa-

234 348 301 363 mento.
330 344 364 362 His
379 344 484 362 lectionibus
497 344 596 366 adiungam
606 344 730 367 precationem,

234 377 279 394 qnae
294 370 366 388 accendi
379 370 430 387 debet
441 369 548 392 cogitatione
558 369 634 387 alicuius
645 368 730 387 historiae

234 399 277 413 tunc
285 396 344 414 lectae.

285 429 322 447 Nec
331 433 422 452 propterea
430 429 512 447 omittant
518 427 564 446 hanc
569 428 669 449 lectionem,
681 428 729 452 quod

234 455 289 473 multa
304 455 385 473 nondum
401 455 508 477 intelligunt.
538 454 612 472 Necesse
624 457 649 471 est
660 454 708 471 euim
719 460 729 471 a

233 481 290 504 prima
306 480 384 504 puericia
397 480 456 498 statim
468 478 582 497 historiarum
594 480 657 497 seriem
669 479 729 503 aliquo

233 506 287 523 modo
300 511 408 528 cognoscere.
434 504 458 523 Et
470 505 505 522 nisi
515 504 572 528 prima
580 505 698 523 adolescentia
707 505 728 522 ad

234 531 313 549 studium
327 531 397 554 legendi
411 531 509 549 adsuefacta
523 531 587 551 fuerit,
607 530 665 548 virilis
677 533 729 551 aetas,

233 560 292 580 postea
296 557 372 574 ferocior
376 556 437 579 magis,
444 555 548 574 abhorrebit
554 562 563 573 a
568 556 648 573 lectione.
661 554 729 573 Omnia

233 588 278 606 qnae
285 582 342 605 prima
350 585 397 599 aetas
404 585 494 605 utcunque
502 581 573 602 didicit,
587 585 646 605 postea
654 584 670 599 et
677 581 729 599 fami-

233 608 295 625 liarius
303 611 344 625 nota
352 611 370 624 et
376 607 452 629 gratiora
459 610 509 628 sunt,
521 610 538 624 et
544 607 586 630 qnia
594 607 648 625 altius
655 609 729 629 egerunt

233 633 311 653 radices,
324 632 375 650 citius
383 638 402 650 se
410 633 429 650 in
439 632 599 650 deliberationibus
607 632 691 651 offerunt.

284 666 350 684 Cibum
366 666 456 689 sumpturi
467 666 516 689 prins
528 666 587 684 dicant
599 666 728 689 precationum

233 696 302 716 poterat
311 692 358 710 enim
368 691 414 710 Dens
422 695 504 709 naturam
513 690 607 709 hominum
615 692 639 709 ita
647 692 729 713 condere,

232 722 253 736 nt
265 718 303 735 sine
315 717 354 735 cibo
366 717 442 735 vixisset.
469 717 504 735 Sed
515 717 540 735 sic
550 717 632 735 condidit
640 723 673 735 nos
682 717 728 735 utin

233 743 294 761 multis
306 743 359 760 rebus
372 742 429 760 aliena
442 748 476 765 ope
488 743 541 760 nobis
553 749 598 765 opus
607 743 639 764 sit,
651 746 672 760 nt
680 748 728 760 com-

232 768 327 786 moneta-cti
344 772 404 786 nostra
421 771 496 790 egestate
512 767 619 790 cogitemus,
637 768 686 785 unde
701 774 729 785 res

233 794 315 812 oriantur
325 793 391 816 quibus
401 793 476 812 alimur,
491 796 508 810 et
517 793 575 811 Deum
586 797 665 811 sutorem
673 798 728 815 agno-

233 825 310 839 scamus,
325 822 342 836 et
355 821 435 841 petamus
443 818 465 835 ab
473 824 493 835 en
502 818 555 836 hona.
581 818 629 836 Haec
638 819 675 836 fieri
685 819 728 839 vult,

232 851 272 863 cum
285 845 335 862 cibus
345 844 433 867 expetitur
443 847 474 861 aut
486 844 598 867 proponitur.
623 843 647 861 Et
656 844 727 867 quidem

232 871 252 888 in
263 870 363 893 precatione
376 875 428 893 quam
441 869 488 886 filius
499 868 532 886 Dei
543 869 596 886 uobis
610 869 693 890 tradidit,
706 870 727 887 ad

232 896 336 919 petitionem
345 895 388 916 cibi,
401 901 421 912 ac
428 895 491 916 victus,
502 894 626 917 adiunguntur
634 894 729 917 petitiones

233 922 256 939 de
266 921 370 938 remissione
384 923 494 943 peccatorum
506 923 524 938 et
536 920 589 938 rebus
603 920 689 941 aeternis,
706 920 728 937 de

232 947 299 971 quibus
311 946 364 963 simul
379 946 493 968 engitaudum
505 949 536 963 est.
565 945 611 964 Vult
621 945 669 963 enim
680 945 728 963 Deus

232 972 359 995 promissiones
372 971 461 988 bonorum
474 971 592 993 corporalium
609 971 727 989 commonefa-

232 998 300 1015 ctiones
308 1003 344 1014 esse
354 997 376 1014 de
388 996 535 1019 promissionibus
544 1002 602 1014 rerum
611 1000 728 1017 aeternarum.

232 1027 250 1041 et
263 1022 441 1043 comminationibus,
457 1025 474 1039 ct
486 1022 508 1039 de
522 1022 605 1040 universa
620 1022 681 1039 divina
695 1028 727 1044 gu-

232 1048 342 1066 bernstione.

283 1077 300 1095 Α
311 1077 350 1095 cibo
363 1080 415 1099 agant
427 1077 501 1100 gratias,
514 1077 578 1095 deinde
590 1075 682 1095 historiam
694 1077 727 1095 ali—

232 1110 286 1128 quam
294 1107 324 1120 aut
330 1103 379 1120 alind
388 1102 431 1120 utile
440 1103 525 1125 scripturn
535 1103 600 1125 legant.
617 1102 672 1121 Decet
679 1103 726 1120 enim

232 1130 254 1147 ad
264 1134 342 1147 mensam
350 1128 440 1149 accedere,
453 1132 470 1146 et
477 1135 486 1145 a
494 1134 554 1146 mensa
566 1128 615 1146 abire
623 1135 663 1146 cum
676 1128 728 1146 invo-

232 1155 301 1173 catione
310 1153 352 1175 Dei,
364 1157 381 1171 et
388 1159 428 1171 cnm
437 1154 522 1176 singulari
532 1154 626 1175 modestia,
639 1157 659 1171 ut
667 1154 727 1171 secisse

232 1180 274 1198 inde
284 1186 341 1203 nsque
349 1179 371 1196 ab
382 1179 435 1196 initio
442 1179 505 1196 mundi
513 1185 574 1196 omnes
583 1179 615 1203 qui
622 1182 690 1197 norunt
698 1185 727 1197 ve-

232 1211 269 1223 ram
276 1205 310 1223 Dei
319 1205 457 1225 invocationem,
470 1210 507 1222 non
516 1205 591 1222 dubium
599 1208 629 1223 est.
650 1204 727 1222 Melchi-

232 1232 284 1249 zedec
292 1236 363 1253 pascens
374 1231 479 1251 exercitum,
491 1230 540 1253 prius
548 1230 591 1248 dicit
603 1230 726 1253 precationem.

232 1257 295 1275 Servat
306 1261 347 1273 cum
355 1261 421 1273 morem
435 1259 452 1273 et
461 1255 547 1274 Christus.
574 1255 598 1273 Et
605 1255 671 1273 Paulus
680 1256 727 1273 clare

232 1282 300 1305 inquit:
313 1280 438 1298 Sanam-eatur
445 1281 494 1298 cibus
502 1287 533 1303 per
540 1282 635 1299 verbum-et
640 1282 726 1304 precatio—

462 168 619 192 ALLoQuJA
646 168 682 188 ΕΤ
706 167 824 188 BREvns
849 167 1027 188 CONCIONES.

1203 169 1252 188 1⁰1⁸
1275 156 1277 158 ’

807 212 886 240 Fuitque
894 217 933 230 mos
941 212 1025 235 precandi
1034 211 1056 229 ad
1064 217 1142 229 mensam
1151 212 1196 230 adeo
1203 218 1252 230 eom-

756 237 826 259 munis,
838 240 859 255 nt
866 236 948 255 homines
958 237 1004 255 bene
1012 237 1076 255 morati
1085 238 1138 255 etiam
1146 238 1194 260 apud
1201 237 1252 260 igna-

755 268 785 281 ros
796 269 847 280 verae
859 263 986 284 invocationis,
1001 266 1060 280 tamen
1072 263 1127 280 ritum
1140 263 1252 282 retinuerint.

755 288 797 306 Non
811 288 888 306 assident
903 288 926 306 ad
942 293 1020 305 mensam
1032 287 1090 306 Duces
1101 287 1202 309 Homerici,
1215 288 1252 306 nisi

755 314 800 331 facta
808 314 904 335 libatione,
915 319 960 337 quae
967 313 1019 331 fiebat
1027 320 1067 331 cum
1075 314 1182 337 precatione.

805 338 829 357 Et
841 339 907 357 multae
919 339 1050 357 admonitiones
1061 339 1083 357 de
1094 340 1179 357 modestia
1189 339 1252 357 convi-

756 365 826 382 viorum
838 368 899 382 extant
907 365 926 382 in
939 363 1023 386 ethnicis,
1035 365 1088 388 quale
1098 365 1142 382 illud
1153 368 1189 385 est,
1202 364 1251 388 quod

755 390 805 408 iubet
818 396 882 408 ornare
893 390 987 408 convivam
999 390 1085 408 suavitate
1098 394 1115 408 et
1129 390 1251 408 moderatione

756 422 844 437 mensam,
858 419 876 433 et
883 421 915 433 sua
923 419 1005 439 quenqnc
1013 415 1085 433 fortuna
1094 419 1197 438 contentum
1208 421 1251 438 esse,

755 447 778 458 ne
785 441 852 459 maiora
858 444 946 464 appetens,
954 444 1030 458 accersat
1037 441 1071 458 sibi
1078 444 1094 458 ct
1098 440 1174 464 Reipub.
1178 446 1252 463 magnas

755 467 872 488 calamitates,
889 464 994 489 συμπόσιον
1006 467 1092 489 κοσμῶν,
1109 465 1141 484 καὶ
1151 465 1174 484 τὸ
1184 465 1219 485 σὸν
1230 465 1251 484 εὖ

755 491 839 515 θέμενος.
865 491 918 510 Certe
924 498 961 509 non
968 495 1019 509 ornat
1026 492 1117 513 convivia,
1130 491 1162 515 qui
1170 495 1190 509 nt
1201 491 1250 514 porci

755 518 826 535 irruunt
837 518 856 535 in
869 517 930 540 epulas
940 518 978 535 sine
988 517 1085 539 modestis,
1102 521 1119 535 et
1129 517 1167 535 sine
1180 517 1252 534 invoa-

754 543 804 561 tione
813 542 856 564 Dei;
870 547 887 561 ct
898 543 940 566 quia
950 549 960 560 a
969 543 1034 560 talibus
1044 542 1130 560 conviviis
1141 543 1191 560 abest
1198 542 1252 563 Deus,

755 569 795 586 ideo
807 574 858 591 saepe
869 568 925 591 exjtiu
936 572 978 586 sunt
987 568 1054 586 similes
1065 568 1143 586 convivii
1152 567 1252 586 Centauro-

755 600 795 612 rum
803 597 821 612 et
827 593 950 617 Lapitharum.
977 593 1000 611 ΑΙ
1009 594 1061 612 nobis
1068 599 1128 612 mensa
1136 594 1168 615 sit,
1180 597 1201 611 nt
1208 593 1251 611 olim

755 619 851 637 vocabatur
861 625 919 641 sacra,
937 618 970 637 hoc
980 622 1016 641 est,
1028 620 1051 637 sit
1064 619 1219 637 commonefactrix
1230 618 1252 636 de

754 644 793 663 Deo
805 648 877 662 aeterno
889 645 960 662 fovente
971 648 1063 666 naturam,
1076 648 1093 663 et
1104 645 1215 667 gubernante
1223 644 1252 661 im

755 673 844 688 vocantes.

805 695 874 713 Diebus
881 695 930 713 festis
941 699 1026 718 cogantur
1036 696 1156 713 adolescentes
1167 695 1252 713 interesse

754 721 836 744 publicae
848 721 980 744 congregationi
992 722 1011 739 in
1019 721 1108 744 Templis,
1121 724 1139 739 et
1147 719 1217 738 discant
1225 720 1252 738 ibi

755 747 862 769 coniungere
868 752 908 764 suas
916 753 975 770 preces
981 753 1021 764 cum
1030 746 1107 764 Ecclesia
1116 746 1156 765 Dei,
1175 745 1220 763 Nam
1228 746 1252 763 de

754 771 787 789 hac
798 772 889 789 communi
900 772 1001 795 precatione
1013 772 1107 795 peculiaris
1117 772 1164 789 edita
1176 775 1202 788 est
1209 777 1252 794 pro-

754 797 823 815 missio:
837 797 872 815 Ubi
880 798 916 815 duo
924 801 954 815 aut
963 801 998 815 tres
1006 798 1105 820 congregati
1116 797 1183 815 fuerint
1191 796 1211 814 in
1216 796 1252 814 ‘rso-

754 823 802 841 mine
810 828 860 844 meo,
872 823 960 847 quidquid
970 827 1029 847 petent
1037 824 1066 841 fiet
1075 823 1105 841 eie.

805 848 890 866 Privatim
898 855 940 866 vern
948 849 1011 867 diebus
1017 849 1066 866 festis
1074 852 1113 872 post
1121 848 1201 872 publicas
1208 854 1252 866 con-

754 874 814 891 ciones
821 874 912 892 domestici
921 878 1042 897 praeceptores
1048 873 1152 892 Catecltesin
1161 873 1252 891 doctrinae

754 897 866 917 Christianae
875 900 948 917 recitare
956 900 1053 923 discipulos
1064 903 1137 922 cogant,
1149 903 1166 917 ct
1173 899 1251 917 interro-

754 928 796 947 gent
802 930 832 941 eos
840 925 903 942 ordine
911 925 933 942 de
940 924 1026 942 Articulis
1036 925 1077 942 fidei
1086 929 1102 942 et
1110 925 1200 942 doctrinae
1207 924 1251 942 loci!

755 950 863 973 praecipuis,
876 950 924 973 quod
934 950 958 967 ait
969 950 1065 967 discrimen
1075 950 1118 972 legis
1126 954 1142 968 et
1150 949 1252 972 Evangelii,

754 975 797 998 quid
806 975 874 992 intersit
881 975 928 992 inter
936 975 1065 993 invocationem
1070 974 1187 993 Ethnicorum
1196 978 1213 993 et
1220 980 1251 992 ve-

754 1006 784 1018 rae
791 999 880 1018 Ecclesiae
888 1000 927 1018 Dei.
955 1000 1003 1023 Quid
1014 1001 1037 1018 sit
1047 1004 1147 1024 peccatum,
1160 1000 1251 1024 quomodo

754 1026 806 1043 detur
818 1026 898 1043 remissio
909 1029 1029 1049 peccatorum,
1045 1026 1088 1050 quid
1102 1026 1125 1044 sit
1137 1027 1188 1047 fides,
1205 1031 1250 1049 quae

754 1052 790 1069 sint
799 1052 819 1068 in
830 1051 942 1069 invocatione
952 1052 1055 1070 necessaria.
1082 1051 1133 1074 Quae
1143 1052 1179 1069 sint
1187 1050 1250 1069 Sacra-

754 1080 823 1098 menta,
836 1081 853 1095 et
863 1077 903 1101 quin
915 1078 938 1095 sit
948 1083 1010 1095 eorum
1020 1083 1073 1098 usus,
1086 1083 1130 1101 quae
1142 1077 1164 1095 sit
1171 1076 1251 1095 Ecclesia

754 1102 797 1124 Dei,
810 1106 827 1120 et
834 1104 924 1126 quomodo
933 1103 954 1121 sit
963 1104 1079 1125 agnoscenda.

804 1127 863 1145 Huius
878 1129 996 1151 amplissimae
1010 1129 1101 1146 doctrinae
1114 1128 1182 1146 semina
1196 1127 1250 1145 inseri

754 1153 819 1171 teneris
826 1154 890 1171 animis
901 1160 970 1171 necesse
978 1158 1008 1171 est.
1033 1153 1079 1171 Cum
1089 1154 1137 1171 enim
1146 1154 1189 1171 dicit
1196 1152 1251 1171 Chri-

753 1183 798 1197 stus:
811 1179 864 1196 sinite
872 1180 956 1202 parvulos
965 1180 1026 1197 venire
1037 1180 1060 1197 ad
1072 1185 1110 1201 me,
1123 1179 1161 1197 vult
1173 1182 1220 1197 certe
1231 1184 1250 1196 te

753 1205 848 1222 monstrari
857 1205 927 1222 tenellis
938 1205 1035 1226 mentibus,
1048 1205 1086 1222 vult
1099 1205 1184 1228 paulatim
1194 1204 1215 1221 in
1225 1203 1250 1221 eis

753 1230 826 1247 accendi
839 1230 948 1252 agnitionem
960 1229 1002 1251 Dei,
1019 1231 1067 1254 quod
1083 1231 1120 1248 iicri
1135 1236 1173 1247 non
1185 1232 1250 1253 potest,

753 1256 787 1273 nisi
796 1256 877 1273 doctrina
884 1256 954 1273 assidue
962 1256 987 1273 eis
995 1256 1098 1273 instilletur.

800 1281 870 1298 Deinde
878 1281 900 1298 ad
908 1281 960 1299 fidem
968 1281 1059 1298 domestici
1068 1280 1187 1303 praeceptoris
1194 1280 1249 1303 perti-

232 1313 278 1328 nem,
291 1307 309 1324 id
318 1309 351 1323 est:
365 1305 424 1323 Verbo
430 1305 464 1323 Dei
475 1306 572 1327 crudimur,
584 1309 666 1324 naturam
674 1305 726 1323 aDeo
739 1310 740 1323 1
753 1309 792 1327 net,
805 1311 867 1328 cogere
879 1312 944 1329 pueros
958 1310 977 1323 ut
989 1306 1077 1327 ediscant,
1090 1306 1185 1323 memoriae
1197 1311 1250 1323 man-

232 1333 321 1351 conditam
333 1337 370 1349 esse
383 1334 400 1349 et
411 1331 476 1352 foveri,
492 1334 508 1349 et
520 1331 569 1349 cibos
579 1337 616 1348 esse
629 1332 675 1349 dona
687 1330 726 1352 Dei,

232 1362 249 1377 et
257 1359 288 1382 qui
296 1357 331 1375 cibi
339 1356 443 1374 hominibus
451 1357 526 1374 concessi
539 1357 579 1375 sint.
606 1356 684 1375 Accedat
694 1363 726 1374 au-

752 1331 804 1351 dent,
817 1335 834 1349 et
845 1332 918 1349 recitent
929 1331 997 1354 regulas
1007 1330 1147 1352 Grammaticae,
1160 1335 1177 1349 et
1189 1334 1249 1354 posent

738 1357 821 1388 regulas
828 1361 931 1380 praeceptor
939 1357 958 1374 in
966 1357 1051 1377 examine,
1065 1364 1104 1375 cum
1113 1357 1248 1377 declinationes,

210 1400 213 1403 .
231 1388 266 1402 tem
275 1383 352 1407 precatio
360 1388 431 1400 accensa
439 1382 473 1399 fide
481 1385 550 1404 petente
558 1383 621 1403 vitam,
635 1383 701 1400 victum
709 1378 740 1400 et
738 1383 893 1406 coniugafiones,
906 1386 923 1400 et
930 1382 1028 1406 Syntaxes'
1024 1383 1145 1406 inquiruntur.

230 1409 378 1433 gubernationem
387 1414 396 1425 a
404 1408 447 1426 Deo.
472 1407 517 1425 Cum
526 1411 593 1425 mentes
600 1408 624 1426 ita
632 1408 703 1426 Deum*
697 1414 726 1425 sn-

231 1438 304 1453 tuentur
315 1438 332 1452 et
344 1434 382 1451 eius
394 1434 502 1452 voluntatem
516 1434 602 1456 cogitant,
618 1434 674 1457 placet
685 1434 725 1451 Deo

230 1467 273 1479 usus
282 1460 368 1478 ciborum.

803 1408 857 1430 Quod
869 1408 917 1425 enirn
930 1408 985 1431 aliqui
996 1408 1083 1430 fugientes
1097 1408 1187 1425 insuavem
1198 1407 1249 1425 labo-

752 1439 789 1451 rem
798 1433 899 1451 inculcandi
909 1434 988 1456 regulas,
1000 1437 1068 1452 tantum
1078 1440 1111 1451 usn
1121 1437 1138 1451 et
1149 1433 1249 1450 imitatione

752 1459 832 1482 linguam
840 1459 913 1477 latinam
921 1459 966 1477 disci
974 1465 1024 1483 posse
1032 1459 1153 1481 contendunt,
1166 1464 1216 1476 error
1222 1461 1249 1476 est
