<?xml version="1.0" encoding="UTF-8"?>
<!DOCTYPE html PUBLIC "-//W3C//DTD XHTML 1.0 Transitional//EN"
    "http://www.w3.org/TR/xhtml1/DTD/xhtml1-transitional.dtd">
<html xmlns="http://www.w3.org/1999/xhtml" xml:lang="en" lang="en">
 <head>
  <title>
</title>
<meta http-equiv="Content-Type" content="text/html;charset=utf-8" />
  <meta name='ocr-system' content='tesseract 3.04.00' />
  <meta name='ocr-capabilities' content='ocr_page ocr_carea ocr_par ocr_line ocrx_word'/>
</head>
<body>
  <div class='ocr_page' id='page_1' title='image "./philippimelanth18melagoog/philippimelanth18melagoog_0437.png"; bbox 0 0 4748 6022; ppageno 0'>
   <div class='ocr_carea' id='block_1_1' title="bbox 60 1388 1178 1481">
    <p class='ocr_par' dir='ltr' id='par_1_1' title="bbox 60 1388 1178 1481">
     <span class='ocr_line' id='line_1_1' title="bbox 60 1388 1178 1481; baseline -0.005 -16"><span class='ocrx_word' id='word_1_1' title='bbox 60 1438 69 1447; x_wconf 84' lang='lat'>-</span> <span class='ocrx_word' id='word_1_2' title='bbox 188 1391 295 1464; x_wconf 88' lang='lat' dir='ltr'>multi</span> <span class='ocrx_word' id='word_1_3' title='bbox 315 1414 415 1461; x_wconf 87' lang='lat' dir='ltr'>senes</span> <span class='ocrx_word' id='word_1_4' title='bbox 436 1388 638 1461; x_wconf 78' lang='lat' dir='ltr'>eruditione</span> <span class='ocrx_word' id='word_1_5' title='bbox 659 1402 694 1460; x_wconf 92' lang='lat' dir='ltr'>et</span> <span class='ocrx_word' id='word_1_6' title='bbox 709 1389 842 1460; x_wconf 90' lang='lat' dir='ltr'>virtute</span> <span class='ocrx_word' id='word_1_7' title='bbox 857 1403 1073 1481; x_wconf 70' lang='lat' dir='ltr'><strong>praestantes</strong></span> <span class='ocrx_word' id='word_1_8' title='bbox 1089 1414 1178 1460; x_wconf 89' lang='lat' dir='ltr'>con·</span> 
     </span>
    </p>
   </div>
   <div class='ocr_carea' id='block_1_2' title="bbox 172 176 2211 319">
    <p class='ocr_par' dir='ltr' id='par_1_2' title="bbox 172 176 2211 319">
     <span class='ocr_line' id='line_1_2' title="bbox 172 176 2211 319; baseline 0.015 -32"><span class='ocrx_word' id='word_1_9' title='bbox 172 224 261 299; x_wconf 72' lang='lat' dir='ltr'>ua-</span> <span class='ocrx_word' id='word_1_10' title='bbox 345 268 351 277; x_wconf 71' lang='grc'><strong><em>,</em></strong></span> <span class='ocrx_word' id='word_1_11' title='bbox 759 208 1180 311; x_wconf 79' lang='lat' dir='ltr'>ouaasrrouas</span> <span class='ocrx_word' id='word_1_12' title='bbox 1210 176 1618 317; x_wconf 72' lang='lat' dir='ltr'>suanensem.</span> <span class='ocrx_word' id='word_1_13' title='bbox 1741 258 1743 263; x_wconf 94' lang='lat'>·</span> <span class='ocrx_word' id='word_1_14' title='bbox 2131 241 2211 319; x_wconf 76' lang='lat' dir='ltr'>sss</span> 
     </span>
    </p>
   </div>
   <div class='ocr_carea' id='block_1_3' title="bbox 191 344 2228 610">
    <p class='ocr_par' dir='ltr' id='par_1_3' title="bbox 191 344 2228 610">
     <span class='ocr_line' id='line_1_3' title="bbox 191 344 2228 508; baseline 0.022 -64"><span class='ocrx_word' id='word_1_15' title='bbox 191 418 196 427; x_wconf 92' lang='lat'><em>-</em></span> <span class='ocrx_word' id='word_1_16' title='bbox 277 399 342 466; x_wconf 76' lang='lat' dir='ltr'>pso.</span> <span class='ocrx_word' id='word_1_17' title='bbox 359 344 776 469; x_wconf 65' lang='lat' dir='ltr'>murtatttttottmgti</span> <span class='ocrx_word' id='word_1_18' title='bbox 788 380 984 467; x_wconf 63' lang='lat' dir='ltr'>nasamone,</span> <span class='ocrx_word' id='word_1_19' title='bbox 1000 352 1169 488; x_wconf 48' lang='lat' dir='ltr'>wijssw</span> <span class='ocrx_word' id='word_1_20' title='bbox 1218 406 1291 472; x_wconf 89' lang='lat' dir='ltr'>tur.</span> <span class='ocrx_word' id='word_1_21' title='bbox 1349 392 1436 469; x_wconf 89' lang='lat' dir='ltr'>ldeo</span> <span class='ocrx_word' id='word_1_22' title='bbox 1464 397 1512 468; x_wconf 91' lang='lat' dir='ltr'>in·</span> <span class='ocrx_word' id='word_1_23' title='bbox 1525 397 1645 474; x_wconf 85' lang='lat' dir='ltr'>Gallia</span> <span class='ocrx_word' id='word_1_24' title='bbox 1675 407 1790 498; x_wconf 87' lang='lat' dir='ltr'>pauni</span> <span class='ocrx_word' id='word_1_25' title='bbox 1811 405 1920 482; x_wconf 87' lang='lat' dir='ltr'>multi</span> <span class='ocrx_word' id='word_1_26' title='bbox 1944 411 2060 498; x_wconf 86' lang='lat' dir='ltr'>liunt,</span> <span class='ocrx_word' id='word_1_27' title='bbox 2094 415 2228 508; x_wconf 88' lang='lat' dir='ltr'>quibus</span> 
     </span>
     <span class='ocr_line' id='line_1_4' title="bbox 276 451 2225 610; baseline 0.023 -65"><span class='ocrx_word' id='word_1_28' title='bbox 276 451 982 525; x_wconf 53' lang='lat' dir='ltr'>”5³⁰¹&#39;&#39;ffiffli&#39;mm&#39;mniumim</span> <span class='ocrx_word' id='word_1_29' title='bbox 996 462 1052 510; x_wconf 70' lang='lat'>“⁸⁹</span> <span class='ocrx_word' id='word_1_30' title='bbox 1220 521 1352 567; x_wconf 86' lang='lat' dir='ltr'>nomeu</span> <span class='ocrx_word' id='word_1_31' title='bbox 1378 512 1430 571; x_wconf 90' lang='lat' dir='ltr'>est</span> <span class='ocrx_word' id='word_1_32' title='bbox 1450 493 1684 592; x_wconf 78' lang='lat' dir='ltr'>Scdorlocd,</span> <span class='ocrx_word' id='word_1_33' title='bbox 1717 508 1804 602; x_wconf 87' lang='lat' dir='ltr'>quia</span> <span class='ocrx_word' id='word_1_34' title='bbox 1825 505 1969 583; x_wconf 86' lang='lat' dir='ltr'>Rustici</span> <span class='ocrx_word' id='word_1_35' title='bbox 1999 514 2039 582; x_wconf 92' lang='lat' dir='ltr'>in</span> <span class='ocrx_word' id='word_1_36' title='bbox 2060 539 2102 586; x_wconf 89' lang='lat' dir='ltr'>ea</span> <span class='ocrx_word' id='word_1_37' title='bbox 2123 533 2225 610; x_wconf 87' lang='lat' dir='ltr'>parte</span> 
     </span>
    </p>
   </div>
   <div class='ocr_carea' id='block_1_4' title="bbox 178 585 2228 921">
    <p class='ocr_par' dir='ltr' id='par_1_4' title="bbox 178 585 2228 921">
     <span class='ocr_line' id='line_1_5' title="bbox 325 585 2226 691; baseline 0.024 -46"><span class='ocrx_word' id='word_1_38' title='bbox 325 621 334 640; x_wconf 84' lang='lat'><strong>·</strong></span> <span class='ocrx_word' id='word_1_39' title='bbox 604 607 747 685; x_wconf 51' lang='lat' dir='ltr'>Ege„</span> <span class='ocrx_word' id='word_1_40' title='bbox 816 615 856 684; x_wconf 66' lang='lat'>30·</span> <span class='ocrx_word' id='word_1_41' title='bbox 918 635 938 683; x_wconf 68' lang='grc' dir='ltr'><strong><em>ο</em></strong></span> <span class='ocrx_word' id='word_1_42' title='bbox 986 585 1065 685; x_wconf 62' lang='lat' dir='ltr'>,gia</span> <span class='ocrx_word' id='word_1_43' title='bbox 1084 606 1171 686; x_wconf 59' lang='lat' dir='ltr'>Do.</span> <span class='ocrx_word' id='word_1_44' title='bbox 1221 596 1362 671; x_wconf 84' lang='lat' dir='ltr'>Galliae</span> <span class='ocrx_word' id='word_1_45' title='bbox 1382 623 1531 691; x_wconf 60' lang='lat' dir='ltr'>manum</span> <span class='ocrx_word' id='word_1_46' title='bbox 1556 608 1647 681; x_wconf 90' lang='lat' dir='ltr'>illud</span> <span class='ocrx_word' id='word_1_47' title='bbox 1675 611 1866 682; x_wconf 89' lang='lat' dir='ltr'>nominant</span> <span class='ocrx_word' id='word_1_48' title='bbox 1887 607 2118 691; x_wconf 83' lang='lat' dir='ltr'>Scorlatum.</span> <span class='ocrx_word' id='word_1_49' title='bbox 2183 619 2226 691; x_wconf 91' lang='lat' dir='ltr'>ld</span> 
     </span>
     <span class='ocr_line' id='line_1_6' title="bbox 178 607 2228 812; baseline 0.008 -34"><span class='ocrx_word' id='word_1_50' title='bbox 178 623 406 794; x_wconf 34' lang='lat' dir='ltr'>amenio?</span> <span class='ocrx_word' id='word_1_51' title='bbox 431 607 986 812; x_wconf 45' lang='lat' dir='ltr'>Poslqmmfiquqeqo</span> <span class='ocrx_word' id='word_1_52' title='bbox 1037 719 1080 787; x_wconf 76' lang='lat' dir='ltr'>in</span> <span class='ocrx_word' id='word_1_53' title='bbox 1108 737 1171 788; x_wconf 67' lang='grc' dir='ltr'>η.</span> <span class='ocrx_word' id='word_1_54' title='bbox 1221 725 1354 772; x_wconf 91' lang='lat' dir='ltr'>nomen</span> <span class='ocrx_word' id='word_1_55' title='bbox 1376 702 1520 776; x_wconf 88' lang='lat' dir='ltr'>videtur</span> <span class='ocrx_word' id='word_1_56' title='bbox 1547 734 1589 781; x_wconf 84' lang='lat' dir='ltr'>ex</span> <span class='ocrx_word' id='word_1_57' title='bbox 1618 707 1757 784; x_wconf 89' lang='lat' dir='ltr'>Graeco</span> <span class='ocrx_word' id='word_1_58' title='bbox 1788 713 1923 785; x_wconf 90' lang='lat' dir='ltr'>factum</span> <span class='ocrx_word' id='word_1_59' title='bbox 1945 713 2157 808; x_wconf 81' lang='lat' dir='ltr'>Scolcciovs,</span> <span class='ocrx_word' id='word_1_60' title='bbox 2188 724 2228 795; x_wconf 89' lang='lat' dir='ltr'>id</span> 
     </span>
     <span class='ocr_line' id='line_1_7' title="bbox 181 742 2226 921; baseline 0.026 -77"><span class='ocrx_word' id='word_1_61' title='bbox 181 742 603 921; x_wconf 46' lang='grc' dir='ltr'>ηὲἳωαὲωἶηὲὼω</span> <span class='ocrx_word' id='word_1_62' title='bbox 631 819 870 908; x_wconf 54' lang='lat' dir='ltr'>Doctorum,</span> <span class='ocrx_word' id='word_1_63' title='bbox 904 766 990 890; x_wconf 66' lang='lat'><strong><em>(150³</em></strong></span> <span class='ocrx_word' id='word_1_64' title='bbox 996 819 1105 891; x_wconf 57' lang='grc' dir='ltr'>Μή</span> <span class='ocrx_word' id='word_1_65' title='bbox 1133 825 1171 890; x_wconf 57' lang='grc' dir='ltr'>,ι</span> <span class='ocrx_word' id='word_1_66' title='bbox 1223 816 1292 888; x_wconf 91' lang='lat' dir='ltr'>est,</span> <span class='ocrx_word' id='word_1_67' title='bbox 1308 801 1555 887; x_wconf 47' lang='lat' dir='ltr'>,Vermiculuu</span> <span class='ocrx_word' id='word_1_68' title='bbox 1607 807 1670 884; x_wconf 82' lang='lat' dir='ltr'>Ait</span> <span class='ocrx_word' id='word_1_69' title='bbox 1693 828 1729 887; x_wconf 91' lang='lat' dir='ltr'>et</span> <span class='ocrx_word' id='word_1_70' title='bbox 1750 813 1961 904; x_wconf 86' lang='lat' dir='ltr'>Pausanias,</span> <span class='ocrx_word' id='word_1_71' title='bbox 1987 821 2093 891; x_wconf 90' lang='lat' dir='ltr'>talem</span> <span class='ocrx_word' id='word_1_72' title='bbox 2117 825 2226 896; x_wconf 88' lang='lat' dir='ltr'>fruti·</span> 
     </span>
    </p>
   </div>
   <div class='ocr_carea' id='block_1_5' title="bbox 552 905 2228 1015">
    <p class='ocr_par' dir='ltr' id='par_1_5' title="bbox 552 905 2228 1015">
     <span class='ocr_line' id='line_1_8' title="bbox 552 905 2228 1015; baseline 0.014 -42"><span class='ocrx_word' id='word_1_73' title='bbox 552 921 666 996; x_wconf 64' lang='lat' dir='ltr'>mu</span> <span class='ocrx_word' id='word_1_74' title='bbox 693 917 803 994; x_wconf 66' lang='lat'>1552,</span> <span class='ocrx_word' id='word_1_75' title='bbox 1224 929 1298 975; x_wconf 91' lang='lat' dir='ltr'>cem</span> <span class='ocrx_word' id='word_1_76' title='bbox 1330 905 1468 978; x_wconf 88' lang='lat' dir='ltr'>lentisci</span> <span class='ocrx_word' id='word_1_77' title='bbox 1495 912 1629 1003; x_wconf 86' lang='lat' dir='ltr'>specie,</span> <span class='ocrx_word' id='word_1_78' title='bbox 1665 912 1704 986; x_wconf 89' lang='lat' dir='ltr'>in</span> <span class='ocrx_word' id='word_1_79' title='bbox 1734 915 1879 1005; x_wconf 79' lang='lat' dir='ltr'>regione</span> <span class='ocrx_word' id='word_1_80' title='bbox 1912 917 2083 993; x_wconf 78' lang='lat' dir='ltr'>Graeciae</span> <span class='ocrx_word' id='word_1_81' title='bbox 2115 927 2228 1015; x_wconf 88' lang='lat' dir='ltr'>nasci,</span> 
     </span>
    </p>
   </div>
   <div class='ocr_carea' id='block_1_6' title="bbox 184 1005 2226 1211">
    <p class='ocr_par' dir='ltr' id='par_1_6' title="bbox 184 1005 2226 1211">
     <span class='ocr_line' id='line_1_9' title="bbox 1224 1005 2226 1101; baseline 0.026 -27"><span class='ocrx_word' id='word_1_82' title='bbox 1224 1030 1315 1100; x_wconf 88' lang='lat' dir='ltr'>quae</span> <span class='ocrx_word' id='word_1_83' title='bbox 1338 1005 1532 1081; x_wconf 70' lang='lat' dir='ltr'>Phocensis</span> <span class='ocrx_word' id='word_1_84' title='bbox 1555 1015 1699 1092; x_wconf 87' lang='lat' dir='ltr'>dicitur.</span> <span class='ocrx_word' id='word_1_85' title='bbox 1761 1017 1932 1092; x_wconf 88' lang='lat' dir='ltr'>Scribunt</span> <span class='ocrx_word' id='word_1_86' title='bbox 1956 1037 1989 1094; x_wconf 91' lang='lat' dir='ltr'>et</span> <span class='ocrx_word' id='word_1_87' title='bbox 2014 1025 2053 1094; x_wconf 91' lang='lat' dir='ltr'>in</span> <span class='ocrx_word' id='word_1_88' title='bbox 2076 1021 2165 1098; x_wconf 83' lang='lat' dir='ltr'>Asia</span> <span class='ocrx_word' id='word_1_89' title='bbox 2189 1029 2226 1101; x_wconf 93' lang='lat' dir='ltr'>in</span> 
     </span>
     <span class='ocr_line' id='line_1_10' title="bbox 184 1072 2226 1211; baseline 0.022 -53"><span class='ocrx_word' id='word_1_90' title='bbox 184 1072 346 1162; x_wconf 80' lang='lat' dir='ltr'>Nostrae</span> <span class='ocrx_word' id='word_1_91' title='bbox 360 1084 483 1158; x_wconf 72' lang='lat' dir='ltr'>aetolis</span> <span class='ocrx_word' id='word_1_92' title='bbox 493 1085 729 1170; x_wconf 73' lang='lat' dir='ltr'>nondum0⁸b</span> <span class='ocrx_word' id='word_1_93' title='bbox 753 1105 1064 1180; x_wconf 62' lang='lat' dir='ltr'>⁰³⁰⁸³⁸q⁰³²ffff²</span> <span class='ocrx_word' id='word_1_94' title='bbox 1088 1108 1174 1178; x_wconf 63' lang='grc' dir='ltr'>ΡΝ·</span> <span class='ocrx_word' id='word_1_95' title='bbox 1225 1108 1369 1197; x_wconf 79' lang='lat' dir='ltr'>regione</span> <span class='ocrx_word' id='word_1_96' title='bbox 1387 1107 1596 1185; x_wconf 73' lang='lat' dir='ltr'><strong>Galatarum</strong></span> <span class='ocrx_word' id='word_1_97' title='bbox 1618 1121 1760 1211; x_wconf 86' lang='lat' dir='ltr'>copiose</span> <span class='ocrx_word' id='word_1_98' title='bbox 1782 1121 1910 1197; x_wconf 83' lang='lat' dir='ltr'>nasci.&#39;</span> <span class='ocrx_word' id='word_1_99' title='bbox 1942 1122 2083 1198; x_wconf 79' lang='lat' dir='ltr'>Recens</span> <span class='ocrx_word' id='word_1_100' title='bbox 2105 1146 2226 1201; x_wconf 81' lang='lat' dir='ltr'>autem</span> 
     </span>
    </p>
   </div>
   <div class='ocr_carea' id='block_1_7' title="bbox 185 1184 2226 1418">
    <p class='ocr_par' dir='ltr' id='par_1_7' title="bbox 185 1184 2226 1418">
     <span class='ocr_line' id='line_1_11' title="bbox 185 1184 2226 1313; baseline 0.006 -29"><span class='ocrx_word' id='word_1_101' title='bbox 185 1202 267 1284; x_wconf 70' lang='lat' dir='ltr'>Ptet</span> <span class='ocrx_word' id='word_1_102' title='bbox 288 1211 376 1284; x_wconf 65' lang='lat'>(1⁰²⁸</span> <span class='ocrx_word' id='word_1_103' title='bbox 395 1187 536 1281; x_wconf 65' lang='lat' dir='ltr'>⁸⁸Pl⁸¹¹⁸</span> <span class='ocrx_word' id='word_1_104' title='bbox 551 1184 756 1279; x_wconf 58' lang='lat' dir='ltr'>Antiquim</span> <span class='ocrx_word' id='word_1_105' title='bbox 770 1185 895 1267; x_wconf 58' lang='lat' dir='ltr'>dmum</span> <span class='ocrx_word' id='word_1_106' title='bbox 912 1187 1175 1306; x_wconf 56' lang='lat' dir='ltr'>dstffldiffffibss</span> <span class='ocrx_word' id='word_1_107' title='bbox 1225 1209 1347 1280; x_wconf 87' lang='lat' dir='ltr'>audivi</span> <span class='ocrx_word' id='word_1_108' title='bbox 1370 1224 1405 1280; x_wconf 91' lang='lat' dir='ltr'>et</span> <span class='ocrx_word' id='word_1_109' title='bbox 1428 1213 1641 1313; x_wconf 83' lang='lat' dir='ltr'>iuPolonia</span> <span class='ocrx_word' id='word_1_110' title='bbox 1664 1222 1780 1307; x_wconf 91' lang='lat' dir='ltr'>nasci,</span> <span class='ocrx_word' id='word_1_111' title='bbox 1806 1236 1841 1291; x_wconf 89' lang='lat' dir='ltr'>et</span> <span class='ocrx_word' id='word_1_112' title='bbox 1865 1246 2016 1311; x_wconf 88' lang='lat' dir='ltr'>granum</span> <span class='ocrx_word' id='word_1_113' title='bbox 2041 1232 2226 1305; x_wconf 82' lang='lat' dir='ltr'>nominari</span> 
     </span>
     <span class='ocr_line' id='line_1_12' title="bbox 186 1284 2225 1418; baseline 0.012 -36"><span class='ocrx_word' id='word_1_114' title='bbox 186 1290 336 1377; x_wconf 52' lang='lat' dir='ltr'>Uibulli</span> <span class='ocrx_word' id='word_1_115' title='bbox 374 1289 413 1359; x_wconf 62' lang='lat'>3¹¹</span> <span class='ocrx_word' id='word_1_116' title='bbox 443 1284 499 1358; x_wconf 56' lang='grc' dir='ltr'>Μ*</span> <span class='ocrx_word' id='word_1_117' title='bbox 526 1285 680 1381; x_wconf 61' lang='lat' dir='ltr'>Puhlicis</span> <span class='ocrx_word' id='word_1_118' title='bbox 707 1287 972 1378; x_wconf 67' lang='lat' dir='ltr'>⁶⁰⁰8¹²⁸⁸lb²¹⁸s</span> <span class='ocrx_word' id='word_1_119' title='bbox 1009 1290 1075 1377; x_wconf 66' lang='lat' dir='ltr'>ubl</span> <span class='ocrx_word' id='word_1_120' title='bbox 1103 1301 1176 1360; x_wconf 60' lang='grc' dir='ltr'>ἴδω</span> <span class='ocrx_word' id='word_1_121' title='bbox 1226 1304 1434 1399; x_wconf 75' lang='lat' dir='ltr'>Tscrsvicz,</span> <span class='ocrx_word' id='word_1_122' title='bbox 1466 1340 1507 1385; x_wconf 92' lang='lat' dir='ltr'>ac</span> <span class='ocrx_word' id='word_1_123' title='bbox 1535 1343 1701 1409; x_wconf 89' lang='lat' dir='ltr'>magnum</span> <span class='ocrx_word' id='word_1_124' title='bbox 1734 1337 1920 1418; x_wconf 87' lang='lat' dir='ltr'>quaestum</span> <span class='ocrx_word' id='word_1_125' title='bbox 1944 1329 2032 1398; x_wconf 91' lang='lat' dir='ltr'>olim</span> <span class='ocrx_word' id='word_1_126' title='bbox 2056 1326 2225 1408; x_wconf 87' lang='lat' dir='ltr'>habuisse</span> 
     </span>
    </p>
   </div>
   <div class='ocr_carea' id='block_1_8' title="bbox 187 1489 1179 2072">
    <p class='ocr_par' dir='ltr' id='par_1_8' title="bbox 187 1489 1179 2072">
     <span class='ocr_line' id='line_1_13' title="bbox 187 1489 1176 1582; baseline 0.004 -20"><span class='ocrx_word' id='word_1_127' title='bbox 187 1493 350 1567; x_wconf 88' lang='lat' dir='ltr'>veniunt.</span> <span class='ocrx_word' id='word_1_128' title='bbox 401 1490 471 1564; x_wconf 85' lang='lat' dir='ltr'>Sed</span> <span class='ocrx_word' id='word_1_129' title='bbox 493 1489 641 1563; x_wconf 90' lang='lat' dir='ltr'>obedire</span> <span class='ocrx_word' id='word_1_130' title='bbox 660 1513 726 1560; x_wconf 91' lang='lat' dir='ltr'>nos</span> <span class='ocrx_word' id='word_1_131' title='bbox 748 1505 935 1582; x_wconf 89' lang='lat' dir='ltr'>parentum</span> <span class='ocrx_word' id='word_1_132' title='bbox 951 1493 1127 1565; x_wconf 86' lang='lat' dir='ltr'>voluntati</span> <span class='ocrx_word' id='word_1_133' title='bbox 1144 1507 1176 1566; x_wconf 93' lang='lat' dir='ltr'>et</span> 
     </span>
     <span class='ocr_line' id='line_1_14' title="bbox 188 1590 1178 1686; baseline -0.002 -21"><span class='ocrx_word' id='word_1_134' title='bbox 188 1594 327 1684; x_wconf 75' lang='lat' dir='ltr'>legibue</span> <span class='ocrx_word' id='word_1_135' title='bbox 349 1596 459 1665; x_wconf 82' lang='lat' dir='ltr'>decet.</span> <span class='ocrx_word' id='word_1_136' title='bbox 507 1590 600 1665; x_wconf 89' lang='lat' dir='ltr'>Cum</span> <span class='ocrx_word' id='word_1_137' title='bbox 615 1605 732 1663; x_wconf 87' lang='lat' dir='ltr'>autern</span> <span class='ocrx_word' id='word_1_138' title='bbox 748 1592 951 1664; x_wconf 89' lang='lat' dir='ltr'>carissimus</span> <span class='ocrx_word' id='word_1_139' title='bbox 965 1607 1065 1686; x_wconf 89' lang='lat' dir='ltr'>pater</span> <span class='ocrx_word' id='word_1_140' title='bbox 1077 1616 1178 1664; x_wconf 91' lang='lat' dir='ltr'>meus</span> 
     </span>
     <span class='ocr_line' id='line_1_15' title="bbox 189 1689 1177 1788; baseline -0.003 -21"><span class='ocrx_word' id='word_1_141' title='bbox 189 1694 230 1767; x_wconf 92' lang='lat' dir='ltr'>in</span> <span class='ocrx_word' id='word_1_142' title='bbox 259 1689 427 1766; x_wconf 89' lang='lat' dir='ltr'>hocloco</span> <span class='ocrx_word' id='word_1_143' title='bbox 449 1717 650 1788; x_wconf 83' lang='lat' dir='ltr'>proponere</span> <span class='ocrx_word' id='word_1_144' title='bbox 672 1716 729 1762; x_wconf 88' lang='lat' dir='ltr'>me</span> <span class='ocrx_word' id='word_1_145' title='bbox 749 1695 990 1787; x_wconf 86' lang='lat' dir='ltr'>quaestionem</span> <span class='ocrx_word' id='word_1_146' title='bbox 1013 1696 1177 1781; x_wconf 89' lang='lat' dir='ltr'>voluerit,</span> 
     </span>
     <span class='ocr_line' id='line_1_16' title="bbox 189 1796 1178 1890; baseline 0.001 -22"><span class='ocrx_word' id='word_1_147' title='bbox 189 1797 320 1868; x_wconf 86' lang='lat' dir='ltr'>usitato</span> <span class='ocrx_word' id='word_1_148' title='bbox 342 1820 459 1878; x_wconf 89' lang='lat' dir='ltr'>more,</span> <span class='ocrx_word' id='word_1_149' title='bbox 485 1817 588 1887; x_wconf 87' lang='lat' dir='ltr'>spero</span> <span class='ocrx_word' id='word_1_150' title='bbox 611 1817 674 1864; x_wconf 91' lang='lat' dir='ltr'>vos</span> <span class='ocrx_word' id='word_1_151' title='bbox 696 1818 811 1864; x_wconf 90' lang='lat' dir='ltr'>meam</span> <span class='ocrx_word' id='word_1_152' title='bbox 832 1796 1071 1867; x_wconf 83' lang='lat' dir='ltr'>obedientiam</span> <span class='ocrx_word' id='word_1_153' title='bbox 1093 1822 1178 1890; x_wconf 92' lang='lat' dir='ltr'>pro-</span> 
     </span>
     <span class='ocr_line' id='line_1_17' title="bbox 187 1898 1179 1993; baseline 0.001 -23"><span class='ocrx_word' id='word_1_154' title='bbox 187 1898 335 1970; x_wconf 91' lang='lat' dir='ltr'>baturos</span> <span class='ocrx_word' id='word_1_155' title='bbox 359 1920 450 1980; x_wconf 87' lang='lat' dir='ltr'>esse,</span> <span class='ocrx_word' id='word_1_156' title='bbox 476 1909 513 1968; x_wconf 92' lang='lat' dir='ltr'>et</span> <span class='ocrx_word' id='word_1_157' title='bbox 531 1909 733 1967; x_wconf 86' lang='lat' dir='ltr'>reverenter</span> <span class='ocrx_word' id='word_1_158' title='bbox 748 1921 833 1984; x_wconf 85' lang='lat' dir='ltr'>oro,</span> <span class='ocrx_word' id='word_1_159' title='bbox 857 1912 898 1970; x_wconf 93' lang='lat' dir='ltr'>ut</span> <span class='ocrx_word' id='word_1_160' title='bbox 910 1899 1084 1993; x_wconf 86' lang='lat' dir='ltr'>puerilem</span> <span class='ocrx_word' id='word_1_161' title='bbox 1098 1924 1179 1971; x_wconf 87' lang='lat' dir='ltr'>ora-</span> 
     </span>
     <span class='ocr_line' id='line_1_18' title="bbox 187 1996 769 2072; baseline 0.003 -2"><span class='ocrx_word' id='word_1_162' title='bbox 187 1998 324 2071; x_wconf 90' lang='lat' dir='ltr'>tionem</span> <span class='ocrx_word' id='word_1_163' title='bbox 339 2022 453 2069; x_wconf 86' lang='lat' dir='ltr'>meam</span> <span class='ocrx_word' id='word_1_164' title='bbox 465 1997 553 2069; x_wconf 91' lang='lat' dir='ltr'>boni</span> <span class='ocrx_word' id='word_1_165' title='bbox 569 1996 769 2072; x_wconf 84' lang='lat' dir='ltr'>consulatis.</span> 
     </span>
    </p>
   </div>
   <div class='ocr_carea' id='block_1_9' title="bbox 187 2130 1178 2841">
    <p class='ocr_par' dir='ltr' id='par_1_9' title="bbox 187 2130 1178 2841">
     <span class='ocr_line' id='line_1_19' title="bbox 291 2130 1178 2231; baseline 0.002 -23"><span class='ocrx_word' id='word_1_166' title='bbox 291 2134 340 2208; x_wconf 85' lang='lat' dir='ltr'>Et</span> <span class='ocrx_word' id='word_1_167' title='bbox 361 2138 446 2231; x_wconf 92' lang='lat' dir='ltr'>quia</span> <span class='ocrx_word' id='word_1_168' title='bbox 465 2130 535 2207; x_wconf 87' lang='lat' dir='ltr'>hoc</span> <span class='ocrx_word' id='word_1_169' title='bbox 549 2149 709 2228; x_wconf 85' lang='lat' dir='ltr'>tempore</span> <span class='ocrx_word' id='word_1_170' title='bbox 725 2137 769 2205; x_wconf 93' lang='lat' dir='ltr'>de</span> <span class='ocrx_word' id='word_1_171' title='bbox 787 2133 929 2209; x_wconf 87' lang='lat' dir='ltr'>Medica</span> <span class='ocrx_word' id='word_1_172' title='bbox 946 2152 1022 2208; x_wconf 91' lang='lat' dir='ltr'>arte</span> <span class='ocrx_word' id='word_1_173' title='bbox 1037 2138 1178 2229; x_wconf 90' lang='lat' dir='ltr'>dicitur,</span> 
     </span>
     <span class='ocr_line' id='line_1_20' title="bbox 188 2237 1178 2330; baseline 0.003 -20"><span class='ocrx_word' id='word_1_174' title='bbox 188 2237 525 2310; x_wconf 85' lang='lat' dir='ltr'>minusmirandum</span> <span class='ocrx_word' id='word_1_175' title='bbox 542 2252 610 2322; x_wconf 89' lang='lat' dir='ltr'>est,</span> <span class='ocrx_word' id='word_1_176' title='bbox 635 2260 744 2330; x_wconf 91' lang='lat' dir='ltr'>qnare</span> <span class='ocrx_word' id='word_1_177' title='bbox 759 2250 794 2309; x_wconf 88' lang='lat' dir='ltr'>et</span> <span class='ocrx_word' id='word_1_178' title='bbox 806 2250 948 2309; x_wconf 88' lang='lat' dir='ltr'>nostrae</span> <span class='ocrx_word' id='word_1_179' title='bbox 959 2243 1065 2312; x_wconf 86' lang='lat' dir='ltr'>aetati</span> <span class='ocrx_word' id='word_1_180' title='bbox 1079 2242 1178 2313; x_wconf 86' lang='lat' dir='ltr'>locus</span> 
     </span>
     <span class='ocr_line' id='line_1_21' title="bbox 189 2335 1178 2426; baseline 0.002 -15"><span class='ocrx_word' id='word_1_181' title='bbox 189 2341 334 2412; x_wconf 90' lang='lat' dir='ltr'>dicendi</span> <span class='ocrx_word' id='word_1_182' title='bbox 363 2339 552 2412; x_wconf 82' lang='lat' dir='ltr'>tribuatur.</span> <span class='ocrx_word' id='word_1_183' title='bbox 611 2335 861 2409; x_wconf 82' lang='lat' dir='ltr'>Rectissimum</span> <span class='ocrx_word' id='word_1_184' title='bbox 890 2353 943 2411; x_wconf 86' lang='lat' dir='ltr'>est</span> <span class='ocrx_word' id='word_1_185' title='bbox 966 2343 1080 2426; x_wconf 88' lang='lat' dir='ltr'>enim,</span> <span class='ocrx_word' id='word_1_186' title='bbox 1112 2366 1178 2414; x_wconf 89' lang='lat' dir='ltr'>nos</span> 
     </span>
     <span class='ocr_line' id='line_1_22' title="bbox 188 2439 1177 2532; baseline 0.002 -20"><span class='ocrx_word' id='word_1_187' title='bbox 188 2442 306 2513; x_wconf 90' lang='lat' dir='ltr'>statim</span> <span class='ocrx_word' id='word_1_188' title='bbox 322 2443 368 2512; x_wconf 92' lang='lat' dir='ltr'>ab</span> <span class='ocrx_word' id='word_1_189' title='bbox 381 2440 531 2519; x_wconf 81' lang='lat' dir='ltr'>infantia</span> <span class='ocrx_word' id='word_1_190' title='bbox 545 2439 742 2524; x_wconf 86' lang='lat' dir='ltr'>adsuclieri,</span> <span class='ocrx_word' id='word_1_191' title='bbox 766 2453 806 2511; x_wconf 90' lang='lat' dir='ltr'>ut</span> <span class='ocrx_word' id='word_1_192' title='bbox 819 2465 899 2511; x_wconf 89' lang='lat' dir='ltr'>cum</span> <span class='ocrx_word' id='word_1_193' title='bbox 914 2466 982 2532; x_wconf 91' lang='lat' dir='ltr'>ope</span> <span class='ocrx_word' id='word_1_194' title='bbox 996 2445 1082 2515; x_wconf 90' lang='lat' dir='ltr'>artis</span> <span class='ocrx_word' id='word_1_195' title='bbox 1096 2440 1177 2514; x_wconf 89' lang='lat' dir='ltr'>Me·</span> 
     </span>
     <span class='ocr_line' id='line_1_23' title="bbox 190 2540 1177 2634; baseline 0.006 -22"><span class='ocrx_word' id='word_1_196' title='bbox 190 2546 290 2614; x_wconf 91' lang='lat' dir='ltr'>dicae</span> <span class='ocrx_word' id='word_1_197' title='bbox 314 2557 435 2614; x_wconf 87' lang='lat' dir='ltr'>tenera</span> <span class='ocrx_word' id='word_1_198' title='bbox 451 2541 658 2634; x_wconf 89' lang='lat' dir='ltr'>corpuscula</span> <span class='ocrx_word' id='word_1_199' title='bbox 676 2540 882 2623; x_wconf 86' lang='lat' dir='ltr'>foveantur,</span> <span class='ocrx_word' id='word_1_200' title='bbox 908 2542 1084 2614; x_wconf 87' lang='lat' dir='ltr'>discamus</span> <span class='ocrx_word' id='word_1_201' title='bbox 1100 2542 1177 2619; x_wconf 89' lang='lat' dir='ltr'>Deo</span> 
     </span>
     <span class='ocr_line' id='line_1_24' title="bbox 188 2639 1177 2736; baseline 0.004 -22"><span class='ocrx_word' id='word_1_202' title='bbox 188 2645 317 2736; x_wconf 87' lang='lat' dir='ltr'>gratias</span> <span class='ocrx_word' id='word_1_203' title='bbox 330 2666 433 2733; x_wconf 88' lang='lat' dir='ltr'>agere</span> <span class='ocrx_word' id='word_1_204' title='bbox 446 2666 512 2734; x_wconf 90' lang='lat' dir='ltr'>pro</span> <span class='ocrx_word' id='word_1_205' title='bbox 527 2639 710 2719; x_wconf 86' lang='lat' dir='ltr'>remediis,</span> <span class='ocrx_word' id='word_1_206' title='bbox 737 2656 771 2712; x_wconf 89' lang='lat' dir='ltr'>et</span> <span class='ocrx_word' id='word_1_207' title='bbox 785 2665 996 2714; x_wconf 89' lang='lat' dir='ltr'>veneremur</span> <span class='ocrx_word' id='word_1_208' title='bbox 1005 2644 1177 2735; x_wconf 89' lang='lat' dir='ltr'>Medicos,</span> 
     </span>
     <span class='ocr_line' id='line_1_25' title="bbox 187 2742 991 2841; baseline 0.009 -28"><span class='ocrx_word' id='word_1_209' title='bbox 187 2771 340 2841; x_wconf 86' lang='lat' dir='ltr'>quorum</span> <span class='ocrx_word' id='word_1_210' title='bbox 356 2743 532 2815; x_wconf 87' lang='lat' dir='ltr'>industria</span> <span class='ocrx_word' id='word_1_211' title='bbox 546 2742 652 2812; x_wconf 91' lang='lat' dir='ltr'>nobis</span> <span class='ocrx_word' id='word_1_212' title='bbox 664 2765 767 2833; x_wconf 85' lang='lat' dir='ltr'>saepe</span> <span class='ocrx_word' id='word_1_213' title='bbox 783 2743 991 2834; x_wconf 89' lang='lat' dir='ltr'>opitulatur.</span> 
     </span>
    </p>
   </div>
   <div class='ocr_carea' id='block_1_10' title="bbox 136 2871 1176 3890">
    <p class='ocr_par' dir='ltr' id='par_1_10' title="bbox 288 2871 1176 2969">
     <span class='ocr_line' id='line_1_26' title="bbox 288 2871 1176 2969; baseline 0.005 -23"><span class='ocrx_word' id='word_1_214' title='bbox 288 2873 368 2964; x_wconf 81' lang='lat' dir='ltr'>Ago</span> <span class='ocrx_word' id='word_1_215' title='bbox 398 2874 520 2969; x_wconf 87' lang='lat' dir='ltr'>itaque</span> <span class='ocrx_word' id='word_1_216' title='bbox 541 2873 671 2962; x_wconf 86' lang='lat' dir='ltr'>gratias</span> <span class='ocrx_word' id='word_1_217' title='bbox 694 2871 771 2943; x_wconf 90' lang='lat' dir='ltr'>Deo</span> <span class='ocrx_word' id='word_1_218' title='bbox 792 2874 989 2960; x_wconf 90' lang='lat' dir='ltr'>conditori,</span> <span class='ocrx_word' id='word_1_219' title='bbox 1021 2881 1117 2969; x_wconf 91' lang='lat' dir='ltr'>quod</span> <span class='ocrx_word' id='word_1_220' title='bbox 1142 2893 1176 2950; x_wconf 87' lang='lat' dir='ltr'>et</span> 
     </span>
    </p>

    <p class='ocr_par' dir='ltr' id='par_1_11' title="bbox 136 2974 1176 3890">
     <span class='ocr_line' id='line_1_27' title="bbox 187 2974 1176 3060; baseline 0.003 -10"><span class='ocrx_word' id='word_1_221' title='bbox 187 2983 321 3052; x_wconf 87' lang='lat' dir='ltr'>caetera</span> <span class='ocrx_word' id='word_1_222' title='bbox 352 2978 465 3060; x_wconf 89' lang='lat' dir='ltr'>bona,</span> <span class='ocrx_word' id='word_1_223' title='bbox 498 2987 532 3043; x_wconf 88' lang='lat' dir='ltr'>et</span> <span class='ocrx_word' id='word_1_224' title='bbox 554 2974 710 3044; x_wconf 82' lang='lat' dir='ltr'>remedia</span> <span class='ocrx_word' id='word_1_225' title='bbox 733 2974 940 3044; x_wconf 87' lang='lat' dir='ltr'>morborum</span> <span class='ocrx_word' id='word_1_226' title='bbox 962 2980 1124 3052; x_wconf 88' lang='lat' dir='ltr'>condidit</span> <span class='ocrx_word' id='word_1_227' title='bbox 1141 2993 1176 3054; x_wconf 93' lang='lat' dir='ltr'>et</span> 
     </span>
     <span class='ocr_line' id='line_1_28' title="bbox 136 3075 1176 3175; baseline 0.004 -25"><span class='ocrx_word' id='word_1_228' title='bbox 136 3096 139 3101; x_wconf 82' lang='grc'><em>’</em></span> <span class='ocrx_word' id='word_1_229' title='bbox 185 3076 416 3160; x_wconf 89' lang='lat' dir='ltr'>monstravit,</span> <span class='ocrx_word' id='word_1_230' title='bbox 443 3091 476 3148; x_wconf 90' lang='lat' dir='ltr'>et</span> <span class='ocrx_word' id='word_1_231' title='bbox 492 3098 664 3157; x_wconf 90' lang='lat' dir='ltr'>eumoro,</span> <span class='ocrx_word' id='word_1_232' title='bbox 689 3087 731 3146; x_wconf 92' lang='lat' dir='ltr'>ut</span> <span class='ocrx_word' id='word_1_233' title='bbox 745 3075 854 3145; x_wconf 90' lang='lat' dir='ltr'>vitam</span> <span class='ocrx_word' id='word_1_234' title='bbox 866 3089 1176 3175; x_wconf 84' lang='lat' dir='ltr'>nostramtneatur</span> 
     </span>
     <span class='ocr_line' id='line_1_29' title="bbox 185 3193 343 3270; baseline -0.013 -18"><span class='ocrx_word' id='word_1_235' title='bbox 185 3194 220 3252; x_wconf 81' lang='lat' dir='ltr'>et</span> <span class='ocrx_word' id='word_1_236' title='bbox 235 3193 343 3270; x_wconf 85' lang='lat' dir='ltr'>regat.</span> 
     </span>
     <span class='ocr_line' id='line_1_30' title="bbox 196 3274 1174 3391; baseline 0.003 -21"><span class='ocrx_word' id='word_1_237' title='bbox 196 3274 201 3287; x_wconf 57' lang='grc'><strong>’</strong></span> <span class='ocrx_word' id='word_1_238' title='bbox 287 3296 501 3391; x_wconf 87' lang='lat' dir='ltr'>Suppeditat</span> <span class='ocrx_word' id='word_1_239' title='bbox 528 3309 644 3367; x_wconf 90' lang='lat' dir='ltr'>autem</span> <span class='ocrx_word' id='word_1_240' title='bbox 670 3293 744 3386; x_wconf 87' lang='lat' dir='ltr'>ipsa</span> <span class='ocrx_word' id='word_1_241' title='bbox 765 3309 915 3368; x_wconf 84' lang='lat' dir='ltr'>naturae</span> <span class='ocrx_word' id='word_1_242' title='bbox 936 3299 1087 3371; x_wconf 90' lang='lat' dir='ltr'>varietas</span> <span class='ocrx_word' id='word_1_243' title='bbox 1108 3302 1174 3375; x_wconf 91' lang='lat' dir='ltr'>do-</span> 
     </span>
     <span class='ocr_line' id='line_1_31' title="bbox 184 3391 1174 3496; baseline 0.003 -24"><span class='ocrx_word' id='word_1_244' title='bbox 184 3399 251 3472; x_wconf 89' lang='lat' dir='ltr'>ctis</span> <span class='ocrx_word' id='word_1_245' title='bbox 271 3391 478 3471; x_wconf 87' lang='lat' dir='ltr'>bominibus</span> <span class='ocrx_word' id='word_1_246' title='bbox 504 3395 661 3467; x_wconf 79' lang='lat' dir='ltr'>infinitas</span> <span class='ocrx_word' id='word_1_247' title='bbox 681 3397 847 3469; x_wconf 89' lang='lat' dir='ltr'>materias</span> <span class='ocrx_word' id='word_1_248' title='bbox 870 3393 1104 3496; x_wconf 83' lang='lat' dir='ltr'>inquisitione</span> <span class='ocrx_word' id='word_1_249' title='bbox 1116 3407 1174 3475; x_wconf 89' lang='lat' dir='ltr'>di-</span> 
     </span>
     <span class='ocr_line' id='line_1_32' title="bbox 184 3495 1174 3596; baseline 0.009 -26"><span class='ocrx_word' id='word_1_250' title='bbox 184 3515 283 3594; x_wconf 81' lang='lat' dir='ltr'>guas.</span> <span class='ocrx_word' id='word_1_251' title='bbox 340 3499 411 3572; x_wconf 90' lang='lat' dir='ltr'>Sed</span> <span class='ocrx_word' id='word_1_252' title='bbox 431 3523 494 3590; x_wconf 90' lang='lat' dir='ltr'>ego</span> <span class='ocrx_word' id='word_1_253' title='bbox 517 3498 605 3584; x_wconf 70' lang='lat' dir='ltr'>nm,</span> <span class='ocrx_word' id='word_1_254' title='bbox 639 3508 679 3568; x_wconf 93' lang='lat' dir='ltr'>nt</span> <span class='ocrx_word' id='word_1_255' title='bbox 700 3497 799 3571; x_wconf 92' lang='lat' dir='ltr'>locus</span> <span class='ocrx_word' id='word_1_256' title='bbox 819 3495 945 3572; x_wconf 81' lang='lat' dir='ltr'>Esaiae</span> <span class='ocrx_word' id='word_1_257' title='bbox 966 3500 1174 3596; x_wconf 77' lang='lat' dir='ltr'>illustretur,</span> 
     </span>
     <span class='ocr_line' id='line_1_33' title="bbox 184 3592 1174 3698; baseline 0.005 -25"><span class='ocrx_word' id='word_1_258' title='bbox 184 3592 383 3686; x_wconf 77' lang='lat' dir='ltr'>interrogo:</span> <span class='ocrx_word' id='word_1_259' title='bbox 413 3594 522 3698; x_wconf 82' lang='lat' dir='ltr'>Quid</span> <span class='ocrx_word' id='word_1_260' title='bbox 540 3593 721 3694; x_wconf 76' lang='lat' dir='ltr'>significet</span> <span class='ocrx_word' id='word_1_261' title='bbox 745 3598 982 3690; x_wconf 81' lang='lat' dir='ltr'>vermiculus,</span> <span class='ocrx_word' id='word_1_262' title='bbox 1015 3627 1095 3675; x_wconf 87' lang='lat' dir='ltr'>cum</span> <span class='ocrx_word' id='word_1_263' title='bbox 1117 3608 1174 3678; x_wconf 85' lang='lat' dir='ltr'>ait</span> 
     </span>
     <span class='ocr_line' id='line_1_34' title="bbox 183 3698 1173 3798; baseline 0.003 -24"><span class='ocrx_word' id='word_1_264' title='bbox 183 3698 351 3774; x_wconf 78' lang='lat' dir='ltr'>Esaias:</span> <span class='ocrx_word' id='word_1_265' title='bbox 376 3698 424 3774; x_wconf 89' lang='lat' dir='ltr'>Si</span> <span class='ocrx_word' id='word_1_266' title='bbox 439 3710 589 3798; x_wconf 82' lang='lat' dir='ltr'>peccato</span> <span class='ocrx_word' id='word_1_267' title='bbox 606 3708 724 3771; x_wconf 79' lang='lat' dir='ltr'>vestra</span> <span class='ocrx_word' id='word_1_268' title='bbox 739 3711 844 3772; x_wconf 82' lang='lat' dir='ltr'>crunt</span> <span class='ocrx_word' id='word_1_269' title='bbox 860 3710 900 3773; x_wconf 84' lang='lat' dir='ltr'>ut</span> <span class='ocrx_word' id='word_1_270' title='bbox 916 3704 1115 3796; x_wconf 83' lang='lat' dir='ltr'>coccinum,</span> <span class='ocrx_word' id='word_1_271' title='bbox 1139 3720 1173 3783; x_wconf 82' lang='lat' dir='ltr'>at</span> 
     </span>
     <span class='ocr_line' id='line_1_35' title="bbox 184 3798 1107 3890; baseline 0.003 -12"><span class='ocrx_word' id='word_1_272' title='bbox 184 3803 300 3878; x_wconf 82' lang='lat' dir='ltr'>rubra</span> <span class='ocrx_word' id='word_1_273' title='bbox 315 3814 355 3875; x_wconf 88' lang='lat' dir='ltr'>ut</span> <span class='ocrx_word' id='word_1_274' title='bbox 372 3799 607 3890; x_wconf 79' lang='lat' dir='ltr'>vermiculus,</span> <span class='ocrx_word' id='word_1_275' title='bbox 631 3799 733 3873; x_wconf 80' lang='lat' dir='ltr'>critis</span> <span class='ocrx_word' id='word_1_276' title='bbox 748 3798 906 3875; x_wconf 82' lang='lat' dir='ltr'>condidi</span> <span class='ocrx_word' id='word_1_277' title='bbox 917 3805 1011 3878; x_wconf 87' lang='lat' dir='ltr'>sicut</span> <span class='ocrx_word' id='word_1_278' title='bbox 1025 3805 1107 3881; x_wconf 62' lang='grc' dir='ltr'>πίε.</span> 
     </span>
    </p>
   </div>
   <div class='ocr_carea' id='block_1_11' title="bbox 94 3937 1188 4652">
    <p class='ocr_par' dir='ltr' id='par_1_12' title="bbox 94 3937 1188 4652">
     <span class='ocr_line' id='line_1_36' title="bbox 274 3937 1171 4039; baseline 0.009 -28"><span class='ocrx_word' id='word_1_279' title='bbox 274 3937 383 4012; x_wconf 65' lang='grc' dir='ltr'>ἨΜ</span> <span class='ocrx_word' id='word_1_280' title='bbox 400 3939 526 4010; x_wconf 90' lang='lat' dir='ltr'>concio</span> <span class='ocrx_word' id='word_1_281' title='bbox 545 3939 590 4009; x_wconf 93' lang='lat' dir='ltr'>de</span> <span class='ocrx_word' id='word_1_282' title='bbox 604 3937 820 4031; x_wconf 88' lang='lat' dir='ltr'>poenitentia</span> <span class='ocrx_word' id='word_1_283' title='bbox 837 3965 916 4011; x_wconf 90' lang='lat' dir='ltr'>cum</span> <span class='ocrx_word' id='word_1_284' title='bbox 931 3957 966 4015; x_wconf 87' lang='lat' dir='ltr'>ct</span> <span class='ocrx_word' id='word_1_285' title='bbox 979 3947 1171 4039; x_wconf 89' lang='lat' dir='ltr'>decriptio-</span> 
     </span>
     <span class='ocr_line' id='line_1_37' title="bbox 180 4039 1171 4137; baseline 0.007 -22"><span class='ocrx_word' id='word_1_286' title='bbox 180 4067 263 4115; x_wconf 89' lang='lat' dir='ltr'>nem</span> <span class='ocrx_word' id='word_1_287' title='bbox 295 4056 437 4114; x_wconf 88' lang='lat' dir='ltr'>nostrae</span> <span class='ocrx_word' id='word_1_288' title='bbox 460 4039 623 4111; x_wconf 83' lang='lat' dir='ltr'>miseriae</span> <span class='ocrx_word' id='word_1_289' title='bbox 646 4053 680 4110; x_wconf 89' lang='lat' dir='ltr'>et</span> <span class='ocrx_word' id='word_1_290' title='bbox 701 4040 941 4115; x_wconf 70' lang='lat' dir='ltr'>dulcissimam</span> <span class='ocrx_word' id='word_1_291' title='bbox 965 4049 1171 4137; x_wconf 88' lang='lat' dir='ltr'>promissio·</span> 
     </span>
     <span class='ocr_line' id='line_1_38' title="bbox 94 4141 1170 4238; baseline 0.007 -22"><span class='ocrx_word' id='word_1_292' title='bbox 94 4184 97 4205; x_wconf 72' lang='grc' dir='ltr'><em>ι</em></span> <span class='ocrx_word' id='word_1_293' title='bbox 181 4169 266 4217; x_wconf 83' lang='lat' dir='ltr'>nem</span> <span class='ocrx_word' id='word_1_294' title='bbox 288 4145 485 4224; x_wconf 89' lang='lat' dir='ltr'>contiueat,</span> <span class='ocrx_word' id='word_1_295' title='bbox 519 4141 725 4233; x_wconf 89' lang='lat' dir='ltr'>dignissima</span> <span class='ocrx_word' id='word_1_296' title='bbox 746 4156 797 4214; x_wconf 87' lang='lat' dir='ltr'>est</span> <span class='ocrx_word' id='word_1_297' title='bbox 820 4147 1004 4238; x_wconf 88' lang='lat' dir='ltr'>perspicua</span> <span class='ocrx_word' id='word_1_298' title='bbox 1026 4174 1170 4224; x_wconf 87' lang='lat' dir='ltr'>enarra-</span> 
     </span>
     <span class='ocr_line' id='line_1_39' title="bbox 182 4236 1171 4335; baseline 0.009 -18"><span class='ocrx_word' id='word_1_299' title='bbox 182 4246 293 4317; x_wconf 85' lang='lat' dir='ltr'>tione.</span> <span class='ocrx_word' id='word_1_300' title='bbox 352 4243 410 4315; x_wconf 77' lang='lat' dir='ltr'>An</span> <span class='ocrx_word' id='word_1_301' title='bbox 438 4243 653 4315; x_wconf 88' lang='lat' dir='ltr'>vermiculus</span> <span class='ocrx_word' id='word_1_302' title='bbox 674 4236 732 4313; x_wconf 87' lang='lat' dir='ltr'>bic</span> <span class='ocrx_word' id='word_1_303' title='bbox 755 4249 916 4335; x_wconf 86' lang='lat' dir='ltr'>generale</span> <span class='ocrx_word' id='word_1_304' title='bbox 939 4274 1070 4322; x_wconf 92' lang='lat' dir='ltr'>nomeu</span> <span class='ocrx_word' id='word_1_305' title='bbox 1095 4256 1171 4325; x_wconf 80' lang='lat' dir='ltr'>esti</span> 
     </span>
     <span class='ocr_line' id='line_1_40' title="bbox 169 4330 1188 4451; baseline 0.011 -35"><span class='ocrx_word' id='word_1_306' title='bbox 169 4330 258 4425; x_wconf 60' lang='lat' dir='ltr'>*Aust</span> <span class='ocrx_word' id='word_1_307' title='bbox 284 4332 416 4418; x_wconf 81' lang='lat' dir='ltr'>certam</span> <span class='ocrx_word' id='word_1_308' title='bbox 446 4345 633 4415; x_wconf 85' lang='lat' dir='ltr'>vermiculi</span> <span class='ocrx_word' id='word_1_309' title='bbox 663 4347 814 4436; x_wconf 88' lang='lat' dir='ltr'>speciem</span> <span class='ocrx_word' id='word_1_310' title='bbox 844 4349 1042 4440; x_wconf 77' lang='lat' dir='ltr'>significati</span> <span class='ocrx_word' id='word_1_311' title='bbox 1092 4352 1188 4451; x_wconf 74' lang='lat' dir='ltr'>Ego¹</span> 
     </span>
     <span class='ocr_line' id='line_1_41' title="bbox 179 4442 1166 4546; baseline 0.01 -27"><span class='ocrx_word' id='word_1_312' title='bbox 179 4448 325 4546; x_wconf 85' lang='lat' dir='ltr'>quidem</span> <span class='ocrx_word' id='word_1_313' title='bbox 349 4445 528 4529; x_wconf 81' lang='lat' dir='ltr'>existimo,</span> <span class='ocrx_word' id='word_1_314' title='bbox 561 4446 645 4540; x_wconf 87' lang='lat' dir='ltr'>quia</span> <span class='ocrx_word' id='word_1_315' title='bbox 668 4442 845 4541; x_wconf 80' lang='lat' dir='ltr'>Propheta</span> <span class='ocrx_word' id='word_1_316' title='bbox 869 4454 1030 4526; x_wconf 91' lang='lat' dir='ltr'>nominat</span> <span class='ocrx_word' id='word_1_317' title='bbox 1053 4459 1166 4528; x_wconf 89' lang='lat' dir='ltr'>cocci-</span> 
     </span>
     <span class='ocr_line' id='line_1_42' title="bbox 177 4526 1166 4652; baseline 0.007 -30"><span class='ocrx_word' id='word_1_318' title='bbox 177 4526 287 4630; x_wconf 82' lang='lat' dir='ltr'>num,</span> <span class='ocrx_word' id='word_1_319' title='bbox 313 4546 465 4636; x_wconf 83' lang='lat' dir='ltr'>intelligi</span> <span class='ocrx_word' id='word_1_320' title='bbox 487 4541 546 4617; x_wconf 87' lang='lat' dir='ltr'>bic</span> <span class='ocrx_word' id='word_1_321' title='bbox 560 4560 689 4617; x_wconf 89' lang='lat' dir='ltr'>certam</span> <span class='ocrx_word' id='word_1_322' title='bbox 703 4550 854 4640; x_wconf 87' lang='lat' dir='ltr'>speciem</span> <span class='ocrx_word' id='word_1_323' title='bbox 872 4555 1077 4641; x_wconf 83' lang='lat' dir='ltr'>vermiculi,</span> <span class='ocrx_word' id='word_1_324' title='bbox 1102 4561 1166 4652; x_wconf 92' lang='lat' dir='ltr'>qui</span> 
     </span>
    </p>
   </div>
   <div class='ocr_carea' id='block_1_12' title="bbox 174 4647 1165 4847">
    <p class='ocr_par' dir='ltr' id='par_1_13' title="bbox 174 4647 1165 4847">
     <span class='ocr_line' id='line_1_43' title="bbox 175 4647 1165 4733; baseline 0.008 -9"><span class='ocrx_word' id='word_1_325' title='bbox 175 4651 339 4724; x_wconf 85' lang='lat' dir='ltr'>videlicet</span> <span class='ocrx_word' id='word_1_326' title='bbox 359 4675 401 4721; x_wconf 88' lang='lat' dir='ltr'>ex</span> <span class='ocrx_word' id='word_1_327' title='bbox 424 4673 527 4721; x_wconf 89' lang='lat' dir='ltr'>cocco</span> <span class='ocrx_word' id='word_1_328' title='bbox 551 4649 718 4728; x_wconf 86' lang='lat' dir='ltr'>nascitur.</span> <span class='ocrx_word' id='word_1_329' title='bbox 769 4647 909 4722; x_wconf 86' lang='lat' dir='ltr'>Nomen</span> <span class='ocrx_word' id='word_1_330' title='bbox 932 4680 1015 4725; x_wconf 90' lang='lat' dir='ltr'>vero</span> <span class='ocrx_word' id='word_1_331' title='bbox 1040 4682 1165 4733; x_wconf 87' lang='lat' dir='ltr'>coccus</span> 
     </span>
     <span class='ocr_line' id='line_1_44' title="bbox 174 4743 1163 4847; baseline 0.006 -22"><span class='ocrx_word' id='word_1_332' title='bbox 174 4769 210 4827; x_wconf 92' lang='lat' dir='ltr'>et</span> <span class='ocrx_word' id='word_1_333' title='bbox 223 4755 338 4847; x_wconf 89' lang='lat' dir='ltr'>ipsum</span> <span class='ocrx_word' id='word_1_334' title='bbox 353 4743 516 4826; x_wconf 76' lang='lat' dir='ltr'>fruticem</span> <span class='ocrx_word' id='word_1_335' title='bbox 532 4750 723 4843; x_wconf 87' lang='lat' dir='ltr'>siguificat,</span> <span class='ocrx_word' id='word_1_336' title='bbox 749 4765 785 4823; x_wconf 87' lang='lat' dir='ltr'>et</span> <span class='ocrx_word' id='word_1_337' title='bbox 796 4777 946 4843; x_wconf 89' lang='lat' dir='ltr'>granum</span> <span class='ocrx_word' id='word_1_338' title='bbox 963 4757 1071 4846; x_wconf 85' lang='lat' dir='ltr'>figura</span> <span class='ocrx_word' id='word_1_339' title='bbox 1086 4761 1163 4831; x_wconf 90' lang='lat' dir='ltr'>len-</span> 
     </span>
    </p>
   </div>
   <div class='ocr_carea' id='block_1_13' title="bbox 172 4854 1241 4954">
    <p class='ocr_par' dir='ltr' id='par_1_14' title="bbox 172 4854 1241 4954">
     <span class='ocr_line' id='line_1_45' title="bbox 172 4854 1241 4954; baseline 0.003 -27"><span class='ocrx_word' id='word_1_340' title='bbox 172 4858 238 4940; x_wconf 88' lang='lat' dir='ltr'>tis,</span> <span class='ocrx_word' id='word_1_341' title='bbox 265 4871 324 4928; x_wconf 88' lang='lat' dir='ltr'>ant</span> <span class='ocrx_word' id='word_1_342' title='bbox 342 4855 422 4945; x_wconf 87' lang='lat' dir='ltr'>pisi,</span> <span class='ocrx_word' id='word_1_343' title='bbox 447 4858 544 4950; x_wconf 93' lang='lat' dir='ltr'>quod</span> <span class='ocrx_word' id='word_1_344' title='bbox 557 4854 595 4926; x_wconf 93' lang='lat' dir='ltr'>in</span> <span class='ocrx_word' id='word_1_345' title='bbox 611 4878 652 4924; x_wconf 91' lang='lat' dir='ltr'>eo</span> <span class='ocrx_word' id='word_1_346' title='bbox 665 4854 792 4925; x_wconf 90' lang='lat' dir='ltr'>frutice</span> <span class='ocrx_word' id='word_1_347' title='bbox 808 4857 974 4932; x_wconf 88' lang='lat' dir='ltr'>nascitur.</span> <span class='ocrx_word' id='word_1_348' title='bbox 1026 4859 1066 4931; x_wconf 91' lang='lat' dir='ltr'>ld</span> <span class='ocrx_word' id='word_1_349' title='bbox 1081 4887 1161 4954; x_wconf 87' lang='lat' dir='ltr'>gra-</span> <span class='ocrx_word' id='word_1_350' title='bbox 1231 4896 1241 4914; x_wconf 90' lang='lat'><strong>·</strong></span> 
     </span>
    </p>
   </div>
   <div class='ocr_carea' id='block_1_14' title="bbox 165 4956 1160 5353">
    <p class='ocr_par' dir='ltr' id='par_1_15' title="bbox 165 4956 1160 5353">
     <span class='ocr_line' id='line_1_46' title="bbox 171 4956 1160 5055; baseline -0.005 -25"><span class='ocrx_word' id='word_1_351' title='bbox 171 4981 259 5030; x_wconf 86' lang='lat' dir='ltr'>num</span> <span class='ocrx_word' id='word_1_352' title='bbox 275 4957 424 5026; x_wconf 87' lang='lat' dir='ltr'>vertitur</span> <span class='ocrx_word' id='word_1_353' title='bbox 439 4959 478 5027; x_wconf 93' lang='lat' dir='ltr'>in</span> <span class='ocrx_word' id='word_1_354' title='bbox 493 4956 742 5047; x_wconf 86' lang='lat' dir='ltr'>vermiculum,</span> <span class='ocrx_word' id='word_1_355' title='bbox 768 4957 831 5050; x_wconf 91' lang='lat' dir='ltr'>qui</span> <span class='ocrx_word' id='word_1_356' title='bbox 846 4971 898 5029; x_wconf 89' lang='lat' dir='ltr'>est</span> <span class='ocrx_word' id='word_1_357' title='bbox 914 4963 1059 5031; x_wconf 85' lang='lat' dir='ltr'>materia</span> <span class='ocrx_word' id='word_1_358' title='bbox 1074 4990 1160 5055; x_wconf 89' lang='lat' dir='ltr'>pur.</span> 
     </span>
     <span class='ocr_line' id='line_1_47' title="bbox 169 5055 1157 5155; baseline 0.007 -25"><span class='ocrx_word' id='word_1_359' title='bbox 169 5058 272 5155; x_wconf 84' lang='lat' dir='ltr'>purai</span> <span class='ocrx_word' id='word_1_360' title='bbox 289 5057 437 5141; x_wconf 90' lang='lat' dir='ltr'>coloris,</span> <span class='ocrx_word' id='word_1_361' title='bbox 461 5058 646 5151; x_wconf 87' lang='lat' dir='ltr'>qualisest</span> <span class='ocrx_word' id='word_1_362' title='bbox 662 5055 858 5139; x_wconf 86' lang='lat' dir='ltr'>Rosarum,</span> <span class='ocrx_word' id='word_1_363' title='bbox 883 5085 988 5154; x_wconf 91' lang='lat' dir='ltr'>quem</span> <span class='ocrx_word' id='word_1_364' title='bbox 1004 5056 1157 5137; x_wconf 83' lang='lat' dir='ltr'>Carme-</span> 
     </span>
     <span class='ocr_line' id='line_1_48' title="bbox 166 5158 1158 5254; baseline 0.006 -21"><span class='ocrx_word' id='word_1_365' title='bbox 166 5161 228 5235; x_wconf 82' lang='lat' dir='ltr'>sits</span> <span class='ocrx_word' id='word_1_366' title='bbox 244 5172 391 5244; x_wconf 89' lang='lat' dir='ltr'>vocant,</span> <span class='ocrx_word' id='word_1_367' title='bbox 417 5182 522 5254; x_wconf 89' lang='lat' dir='ltr'>quem</span> <span class='ocrx_word' id='word_1_368' title='bbox 539 5159 578 5230; x_wconf 89' lang='lat' dir='ltr'>in</span> <span class='ocrx_word' id='word_1_369' title='bbox 596 5160 724 5230; x_wconf 88' lang='lat' dir='ltr'>vestitu</span> <span class='ocrx_word' id='word_1_370' title='bbox 738 5158 824 5228; x_wconf 90' lang='lat' dir='ltr'>olim</span> <span class='ocrx_word' id='word_1_371' title='bbox 840 5158 954 5252; x_wconf 80' lang='lat' dir='ltr'>Reges</span> <span class='ocrx_word' id='word_1_372' title='bbox 969 5164 1038 5235; x_wconf 91' lang='lat' dir='ltr'>sibi</span> <span class='ocrx_word' id='word_1_373' title='bbox 1056 5170 1158 5241; x_wconf 89' lang='lat' dir='ltr'>attri-</span> 
     </span>
     <span class='ocr_line' id='line_1_49' title="bbox 165 5253 1155 5353; baseline 0.005 -16"><span class='ocrx_word' id='word_1_374' title='bbox 165 5253 337 5346; x_wconf 88' lang='lat' dir='ltr'>buerunt,</span> <span class='ocrx_word' id='word_1_375' title='bbox 362 5276 403 5334; x_wconf 91' lang='lat' dir='ltr'>ut</span> <span class='ocrx_word' id='word_1_376' title='bbox 423 5284 442 5332; x_wconf 91' lang='lat' dir='ltr'>a</span> <span class='ocrx_word' id='word_1_377' title='bbox 459 5261 593 5353; x_wconf 89' lang='lat' dir='ltr'>populo</span> <span class='ocrx_word' id='word_1_378' title='bbox 607 5262 905 5334; x_wconf 87' lang='lat' dir='ltr'>discernerentur.</span> <span class='ocrx_word' id='word_1_379' title='bbox 955 5262 1025 5337; x_wconf 88' lang='lat' dir='ltr'>Hic</span> <span class='ocrx_word' id='word_1_380' title='bbox 1040 5268 1155 5343; x_wconf 81' lang='lat' dir='ltr'>frutex</span> 
     </span>
    </p>
   </div>
   <div class='ocr_carea' id='block_1_15' title="bbox 1227 1411 2237 2424">
    <p class='ocr_par' dir='ltr' id='par_1_16' title="bbox 1227 1411 2237 2424">
     <span class='ocr_line' id='line_1_50' title="bbox 1228 1411 2237 1533; baseline 0.028 -50"><span class='ocrx_word' id='word_1_381' title='bbox 1228 1411 1385 1484; x_wconf 89' lang='lat' dir='ltr'>Polonos</span> <span class='ocrx_word' id='word_1_382' title='bbox 1409 1439 1450 1485; x_wconf 80' lang='lat' dir='ltr'>ex</span> <span class='ocrx_word' id='word_1_383' title='bbox 1474 1421 1681 1493; x_wconf 87' lang='lat' dir='ltr'>venditione</span> <span class='ocrx_word' id='word_1_384' title='bbox 1701 1423 1777 1494; x_wconf 88' lang='lat' dir='ltr'>eius</span> <span class='ocrx_word' id='word_1_385' title='bbox 1792 1427 1997 1518; x_wconf 88' lang='lat' dir='ltr'>vermiculi,</span> <span class='ocrx_word' id='word_1_386' title='bbox 2022 1434 2111 1521; x_wconf 88' lang='lat' dir='ltr'>adeo</span> <span class='ocrx_word' id='word_1_387' title='bbox 2129 1438 2237 1533; x_wconf 85' lang='lat' dir='ltr'>utin·</span> 
     </span>
     <span class='ocr_line' id='line_1_51' title="bbox 1227 1514 2224 1629; baseline 0.029 -47"><span class='ocrx_word' id='word_1_388' title='bbox 1227 1514 1457 1603; x_wconf 89' lang='lat' dir='ltr'>vectigalibus</span> <span class='ocrx_word' id='word_1_389' title='bbox 1481 1520 1622 1593; x_wconf 88' lang='lat' dir='ltr'>circiter</span> <span class='ocrx_word' id='word_1_390' title='bbox 1643 1550 1702 1596; x_wconf 89' lang='lat' dir='ltr'>sex</span> <span class='ocrx_word' id='word_1_391' title='bbox 1725 1527 1838 1598; x_wconf 90' lang='lat' dir='ltr'>millia</span> <span class='ocrx_word' id='word_1_392' title='bbox 1865 1552 2054 1604; x_wconf 90' lang='lat' dir='ltr'>aureorum</span> <span class='ocrx_word' id='word_1_393' title='bbox 2069 1533 2161 1629; x_wconf 88' lang='lat' dir='ltr'>Regi</span> <span class='ocrx_word' id='word_1_394' title='bbox 2180 1562 2224 1611; x_wconf 84' lang='lat' dir='ltr'>ex</span> 
     </span>
     <span class='ocr_line' id='line_1_52' title="bbox 1227 1625 2224 1732; baseline 0.027 -48"><span class='ocrx_word' id='word_1_395' title='bbox 1227 1638 1266 1685; x_wconf 90' lang='lat' dir='ltr'>ea</span> <span class='ocrx_word' id='word_1_396' title='bbox 1288 1640 1327 1684; x_wconf 91' lang='lat' dir='ltr'>re</span> <span class='ocrx_word' id='word_1_397' title='bbox 1348 1625 1487 1689; x_wconf 89' lang='lat' dir='ltr'>tantum</span> <span class='ocrx_word' id='word_1_398' title='bbox 1511 1627 1703 1697; x_wconf 89' lang='lat' dir='ltr'>accesserit.</span> <span class='ocrx_word' id='word_1_399' title='bbox 1754 1626 1859 1700; x_wconf 70' lang='lat' dir='ltr'>Neine</span> <span class='ocrx_word' id='word_1_400' title='bbox 1876 1654 1960 1701; x_wconf 86' lang='lat' dir='ltr'>vero</span> <span class='ocrx_word' id='word_1_401' title='bbox 1978 1635 2097 1707; x_wconf 89' lang='lat' dir='ltr'>minus</span> <span class='ocrx_word' id='word_1_402' title='bbox 2111 1650 2224 1732; x_wconf 89' lang='lat' dir='ltr'>appe-&#39;</span> 
     </span>
     <span class='ocr_line' id='line_1_53' title="bbox 1227 1718 2222 1836; baseline 0.027 -49"><span class='ocrx_word' id='word_1_403' title='bbox 1227 1718 1333 1802; x_wconf 91' lang='lat' dir='ltr'>titur,</span> <span class='ocrx_word' id='word_1_404' title='bbox 1359 1719 1415 1788; x_wconf 90' lang='lat' dir='ltr'>vel</span> <span class='ocrx_word' id='word_1_405' title='bbox 1428 1721 1512 1812; x_wconf 88' lang='lat' dir='ltr'>quia</span> <span class='ocrx_word' id='word_1_406' title='bbox 1528 1724 1566 1793; x_wconf 93' lang='lat' dir='ltr'>in</span> <span class='ocrx_word' id='word_1_407' title='bbox 1575 1723 1748 1820; x_wconf 89' lang='lat' dir='ltr'>Hispania</span> <span class='ocrx_word' id='word_1_408' title='bbox 1764 1730 1908 1804; x_wconf 83' lang='lat' dir='ltr'>inventa</span> <span class='ocrx_word' id='word_1_409' title='bbox 1925 1751 1976 1807; x_wconf 90' lang='lat' dir='ltr'>est</span> <span class='ocrx_word' id='word_1_410' title='bbox 1992 1751 2103 1824; x_wconf 87' lang='lat' dir='ltr'>terra,</span> <span class='ocrx_word' id='word_1_411' title='bbox 2129 1766 2222 1836; x_wconf 87' lang='lat' dir='ltr'>quae</span> 
     </span>
     <span class='ocr_line' id='line_1_54' title="bbox 1228 1816 2222 1924; baseline 0.03 -36"><span class='ocrx_word' id='word_1_412' title='bbox 1228 1816 1366 1888; x_wconf 86' lang='lat' dir='ltr'>etiamsi</span> <span class='ocrx_word' id='word_1_413' title='bbox 1394 1821 1513 1894; x_wconf 91' lang='lat' dir='ltr'>minus</span> <span class='ocrx_word' id='word_1_414' title='bbox 1541 1828 1740 1901; x_wconf 87' lang='lat' dir='ltr'>durabilem</span> <span class='ocrx_word' id='word_1_415' title='bbox 1764 1832 1918 1903; x_wconf 86' lang='lat' dir='ltr'>colorem</span> <span class='ocrx_word' id='word_1_416' title='bbox 1941 1838 2063 1924; x_wconf 84' lang='lat' dir='ltr'>efficit,</span> <span class='ocrx_word' id='word_1_417' title='bbox 2099 1856 2222 1917; x_wconf 82' lang='lat' dir='ltr'>tamen</span> 
     </span>
     <span class='ocr_line' id='line_1_55' title="bbox 1228 1921 2223 2031; baseline 0.029 -43"><span class='ocrx_word' id='word_1_418' title='bbox 1228 1921 1369 1989; x_wconf 88' lang='lat' dir='ltr'>minore</span> <span class='ocrx_word' id='word_1_419' title='bbox 1397 1925 1518 2014; x_wconf 86' lang='lat' dir='ltr'>precio</span> <span class='ocrx_word' id='word_1_420' title='bbox 1551 1931 1699 2018; x_wconf 89' lang='lat' dir='ltr'>emitur,</span> <span class='ocrx_word' id='word_1_421' title='bbox 1734 1935 1789 2003; x_wconf 92' lang='lat' dir='ltr'>vel</span> <span class='ocrx_word' id='word_1_422' title='bbox 1816 1935 1900 2031; x_wconf 87' lang='lat' dir='ltr'>quia</span> <span class='ocrx_word' id='word_1_423' title='bbox 1921 1936 2075 2010; x_wconf 87' lang='lat' dir='ltr'>Polonos</span> <span class='ocrx_word' id='word_1_424' title='bbox 2102 1948 2223 2017; x_wconf 87' lang='lat' dir='ltr'>taedet</span> 
     </span>
     <span class='ocr_line' id='line_1_56' title="bbox 1228 2031 2220 2130; baseline 0.027 -40"><span class='ocrx_word' id='word_1_425' title='bbox 1228 2035 1434 2113; x_wconf 86' lang='lat' dir='ltr'>sumptuum</span> <span class='ocrx_word' id='word_1_426' title='bbox 1465 2040 1500 2097; x_wconf 89' lang='lat' dir='ltr'>et</span> <span class='ocrx_word' id='word_1_427' title='bbox 1529 2031 1743 2105; x_wconf 86' lang='lat' dir='ltr'>assiduitatis</span> <span class='ocrx_word' id='word_1_428' title='bbox 1773 2037 1812 2104; x_wconf 89' lang='lat' dir='ltr'>in</span> <span class='ocrx_word' id='word_1_429' title='bbox 1844 2039 2055 2130; x_wconf 86' lang='lat' dir='ltr'>adparando.</span> <span class='ocrx_word' id='word_1_430' title='bbox 2120 2043 2220 2116; x_wconf 90' lang='lat' dir='ltr'>Nam</span> 
     </span>
     <span class='ocr_line' id='line_1_57' title="bbox 1228 2125 2221 2234; baseline 0.029 -45"><span class='ocrx_word' id='word_1_431' title='bbox 1228 2145 1338 2210; x_wconf 90' lang='lat' dir='ltr'>grana</span> <span class='ocrx_word' id='word_1_432' title='bbox 1366 2125 1533 2211; x_wconf 89' lang='lat' dir='ltr'>collecta,</span> <span class='ocrx_word' id='word_1_433' title='bbox 1567 2147 1685 2222; x_wconf 87' lang='lat' dir='ltr'>postea</span> <span class='ocrx_word' id='word_1_434' title='bbox 1718 2136 1756 2205; x_wconf 93' lang='lat' dir='ltr'>in</span> <span class='ocrx_word' id='word_1_435' title='bbox 1782 2139 1874 2209; x_wconf 89' lang='lat' dir='ltr'>arcis</span> <span class='ocrx_word' id='word_1_436' title='bbox 1896 2141 2095 2214; x_wconf 85' lang='lat' dir='ltr'>collocanda</span> <span class='ocrx_word' id='word_1_437' title='bbox 2118 2163 2221 2234; x_wconf 90' lang='lat' dir='ltr'>suut,</span> 
     </span>
     <span class='ocr_line' id='line_1_58' title="bbox 1227 2227 2219 2333; baseline 0.028 -41"><span class='ocrx_word' id='word_1_438' title='bbox 1227 2236 1263 2295; x_wconf 92' lang='lat' dir='ltr'>et</span> <span class='ocrx_word' id='word_1_439' title='bbox 1293 2247 1358 2316; x_wconf 88' lang='lat' dir='ltr'>per</span> <span class='ocrx_word' id='word_1_440' title='bbox 1393 2227 1532 2321; x_wconf 86' lang='lat' dir='ltr'>aliquot</span> <span class='ocrx_word' id='word_1_441' title='bbox 1563 2234 1638 2306; x_wconf 89' lang='lat' dir='ltr'>dies</span> <span class='ocrx_word' id='word_1_442' title='bbox 1666 2238 1826 2332; x_wconf 92' lang='lat' dir='ltr'>quotidie</span> <span class='ocrx_word' id='word_1_443' title='bbox 1860 2241 2007 2333; x_wconf 87' lang='lat' dir='ltr'>riganda</span> <span class='ocrx_word' id='word_1_444' title='bbox 2036 2248 2219 2320; x_wconf 87' lang='lat' dir='ltr'>cerevisia.</span> 
     </span>
     <span class='ocr_line' id='line_1_59' title="bbox 1230 2320 2142 2424; baseline 0.034 -30"><span class='ocrx_word' id='word_1_445' title='bbox 1230 2323 1314 2397; x_wconf 83' lang='lat' dir='ltr'>Post</span> <span class='ocrx_word' id='word_1_446' title='bbox 1327 2320 1419 2399; x_wconf 86' lang='lat' dir='ltr'>hanc</span> <span class='ocrx_word' id='word_1_447' title='bbox 1433 2328 1644 2422; x_wconf 84' lang='lat' dir='ltr'>rigationem</span> <span class='ocrx_word' id='word_1_448' title='bbox 1662 2355 1848 2412; x_wconf 89' lang='lat' dir='ltr'>vertuntur</span> <span class='ocrx_word' id='word_1_449' title='bbox 1864 2343 1901 2412; x_wconf 92' lang='lat' dir='ltr'>in</span> <span class='ocrx_word' id='word_1_450' title='bbox 1918 2347 2142 2424; x_wconf 79' lang='lat' dir='ltr'>vermiculos.</span> 
     </span>
    </p>
   </div>
   <div class='ocr_carea' id='block_1_16' title="bbox 1223 2460 2219 3683">
    <p class='ocr_par' dir='ltr' id='par_1_17' title="bbox 1223 2460 2219 3683">
     <span class='ocr_line' id='line_1_60' title="bbox 1326 2460 2219 2578; baseline 0.031 -47"><span class='ocrx_word' id='word_1_451' title='bbox 1326 2460 1382 2532; x_wconf 88' lang='lat' dir='ltr'>De</span> <span class='ocrx_word' id='word_1_452' title='bbox 1402 2467 1534 2539; x_wconf 86' lang='lat' dir='ltr'>talibus</span> <span class='ocrx_word' id='word_1_453' title='bbox 1555 2475 1758 2547; x_wconf 91' lang='lat' dir='ltr'>vermiculis</span> <span class='ocrx_word' id='word_1_454' title='bbox 1775 2479 1873 2574; x_wconf 92' lang='lat' dir='ltr'>loqui</span> <span class='ocrx_word' id='word_1_455' title='bbox 1889 2480 2106 2578; x_wconf 88' lang='lat' dir='ltr'>Prophetam</span> <span class='ocrx_word' id='word_1_456' title='bbox 2124 2484 2219 2559; x_wconf 89' lang='lat' dir='ltr'>nihil</span> 
     </span>
     <span class='ocr_line' id='line_1_61' title="bbox 1227 2563 2218 2660; baseline 0.03 -29"><span class='ocrx_word' id='word_1_457' title='bbox 1227 2563 1377 2633; x_wconf 87' lang='lat' dir='ltr'>dubium</span> <span class='ocrx_word' id='word_1_458' title='bbox 1399 2581 1460 2642; x_wconf 89' lang='lat' dir='ltr'>est.</span> <span class='ocrx_word' id='word_1_459' title='bbox 1513 2568 1561 2643; x_wconf 85' lang='lat' dir='ltr'>Et</span> <span class='ocrx_word' id='word_1_460' title='bbox 1582 2600 1661 2645; x_wconf 91' lang='lat' dir='ltr'>cum</span> <span class='ocrx_word' id='word_1_461' title='bbox 1679 2579 1835 2651; x_wconf 90' lang='lat' dir='ltr'>colorem</span> <span class='ocrx_word' id='word_1_462' title='bbox 1851 2586 2016 2658; x_wconf 89' lang='lat' dir='ltr'>nominat</span> <span class='ocrx_word' id='word_1_463' title='bbox 2031 2590 2154 2660; x_wconf 90' lang='lat' dir='ltr'>cruori</span> <span class='ocrx_word' id='word_1_464' title='bbox 2168 2590 2218 2660; x_wconf 89' lang='lat' dir='ltr'>si-</span> 
     </span>
     <span class='ocr_line' id='line_1_62' title="bbox 1227 2664 2219 2783; baseline 0.033 -51"><span class='ocrx_word' id='word_1_465' title='bbox 1227 2664 1369 2751; x_wconf 88' lang='lat' dir='ltr'>milem,</span> <span class='ocrx_word' id='word_1_466' title='bbox 1393 2669 1560 2745; x_wconf 87' lang='lat' dir='ltr'>describit</span> <span class='ocrx_word' id='word_1_467' title='bbox 1582 2692 1722 2750; x_wconf 85' lang='lat' dir='ltr'>nostros</span> <span class='ocrx_word' id='word_1_468' title='bbox 1742 2683 1915 2756; x_wconf 88' lang='lat' dir='ltr'>miserias.</span> <span class='ocrx_word' id='word_1_469' title='bbox 1964 2683 2028 2760; x_wconf 82' lang='lat' dir='ltr'>Ais</span> <span class='ocrx_word' id='word_1_470' title='bbox 2047 2714 2114 2760; x_wconf 88' lang='lat' dir='ltr'>nos</span> <span class='ocrx_word' id='word_1_471' title='bbox 2131 2716 2219 2783; x_wconf 84' lang='lat' dir='ltr'>pro·</span> 
     </span>
     <span class='ocr_line' id='line_1_63' title="bbox 1229 2770 2218 2882; baseline 0.035 -50"><span class='ocrx_word' id='word_1_472' title='bbox 1229 2779 1307 2852; x_wconf 86' lang='lat' dir='ltr'>pter</span> <span class='ocrx_word' id='word_1_473' title='bbox 1328 2770 1460 2843; x_wconf 88' lang='lat' dir='ltr'>scelera</span> <span class='ocrx_word' id='word_1_474' title='bbox 1483 2779 1619 2867; x_wconf 89' lang='lat' dir='ltr'>magnis</span> <span class='ocrx_word' id='word_1_475' title='bbox 1640 2795 1675 2850; x_wconf 90' lang='lat' dir='ltr'>et</span> <span class='ocrx_word' id='word_1_476' title='bbox 1689 2783 1797 2855; x_wconf 88' lang='lat' dir='ltr'>variis</span> <span class='ocrx_word' id='word_1_477' title='bbox 1812 2789 1995 2878; x_wconf 86' lang='lat' dir='ltr'>suppliciis</span> <span class='ocrx_word' id='word_1_478' title='bbox 2009 2793 2152 2882; x_wconf 88' lang='lat' dir='ltr'>puniri,</span> <span class='ocrx_word' id='word_1_479' title='bbox 2177 2806 2218 2866; x_wconf 86' lang='lat' dir='ltr'>ut</span> 
     </span>
     <span class='ocr_line' id='line_1_64' title="bbox 1226 2867 2216 2979; baseline 0.032 -44"><span class='ocrx_word' id='word_1_480' title='bbox 1226 2867 1319 2937; x_wconf 88' lang='lat' dir='ltr'>latro</span> <span class='ocrx_word' id='word_1_481' title='bbox 1341 2868 1501 2943; x_wconf 87' lang='lat' dir='ltr'>laceratis</span> <span class='ocrx_word' id='word_1_482' title='bbox 1522 2882 1691 2953; x_wconf 73' lang='lat' dir='ltr'>nsmnbris</span> <span class='ocrx_word' id='word_1_483' title='bbox 1713 2884 1753 2953; x_wconf 90' lang='lat' dir='ltr'>in</span> <span class='ocrx_word' id='word_1_484' title='bbox 1775 2890 1952 2979; x_wconf 88' lang='lat' dir='ltr'>supplicio</span> <span class='ocrx_word' id='word_1_485' title='bbox 1973 2909 2144 2964; x_wconf 83' lang='lat' dir='ltr'>eruemus</span> <span class='ocrx_word' id='word_1_486' title='bbox 2162 2895 2216 2965; x_wconf 87' lang='lat' dir='ltr'>ia·</span> 
     </span>
     <span class='ocr_line' id='line_1_65' title="bbox 1226 2967 2215 3072; baseline 0.034 -37"><span class='ocrx_word' id='word_1_487' title='bbox 1226 2981 1292 3041; x_wconf 91' lang='lat' dir='ltr'>cet.</span> <span class='ocrx_word' id='word_1_488' title='bbox 1343 2967 1469 3043; x_wconf 79' lang='lat' dir='ltr'>&#39;Palem</span> <span class='ocrx_word' id='word_1_489' title='bbox 1484 3000 1557 3048; x_wconf 87' lang='lat' dir='ltr'>esse</span> <span class='ocrx_word' id='word_1_490' title='bbox 1572 2983 1723 3072; x_wconf 90' lang='lat' dir='ltr'>speciem</span> <span class='ocrx_word' id='word_1_491' title='bbox 1738 3010 1835 3059; x_wconf 88' lang='lat' dir='ltr'>nunc</span> <span class='ocrx_word' id='word_1_492' title='bbox 1849 2990 2022 3063; x_wconf 87' lang='lat' dir='ltr'>laceratae</span> <span class='ocrx_word' id='word_1_493' title='bbox 2034 2991 2215 3067; x_wconf 81' lang='lat' dir='ltr'>Ecclesiae</span> 
     </span>
     <span class='ocr_line' id='line_1_66' title="bbox 1226 3068 2215 3179; baseline 0.033 -44"><span class='ocrx_word' id='word_1_494' title='bbox 1226 3068 1398 3147; x_wconf 88' lang='lat' dir='ltr'>videmus.</span> <span class='ocrx_word' id='word_1_495' title='bbox 1438 3073 1551 3150; x_wconf 78' lang='lat' dir='ltr'>Addit</span> <span class='ocrx_word' id='word_1_496' title='bbox 1565 3081 1855 3179; x_wconf 88' lang='lat' dir='ltr'>igiturPropheta</span> <span class='ocrx_word' id='word_1_497' title='bbox 1872 3092 2113 3167; x_wconf 86' lang='lat' dir='ltr'>dulcissimam</span> <span class='ocrx_word' id='word_1_498' title='bbox 2129 3122 2215 3167; x_wconf 89' lang='lat' dir='ltr'>con·</span> 
     </span>
     <span class='ocr_line' id='line_1_67' title="bbox 1223 3172 2213 3286; baseline 0.032 -46"><span class='ocrx_word' id='word_1_499' title='bbox 1223 3172 1453 3275; x_wconf 82' lang='lat' dir='ltr'>solationem,</span> <span class='ocrx_word' id='word_1_500' title='bbox 1481 3181 1586 3252; x_wconf 91' lang='lat' dir='ltr'>etiam</span> <span class='ocrx_word' id='word_1_501' title='bbox 1609 3210 1689 3255; x_wconf 92' lang='lat' dir='ltr'>cum</span> <span class='ocrx_word' id='word_1_502' title='bbox 1710 3190 1796 3260; x_wconf 88' lang='lat' dir='ltr'>tales</span> <span class='ocrx_word' id='word_1_503' title='bbox 1812 3193 1928 3279; x_wconf 88' lang='lat' dir='ltr'>eritis,</span> <span class='ocrx_word' id='word_1_504' title='bbox 1954 3198 2085 3286; x_wconf 90' lang='lat' dir='ltr'>polluti</span> <span class='ocrx_word' id='word_1_505' title='bbox 2102 3202 2213 3270; x_wconf 81' lang='lat' dir='ltr'>scele-</span> 
     </span>
     <span class='ocr_line' id='line_1_68' title="bbox 1224 3273 2211 3389; baseline 0.033 -49"><span class='ocrx_word' id='word_1_506' title='bbox 1224 3273 1337 3359; x_wconf 84' lang='lat' dir='ltr'>ribus,</span> <span class='ocrx_word' id='word_1_507' title='bbox 1362 3288 1398 3346; x_wconf 92' lang='lat' dir='ltr'>et</span> <span class='ocrx_word' id='word_1_508' title='bbox 1412 3277 1553 3352; x_wconf 87' lang='lat' dir='ltr'>lacerati</span> <span class='ocrx_word' id='word_1_509' title='bbox 1568 3286 1788 3376; x_wconf 88' lang='lat' dir='ltr'>vulneribus,</span> <span class='ocrx_word' id='word_1_510' title='bbox 1810 3307 1845 3366; x_wconf 92' lang='lat' dir='ltr'>et</span> <span class='ocrx_word' id='word_1_511' title='bbox 1857 3296 2058 3389; x_wconf 82' lang='lat' dir='ltr'>squalentes</span> <span class='ocrx_word' id='word_1_512' title='bbox 2071 3325 2211 3372; x_wconf 86' lang='lat' dir='ltr'>cruore:</span> 
     </span>
     <span class='ocr_line' id='line_1_69' title="bbox 1224 3370 2212 3495; baseline 0.033 -54"><span class='ocrx_word' id='word_1_513' title='bbox 1224 3370 1362 3446; x_wconf 84' lang='lat' dir='ltr'>Tamen</span> <span class='ocrx_word' id='word_1_514' title='bbox 1376 3377 1405 3447; x_wconf 93' lang='lat' dir='ltr'>si</span> <span class='ocrx_word' id='word_1_515' title='bbox 1422 3381 1466 3450; x_wconf 89' lang='lat' dir='ltr'>ad</span> <span class='ocrx_word' id='word_1_516' title='bbox 1481 3381 1596 3456; x_wconf 88' lang='lat' dir='ltr'>Deum</span> <span class='ocrx_word' id='word_1_517' title='bbox 1611 3392 1771 3463; x_wconf 88' lang='lat' dir='ltr'>conversi</span> <span class='ocrx_word' id='word_1_518' title='bbox 1787 3396 1943 3479; x_wconf 87' lang='lat' dir='ltr'>fueritis,</span> <span class='ocrx_word' id='word_1_519' title='bbox 1971 3397 2067 3471; x_wconf 88' lang='lat' dir='ltr'>Deus</span> <span class='ocrx_word' id='word_1_520' title='bbox 2083 3416 2119 3474; x_wconf 90' lang='lat' dir='ltr'>et</span> <span class='ocrx_word' id='word_1_521' title='bbox 2133 3426 2212 3495; x_wconf 87' lang='lat' dir='ltr'>pec-</span> 
     </span>
     <span class='ocr_line' id='line_1_70' title="bbox 1223 3481 2213 3583; baseline 0.033 -41"><span class='ocrx_word' id='word_1_522' title='bbox 1223 3487 1299 3546; x_wconf 91' lang='lat' dir='ltr'>cata</span> <span class='ocrx_word' id='word_1_523' title='bbox 1328 3481 1501 3568; x_wconf 88' lang='lat' dir='ltr'>remittet,</span> <span class='ocrx_word' id='word_1_524' title='bbox 1532 3501 1568 3560; x_wconf 90' lang='lat' dir='ltr'>et</span> <span class='ocrx_word' id='word_1_525' title='bbox 1592 3514 1725 3581; x_wconf 88' lang='lat' dir='ltr'>poenas</span> <span class='ocrx_word' id='word_1_526' title='bbox 1747 3494 1874 3583; x_wconf 89' lang='lat' dir='ltr'>leniet,</span> <span class='ocrx_word' id='word_1_527' title='bbox 1905 3513 1940 3572; x_wconf 84' lang='lat' dir='ltr'>at</span> <span class='ocrx_word' id='word_1_528' title='bbox 1961 3504 2087 3574; x_wconf 89' lang='lat' dir='ltr'>reddet</span> <span class='ocrx_word' id='word_1_529' title='bbox 2112 3503 2213 3575; x_wconf 89' lang='lat' dir='ltr'>vobis</span> 
     </span>
     <span class='ocr_line' id='line_1_71' title="bbox 1223 3577 2204 3683; baseline 0.037 -38"><span class='ocrx_word' id='word_1_530' title='bbox 1223 3577 1350 3661; x_wconf 87' lang='lat' dir='ltr'>decus,</span> <span class='ocrx_word' id='word_1_531' title='bbox 1376 3597 1417 3653; x_wconf 92' lang='lat' dir='ltr'>ut</span> <span class='ocrx_word' id='word_1_532' title='bbox 1431 3584 1527 3658; x_wconf 88' lang='lat' dir='ltr'>velut</span> <span class='ocrx_word' id='word_1_533' title='bbox 1543 3589 1639 3662; x_wconf 91' lang='lat' dir='ltr'>nivei</span> <span class='ocrx_word' id='word_1_534' title='bbox 1654 3593 1749 3683; x_wconf 88' lang='lat' dir='ltr'>sitis,</span> <span class='ocrx_word' id='word_1_535' title='bbox 1770 3599 1887 3669; x_wconf 90' lang='lat' dir='ltr'>ornati</span> <span class='ocrx_word' id='word_1_536' title='bbox 1904 3604 2073 3675; x_wconf 90' lang='lat' dir='ltr'>omnibus</span> <span class='ocrx_word' id='word_1_537' title='bbox 2086 3606 2204 3682; x_wconf 67' lang='lat' dir='ltr'>bonis</span> 
     </span>
    </p>
   </div>
   <div class='ocr_carea' id='block_1_17' title="bbox 1219 3711 2213 4341">
    <p class='ocr_par' dir='ltr' id='par_1_18' title="bbox 1219 3711 2213 4341">
     <span class='ocr_line' id='line_1_72' title="bbox 1323 3711 2212 3829; baseline 0.035 -44"><span class='ocrx_word' id='word_1_538' title='bbox 1323 3711 1407 3790; x_wconf 80' lang='lat' dir='ltr'>Fuit</span> <span class='ocrx_word' id='word_1_539' title='bbox 1427 3735 1543 3793; x_wconf 89' lang='lat' dir='ltr'>autem</span> <span class='ocrx_word' id='word_1_540' title='bbox 1565 3739 1600 3798; x_wconf 89' lang='lat' dir='ltr'>et</span> <span class='ocrx_word' id='word_1_541' title='bbox 1621 3727 1696 3820; x_wconf 89' lang='lat' dir='ltr'>ipse</span> <span class='ocrx_word' id='word_1_542' title='bbox 1711 3731 1805 3803; x_wconf 86' lang='lat' dir='ltr'>filius</span> <span class='ocrx_word' id='word_1_543' title='bbox 1818 3729 1886 3804; x_wconf 86' lang='lat' dir='ltr'>Dei</span> <span class='ocrx_word' id='word_1_544' title='bbox 1903 3742 2062 3829; x_wconf 83' lang='lat' dir='ltr'>pendens</span> <span class='ocrx_word' id='word_1_545' title='bbox 2075 3742 2115 3812; x_wconf 91' lang='lat' dir='ltr'>in</span> <span class='ocrx_word' id='word_1_546' title='bbox 2131 3768 2212 3815; x_wconf 87' lang='lat' dir='ltr'>cru·</span> 
     </span>
     <span class='ocr_line' id='line_1_73' title="bbox 1221 3822 2213 3924; baseline 0.035 -42"><span class='ocrx_word' id='word_1_547' title='bbox 1221 3838 1281 3899; x_wconf 93' lang='lat' dir='ltr'>ce,</span> <span class='ocrx_word' id='word_1_548' title='bbox 1304 3841 1345 3886; x_wconf 90' lang='lat' dir='ltr'>ac</span> <span class='ocrx_word' id='word_1_549' title='bbox 1363 3822 1542 3894; x_wconf 88' lang='lat' dir='ltr'>sustinens</span> <span class='ocrx_word' id='word_1_550' title='bbox 1563 3852 1696 3920; x_wconf 89' lang='lat' dir='ltr'>poenas</span> <span class='ocrx_word' id='word_1_551' title='bbox 1710 3857 1774 3924; x_wconf 94' lang='lat' dir='ltr'>pro</span> <span class='ocrx_word' id='word_1_552' title='bbox 1791 3837 1913 3918; x_wconf 88' lang='lat' dir='ltr'>nobis,</span> <span class='ocrx_word' id='word_1_553' title='bbox 1938 3840 2019 3911; x_wconf 90' lang='lat' dir='ltr'>talis</span> <span class='ocrx_word' id='word_1_554' title='bbox 2036 3849 2213 3916; x_wconf 80' lang='lat' dir='ltr'>sennicu-</span> 
     </span>
     <span class='ocr_line' id='line_1_74' title="bbox 1222 3916 2209 4018; baseline 0.034 -33"><span class='ocrx_word' id='word_1_555' title='bbox 1222 3916 1296 3999; x_wconf 89' lang='lat' dir='ltr'>lus,</span> <span class='ocrx_word' id='word_1_556' title='bbox 1324 3920 1385 4012; x_wconf 91' lang='lat' dir='ltr'>qui</span> <span class='ocrx_word' id='word_1_557' title='bbox 1399 3938 1515 4011; x_wconf 87' lang='lat' dir='ltr'>postea</span> <span class='ocrx_word' id='word_1_558' title='bbox 1535 3932 1760 4005; x_wconf 88' lang='lat' dir='ltr'>resuscitatus</span> <span class='ocrx_word' id='word_1_559' title='bbox 1775 3941 1929 4010; x_wconf 89' lang='lat' dir='ltr'>candore</span> <span class='ocrx_word' id='word_1_560' title='bbox 1943 3957 1977 4013; x_wconf 86' lang='lat' dir='ltr'>ct</span> <span class='ocrx_word' id='word_1_561' title='bbox 1994 3943 2073 4014; x_wconf 89' lang='lat' dir='ltr'>lucc</span> <span class='ocrx_word' id='word_1_562' title='bbox 2091 3948 2209 4018; x_wconf 87' lang='lat' dir='ltr'>nivem</span> 
     </span>
     <span class='ocr_line' id='line_1_75' title="bbox 1222 4017 2211 4136; baseline 0.035 -52"><span class='ocrx_word' id='word_1_563' title='bbox 1222 4017 1342 4093; x_wconf 88' lang='lat' dir='ltr'>vincit.</span> <span class='ocrx_word' id='word_1_564' title='bbox 1394 4020 1501 4096; x_wconf 89' lang='lat' dir='ltr'>Hunc</span> <span class='ocrx_word' id='word_1_565' title='bbox 1522 4029 1634 4101; x_wconf 85' lang='lat' dir='ltr'>filium</span> <span class='ocrx_word' id='word_1_566' title='bbox 1650 4029 1717 4105; x_wconf 89' lang='lat' dir='ltr'>Dei</span> <span class='ocrx_word' id='word_1_567' title='bbox 1741 4040 1945 4111; x_wconf 85' lang='lat' dir='ltr'>cmcifixum</span> <span class='ocrx_word' id='word_1_568' title='bbox 1969 4068 2034 4136; x_wconf 90' lang='lat' dir='ltr'>pro</span> <span class='ocrx_word' id='word_1_569' title='bbox 2055 4048 2160 4117; x_wconf 88' lang='lat' dir='ltr'>nobis</span> <span class='ocrx_word' id='word_1_570' title='bbox 2175 4063 2211 4120; x_wconf 90' lang='lat' dir='ltr'>et</span> 
     </span>
     <span class='ocr_line' id='line_1_76' title="bbox 1219 4121 2208 4243; baseline 0.034 -56"><span class='ocrx_word' id='word_1_571' title='bbox 1219 4121 1477 4212; x_wconf 88' lang='lat' dir='ltr'>resuscitatum,</span> <span class='ocrx_word' id='word_1_572' title='bbox 1501 4143 1574 4201; x_wconf 86' lang='lat' dir='ltr'>totu</span> <span class='ocrx_word' id='word_1_573' title='bbox 1590 4147 1729 4222; x_wconf 90' lang='lat' dir='ltr'>pectore</span> <span class='ocrx_word' id='word_1_574' title='bbox 1743 4163 1818 4225; x_wconf 91' lang='lat' dir='ltr'>oro,</span> <span class='ocrx_word' id='word_1_575' title='bbox 1845 4156 1884 4213; x_wconf 92' lang='lat' dir='ltr'>ut</span> <span class='ocrx_word' id='word_1_576' title='bbox 1898 4168 1964 4215; x_wconf 88' lang='lat' dir='ltr'>nos</span> <span class='ocrx_word' id='word_1_577' title='bbox 1978 4172 2119 4243; x_wconf 88' lang='lat' dir='ltr'>quoqne</span> <span class='ocrx_word' id='word_1_578' title='bbox 2133 4149 2208 4221; x_wconf 89' lang='lat' dir='ltr'>iam</span> 
     </span>
     <span class='ocr_line' id='line_1_77' title="bbox 1219 4221 2141 4341; baseline 0.04 -53"><span class='ocrx_word' id='word_1_579' title='bbox 1219 4221 1422 4298; x_wconf 89' lang='lat' dir='ltr'>vulneratos</span> <span class='ocrx_word' id='word_1_580' title='bbox 1439 4243 1473 4302; x_wconf 94' lang='lat' dir='ltr'>et</span> <span class='ocrx_word' id='word_1_581' title='bbox 1487 4233 1687 4327; x_wconf 88' lang='lat' dir='ltr'>squalentes</span> <span class='ocrx_word' id='word_1_582' title='bbox 1701 4261 1846 4330; x_wconf 77' lang='lat' dir='ltr'>cruore,</span> <span class='ocrx_word' id='word_1_583' title='bbox 1871 4262 1971 4319; x_wconf 89' lang='lat' dir='ltr'>sanet</span> <span class='ocrx_word' id='word_1_584' title='bbox 1986 4263 2020 4319; x_wconf 89' lang='lat' dir='ltr'>et</span> <span class='ocrx_word' id='word_1_585' title='bbox 2034 4262 2141 4341; x_wconf 88' lang='lat' dir='ltr'>regat.</span> 
     </span>
    </p>
   </div>
   <div class='ocr_carea' id='block_1_18' title="bbox 1215 4355 2210 4765">
    <p class='ocr_par' dir='ltr' id='par_1_19' title="bbox 1215 4355 2210 4765">
     <span class='ocr_line' id='line_1_78' title="bbox 1320 4355 2210 4458; baseline 0.035 -29"><span class='ocrx_word' id='word_1_586' title='bbox 1320 4355 1355 4428; x_wconf 83' lang='lat' dir='ltr'>A</span> <span class='ocrx_word' id='word_1_587' title='bbox 1379 4373 1413 4432; x_wconf 84' lang='lat' dir='ltr'>ta</span> <span class='ocrx_word' id='word_1_588' title='bbox 1434 4377 1551 4435; x_wconf 91' lang='lat' dir='ltr'>autem</span> <span class='ocrx_word' id='word_1_589' title='bbox 1575 4367 1768 4444; x_wconf 87' lang='lat' dir='ltr'>clarissime</span> <span class='ocrx_word' id='word_1_590' title='bbox 1792 4375 1938 4449; x_wconf 87' lang='lat' dir='ltr'>domine</span> <span class='ocrx_word' id='word_1_591' title='bbox 1962 4377 2096 4455; x_wconf 89' lang='lat' dir='ltr'>Doctor</span> <span class='ocrx_word' id='word_1_592' title='bbox 2118 4380 2210 4458; x_wconf 85' lang='lat' dir='ltr'>No·</span> 
     </span>
     <span class='ocr_line' id='line_1_79' title="bbox 1219 4449 2209 4580; baseline 0.038 -57"><span class='ocrx_word' id='word_1_593' title='bbox 1219 4449 1319 4528; x_wconf 80' lang='lat' dir='ltr'>idere</span> <span class='ocrx_word' id='word_1_594' title='bbox 1334 4453 1369 4552; x_wconf 70' lang='lat'>⁸⁸)</span> <span class='ocrx_word' id='word_1_595' title='bbox 1394 4478 1493 4556; x_wconf 92' lang='lat' dir='ltr'>peto,</span> <span class='ocrx_word' id='word_1_596' title='bbox 1518 4482 1557 4539; x_wconf 94' lang='lat' dir='ltr'>ut</span> <span class='ocrx_word' id='word_1_597' title='bbox 1578 4471 1683 4541; x_wconf 90' lang='lat' dir='ltr'>nobis</span> <span class='ocrx_word' id='word_1_598' title='bbox 1697 4477 1875 4566; x_wconf 87' lang='lat' dir='ltr'>copiosius</span> <span class='ocrx_word' id='word_1_599' title='bbox 1890 4505 2064 4572; x_wconf 78' lang='lat' dir='ltr'>exponas,</span> <span class='ocrx_word' id='word_1_600' title='bbox 2091 4491 2209 4580; x_wconf 85' lang='lat' dir='ltr'>qualis</span> 
     </span>
     <span class='ocr_line' id='line_1_80' title="bbox 1215 4557 2210 4683; baseline 0.038 -57"><span class='ocrx_word' id='word_1_601' title='bbox 1215 4557 1262 4629; x_wconf 87' lang='lat' dir='ltr'>sit</span> <span class='ocrx_word' id='word_1_602' title='bbox 1283 4560 1399 4633; x_wconf 81' lang='lat' dir='ltr'>frutex</span> <span class='ocrx_word' id='word_1_603' title='bbox 1414 4566 1495 4647; x_wconf 88' lang='lat' dir='ltr'>ille,</span> <span class='ocrx_word' id='word_1_604' title='bbox 1520 4594 1610 4662; x_wconf 88' lang='lat' dir='ltr'>quae</span> <span class='ocrx_word' id='word_1_605' title='bbox 1628 4585 1752 4646; x_wconf 87' lang='lat' dir='ltr'>natura</span> <span class='ocrx_word' id='word_1_606' title='bbox 1769 4581 1890 4668; x_wconf 89' lang='lat' dir='ltr'>grani,</span> <span class='ocrx_word' id='word_1_607' title='bbox 1916 4599 1951 4654; x_wconf 87' lang='lat' dir='ltr'>st</span> <span class='ocrx_word' id='word_1_608' title='bbox 1966 4589 2147 4683; x_wconf 91' lang='lat' dir='ltr'>quidquid</span> <span class='ocrx_word' id='word_1_609' title='bbox 2165 4596 2210 4664; x_wconf 81' lang='lat' dir='ltr'>de</span> 
     </span>
     <span class='ocr_line' id='line_1_81' title="bbox 1215 4652 2064 4765; baseline 0.039 -36"><span class='ocrx_word' id='word_1_610' title='bbox 1215 4652 1280 4731; x_wconf 87' lang='lat' dir='ltr'>bac</span> <span class='ocrx_word' id='word_1_611' title='bbox 1295 4674 1367 4734; x_wconf 88' lang='lat' dir='ltr'>tota</span> <span class='ocrx_word' id='word_1_612' title='bbox 1383 4688 1422 4734; x_wconf 89' lang='lat' dir='ltr'>re</span> <span class='ocrx_word' id='word_1_613' title='bbox 1436 4668 1586 4757; x_wconf 86' lang='lat' dir='ltr'>dignum</span> <span class='ocrx_word' id='word_1_614' title='bbox 1601 4675 1813 4764; x_wconf 90' lang='lat' dir='ltr'>cogitatione</span> <span class='ocrx_word' id='word_1_615' title='bbox 1827 4706 1901 4754; x_wconf 88' lang='lat' dir='ltr'>esse</span> <span class='ocrx_word' id='word_1_616' title='bbox 1916 4685 2064 4765; x_wconf 89' lang='lat' dir='ltr'>iudicas.</span> 
     </span>
    </p>
   </div>
   <div class='ocr_carea' id='block_1_19' title="bbox 1211 4791 2205 5011">
    <p class='ocr_par' dir='ltr' id='par_1_20' title="bbox 1211 4791 2205 5011">
     <span class='ocr_line' id='line_1_82' title="bbox 1316 4791 2205 4919; baseline 0.042 -52"><span class='ocrx_word' id='word_1_617' title='bbox 1316 4791 1395 4869; x_wconf 91' lang='lat' dir='ltr'>Oro</span> <span class='ocrx_word' id='word_1_618' title='bbox 1424 4815 1541 4874; x_wconf 88' lang='lat' dir='ltr'>autem</span> <span class='ocrx_word' id='word_1_619' title='bbox 1555 4805 1699 4892; x_wconf 82' lang='lat' dir='ltr'>Deum,</span> <span class='ocrx_word' id='word_1_620' title='bbox 1730 4827 1773 4885; x_wconf 89' lang='lat' dir='ltr'>ut</span> <span class='ocrx_word' id='word_1_621' title='bbox 1791 4829 1825 4886; x_wconf 94' lang='lat' dir='ltr'>te</span> <span class='ocrx_word' id='word_1_622' title='bbox 1847 4818 2040 4910; x_wconf 76' lang='lat' dir='ltr'>gubernet,</span> <span class='ocrx_word' id='word_1_623' title='bbox 2072 4842 2110 4919; x_wconf 16' lang='lat' dir='ltr'>,et</span> <span class='ocrx_word' id='word_1_624' title='bbox 2131 4855 2205 4903; x_wconf 88' lang='lat' dir='ltr'>non</span> 
     </span>
     <span class='ocr_line' id='line_1_83' title="bbox 1211 4904 2165 5011; baseline 0.041 -46"><span class='ocrx_word' id='word_1_625' title='bbox 1211 4912 1304 4971; x_wconf 87' lang='lat' dir='ltr'>srnat</span> <span class='ocrx_word' id='word_1_626' title='bbox 1320 4904 1414 4994; x_wconf 92' lang='lat' dir='ltr'>apud</span> <span class='ocrx_word' id='word_1_627' title='bbox 1432 4929 1497 4976; x_wconf 89' lang='lat' dir='ltr'>nos</span> <span class='ocrx_word' id='word_1_628' title='bbox 1512 4909 1670 5002; x_wconf 81' lang='lat' dir='ltr'>extingui</span> <span class='ocrx_word' id='word_1_629' title='bbox 1684 4915 1867 4990; x_wconf 88' lang='lat' dir='ltr'>doctrinae</span> <span class='ocrx_word' id='word_1_630' title='bbox 1884 4925 2013 4995; x_wconf 89' lang='lat' dir='ltr'>studia.</span> <span class='ocrx_word' id='word_1_631' title='bbox 2065 4930 2165 5011; x_wconf 85' lang='lat' dir='ltr'>Dixi.</span> 
     </span>
    </p>
   </div>
   <div class='ocr_carea' id='block_1_20' title="bbox 1242 5155 2205 5287">
    <p class='ocr_par' dir='ltr' id='par_1_21' title="bbox 1242 5155 2205 5287">
     <span class='ocr_line' id='line_1_84' title="bbox 1242 5155 2205 5268; baseline 0.046 -61"><span class='ocrx_word' id='word_1_632' title='bbox 1242 5155 1270 5226; x_wconf 59' lang='grc' dir='ltr'>Φ)</span> <span class='ocrx_word' id='word_1_633' title='bbox 1296 5157 1420 5212; x_wconf 67' lang='lat' dir='ltr'>Nascere</span> <span class='ocrx_word' id='word_1_634' title='bbox 1442 5161 1550 5234; x_wconf 80' lang='lat' dir='ltr'>scripsit</span> <span class='ocrx_word' id='word_1_635' title='bbox 1576 5164 1755 5240; x_wconf 79' lang='lat' dir='ltr'>Melanthea,</span> <span class='ocrx_word' id='word_1_636' title='bbox 1785 5173 1833 5229; x_wconf 86' lang='lat' dir='ltr'>sed</span> <span class='ocrx_word' id='word_1_637' title='bbox 1859 5177 1910 5249; x_wconf 69' lang='lat' dir='ltr'>alia</span> <span class='ocrx_word' id='word_1_638' title='bbox 1936 5199 2033 5240; x_wconf 84' lang='lat' dir='ltr'>manus</span> <span class='ocrx_word' id='word_1_639' title='bbox 2060 5189 2205 5268; x_wconf 73' lang='lat' dir='ltr'>adscripsit</span> 
     </span>
     <span class='ocr_line' id='line_1_85' title="bbox 1278 5224 1457 5287; baseline 0.061 -11"><span class='ocrx_word' id='word_1_640' title='bbox 1278 5224 1457 5287; x_wconf 69' lang='lat' dir='ltr'>reaumaus.</span> 
     </span>
    </p>
   </div>
   <div class='ocr_carea' id='block_1_21' title="bbox 164 5363 1282 5462">
    <p class='ocr_par' dir='ltr' id='par_1_22' title="bbox 164 5363 1282 5462">
     <span class='ocr_line' id='line_1_86' title="bbox 164 5363 1282 5462; baseline 0.005 -25"><span class='ocrx_word' id='word_1_641' title='bbox 164 5366 203 5437; x_wconf 91' lang='lat' dir='ltr'>in</span> <span class='ocrx_word' id='word_1_642' title='bbox 221 5364 341 5439; x_wconf 88' lang='lat' dir='ltr'>Gallia</span> <span class='ocrx_word' id='word_1_643' title='bbox 358 5363 584 5439; x_wconf 89' lang='lat' dir='ltr'>Narbonensi</span> <span class='ocrx_word' id='word_1_644' title='bbox 606 5386 704 5433; x_wconf 91' lang='lat' dir='ltr'>nunc</span> <span class='ocrx_word' id='word_1_645' title='bbox 725 5389 866 5461; x_wconf 91' lang='lat' dir='ltr'>quoqne</span> <span class='ocrx_word' id='word_1_646' title='bbox 883 5367 1024 5462; x_wconf 89' lang='lat' dir='ltr'>copiose</span> <span class='ocrx_word' id='word_1_647' title='bbox 1039 5374 1154 5444; x_wconf 90' lang='lat' dir='ltr'>nasci·</span> <span class='ocrx_word' id='word_1_648' title='bbox 1273 5421 1282 5432; x_wconf 73' lang='lat'><strong>·</strong></span> 
     </span>
    </p>
   </div>
   <div class='ocr_carea' id='block_1_22' title="bbox 0 0 2378 6022">
    <p class='ocr_par' dir='ltr' id='par_1_23' title="bbox 0 0 2378 6022">
     <span class='ocr_line' id='line_1_87' title="bbox 0 0 2378 6022; baseline 0 4"><span class='ocrx_word' id='word_1_649' title='bbox 0 0 2378 6022; x_wconf 95' lang='lat' dir='ltr'> </span> 
     </span>
    </p>
   </div>
  </div>
 </body>
</html>
