<?xml version="1.0" encoding="UTF-8"?>
<!DOCTYPE html PUBLIC "-//W3C//DTD XHTML 1.0 Transitional//EN"
    "http://www.w3.org/TR/xhtml1/DTD/xhtml1-transitional.dtd">
<html xmlns="http://www.w3.org/1999/xhtml" xml:lang="en" lang="en">
 <head>
  <title>
</title>
<meta http-equiv="Content-Type" content="text/html;charset=utf-8" />
  <meta name='ocr-system' content='tesseract 3.04.00' />
  <meta name='ocr-capabilities' content='ocr_page ocr_carea ocr_par ocr_line ocrx_word'/>
</head>
<body>
  <div class='ocr_page' id='page_1' title='image "./philippimelanth18melagoog/philippimelanth18melagoog_0408.png"; bbox 0 0 4748 6022; ppageno 0'>
   <div class='ocr_carea' id='block_1_1' title="bbox 69 341 2123 468">
    <p class='ocr_par' dir='ltr' id='par_1_1' title="bbox 69 341 2123 468">
     <span class='ocr_line' id='line_1_1' title="bbox 69 341 2123 468; baseline 0.001 -42"><span class='ocrx_word' id='word_1_1' title='bbox 69 346 146 426; x_wconf 81' lang='lat' dir='ltr'>aas</span> <span class='ocrx_word' id='word_1_2' title='bbox 662 345 1080 448; x_wconf 79' lang='lat' dir='ltr'>ouausrrouus</span> <span class='ocrx_word' id='word_1_3' title='bbox 1114 341 1515 433; x_wconf 77' lang='lat' dir='ltr'>acaunurctu.</span> <span class='ocrx_word' id='word_1_4' title='bbox 2020 351 2123 468; x_wconf 10' lang='lat' dir='ltr'>sss·</span> 
     </span>
    </p>
   </div>
   <div class='ocr_carea' id='block_1_2' title="bbox 58 515 2187 5485">
    <p class='ocr_par' dir='ltr' id='par_1_2' title="bbox 58 515 2187 5485">
     <span class='ocr_line' id='line_1_2' title="bbox 64 515 2094 622; baseline 0.001 -27"><span class='ocrx_word' id='word_1_5' title='bbox 64 523 178 615; x_wconf 71' lang='lat' dir='ltr'>igitur</span> <span class='ocrx_word' id='word_1_6' title='bbox 212 520 339 594; x_wconf 84' lang='lat' dir='ltr'>videns</span> <span class='ocrx_word' id='word_1_7' title='bbox 374 521 654 599; x_wconf 72' lang='lat' dir='ltr'>inextricabilem</span> <span class='ocrx_word' id='word_1_8' title='bbox 689 526 932 622; x_wconf 87' lang='lat' dir='ltr'>quaestionem</span> <span class='ocrx_word' id='word_1_9' title='bbox 971 547 1056 607; x_wconf 89' lang='lat' dir='ltr'>esse,</span> <span class='ocrx_word' id='word_1_10' title='bbox 1107 532 1254 616; x_wconf 88' lang='lat' dir='ltr'>propter</span> <span class='ocrx_word' id='word_1_11' title='bbox 1270 515 1336 591; x_wconf 89' lang='lat' dir='ltr'>bac</span> <span class='ocrx_word' id='word_1_12' title='bbox 1351 520 1525 594; x_wconf 88' lang='lat' dir='ltr'>sententia</span> <span class='ocrx_word' id='word_1_13' title='bbox 1541 519 1730 615; x_wconf 84' lang='lat' dir='ltr'>explicata,</span> <span class='ocrx_word' id='word_1_14' title='bbox 1752 524 1890 621; x_wconf 88' lang='lat' dir='ltr'>reliqua</span> <span class='ocrx_word' id='word_1_15' title='bbox 1905 524 2026 599; x_wconf 85' lang='lat' dir='ltr'>omnia</span> <span class='ocrx_word' id='word_1_16' title='bbox 2040 527 2094 598; x_wconf 88' lang='lat' dir='ltr'>fa-</span> 
     </span>
     <span class='ocr_line' id='line_1_3' title="bbox 67 624 1410 725; baseline 0 -27"><span class='ocrx_word' id='word_1_17' title='bbox 67 624 187 698; x_wconf 74' lang='lat' dir='ltr'>Musis</span> <span class='ocrx_word' id='word_1_18' title='bbox 208 648 290 696; x_wconf 90' lang='lat' dir='ltr'>eum</span> <span class='ocrx_word' id='word_1_19' title='bbox 312 647 512 699; x_wconf 88' lang='lat' dir='ltr'>sermonem</span> <span class='ocrx_word' id='word_1_20' title='bbox 530 629 712 716; x_wconf 72' lang='lat' dir='ltr'>attribuit,</span> <span class='ocrx_word' id='word_1_21' title='bbox 737 655 824 725; x_wconf 88' lang='lat' dir='ltr'>quas</span> <span class='ocrx_word' id='word_1_22' title='bbox 845 631 945 701; x_wconf 85' lang='lat' dir='ltr'>velut</span> <span class='ocrx_word' id='word_1_23' title='bbox 964 626 1056 697; x_wconf 85' lang='lat' dir='ltr'>vati-</span> <span class='ocrx_word' id='word_1_24' title='bbox 1108 625 1211 697; x_wconf 88' lang='lat' dir='ltr'>cilius</span> <span class='ocrx_word' id='word_1_25' title='bbox 1227 624 1410 717; x_wconf 82' lang='lat' dir='ltr'>patebunt.</span> 
     </span>
     <span class='ocr_line' id='line_1_4' title="bbox 69 726 1054 818; baseline -0.002 -19"><span class='ocrx_word' id='word_1_26' title='bbox 69 727 229 799; x_wconf 87' lang='lat' dir='ltr'>cinantes</span> <span class='ocrx_word' id='word_1_27' title='bbox 256 726 376 818; x_wconf 70' lang='lat' dir='ltr'>fingit,</span> <span class='ocrx_word' id='word_1_28' title='bbox 410 730 558 802; x_wconf 86' lang='lat' dir='ltr'>obscure</span> <span class='ocrx_word' id='word_1_29' title='bbox 582 755 721 803; x_wconf 89' lang='lat' dir='ltr'>causam</span> <span class='ocrx_word' id='word_1_30' title='bbox 747 733 906 804; x_wconf 74' lang='lat' dir='ltr'>recitare·</span> <span class='ocrx_word' id='word_1_31' title='bbox 969 727 1054 799; x_wconf 93' lang='lat' dir='ltr'>ldeo</span> 
     </span>
     <span class='ocr_line' id='line_1_5' title="bbox 69 820 2098 928; baseline 0 -28"><span class='ocrx_word' id='word_1_32' title='bbox 69 841 181 901; x_wconf 89' lang='lat' dir='ltr'>certas</span> <span class='ocrx_word' id='word_1_33' title='bbox 209 850 284 899; x_wconf 85' lang='lat' dir='ltr'>esse</span> <span class='ocrx_word' id='word_1_34' title='bbox 308 829 514 922; x_wconf 76' lang='lat' dir='ltr'>politiorum</span> <span class='ocrx_word' id='word_1_35' title='bbox 536 833 724 924; x_wconf 77' lang='lat' dir='ltr'>periodos,</span> <span class='ocrx_word' id='word_1_36' title='bbox 758 834 889 928; x_wconf 91' lang='lat' dir='ltr'>quain</span> <span class='ocrx_word' id='word_1_37' title='bbox 910 855 1056 924; x_wconf 69' lang='lat' dir='ltr'>genera·</span> <span class='ocrx_word' id='word_1_38' title='bbox 1112 856 1116 863; x_wconf 92' lang='lat'><em>·</em></span> <span class='ocrx_word' id='word_1_39' title='bbox 1206 821 1291 898; x_wconf 88' lang='lat' dir='ltr'>Duo</span> <span class='ocrx_word' id='word_1_40' title='bbox 1305 839 1423 897; x_wconf 90' lang='lat' dir='ltr'>autem</span> <span class='ocrx_word' id='word_1_41' title='bbox 1440 824 1478 895; x_wconf 89' lang='lat' dir='ltr'>in</span> <span class='ocrx_word' id='word_1_42' title='bbox 1495 820 1560 896; x_wconf 92' lang='lat' dir='ltr'>hac</span> <span class='ocrx_word' id='word_1_43' title='bbox 1574 829 1745 900; x_wconf 87' lang='lat' dir='ltr'>sententia</span> <span class='ocrx_word' id='word_1_44' title='bbox 1757 845 1990 925; x_wconf 90' lang='lat' dir='ltr'>quaeruntur,</span> <span class='ocrx_word' id='word_1_45' title='bbox 2013 828 2098 901; x_wconf 83' lang='lat' dir='ltr'>Pri-.</span> 
     </span>
     <span class='ocr_line' id='line_1_6' title="bbox 68 925 2099 1029; baseline 0 -27"><span class='ocrx_word' id='word_1_46' title='bbox 68 930 166 1002; x_wconf 91' lang='lat' dir='ltr'>tione</span> <span class='ocrx_word' id='word_1_47' title='bbox 181 930 350 1022; x_wconf 75' lang='lat' dir='ltr'>iungatur</span> <span class='ocrx_word' id='word_1_48' title='bbox 363 934 606 1027; x_wconf 71' lang='lat' dir='ltr'>sesquitertiae</span> <span class='ocrx_word' id='word_1_49' title='bbox 619 936 816 1029; x_wconf 89' lang='lat' dir='ltr'>quinarius.</span> <span class='ocrx_word' id='word_1_50' title='bbox 864 931 955 1006; x_wconf 83' lang='lat' dir='ltr'>Eius</span> <span class='ocrx_word' id='word_1_51' title='bbox 970 932 1056 1004; x_wconf 89' lang='lat' dir='ltr'>dicti</span> <span class='ocrx_word' id='word_1_52' title='bbox 1108 952 1187 1010; x_wconf 92' lang='lat' dir='ltr'>mo,</span> <span class='ocrx_word' id='word_1_53' title='bbox 1213 952 1386 1022; x_wconf 87' lang='lat' dir='ltr'>quasnam</span> <span class='ocrx_word' id='word_1_54' title='bbox 1400 927 1615 1000; x_wconf 87' lang='lat' dir='ltr'>Harmonias</span> <span class='ocrx_word' id='word_1_55' title='bbox 1638 925 1658 1001; x_wconf 86' lang='grc' dir='ltr'><em>ὃ</em></span> <span class='ocrx_word' id='word_1_56' title='bbox 1678 927 1839 1027; x_wconf 75' lang='grc' dir='ltr'>πυθμὴν</span> <span class='ocrx_word' id='word_1_57' title='bbox 1854 932 2099 1026; x_wconf 75' lang='lat' dir='ltr'>sesquitertius</span> 
     </span>
     <span class='ocr_line' id='line_1_7' title="bbox 69 1030 2096 1132; baseline 0 -28"><span class='ocrx_word' id='word_1_58' title='bbox 69 1032 135 1104; x_wconf 91' lang='lat' dir='ltr'>etsi</span> <span class='ocrx_word' id='word_1_59' title='bbox 147 1032 280 1102; x_wconf 87' lang='lat' dir='ltr'>multae</span> <span class='ocrx_word' id='word_1_60' title='bbox 296 1031 763 1126; x_wconf 81' lang='lat' dir='ltr'>interpretationesadoctis</span> <span class='ocrx_word' id='word_1_61' title='bbox 773 1038 952 1132; x_wconf 88' lang='lat' dir='ltr'>quaesitae</span> <span class='ocrx_word' id='word_1_62' title='bbox 962 1048 1057 1119; x_wconf 90' lang='lat' dir='ltr'>sunt,</span> <span class='ocrx_word' id='word_1_63' title='bbox 1108 1031 1273 1122; x_wconf 88' lang='lat' dir='ltr'>praebeat</span> <span class='ocrx_word' id='word_1_64' title='bbox 1304 1031 1343 1100; x_wconf 90' lang='lat' dir='ltr'>in</span> <span class='ocrx_word' id='word_1_65' title='bbox 1374 1030 1571 1100; x_wconf 83' lang='lat' dir='ltr'>mutatione</span> <span class='ocrx_word' id='word_1_66' title='bbox 1593 1031 1710 1121; x_wconf 81' lang='lat' dir='ltr'>legum</span> <span class='ocrx_word' id='word_1_67' title='bbox 1737 1047 1771 1104; x_wconf 92' lang='lat' dir='ltr'>et</span> <span class='ocrx_word' id='word_1_68' title='bbox 1791 1047 1901 1106; x_wconf 91' lang='lat' dir='ltr'>status</span> <span class='ocrx_word' id='word_1_69' title='bbox 1926 1034 2096 1125; x_wconf 89' lang='lat' dir='ltr'>imperio·</span> 
     </span>
     <span class='ocr_line' id='line_1_8' title="bbox 67 1126 2100 1226; baseline 0 -20"><span class='ocrx_word' id='word_1_70' title='bbox 67 1149 187 1206; x_wconf 87' lang='lat' dir='ltr'>tamen</span> <span class='ocrx_word' id='word_1_71' title='bbox 209 1126 302 1202; x_wconf 92' lang='lat' dir='ltr'>hanc</span> <span class='ocrx_word' id='word_1_72' title='bbox 323 1133 619 1226; x_wconf 85' lang='lat' dir='ltr'>simplicissimam</span> <span class='ocrx_word' id='word_1_73' title='bbox 637 1163 713 1210; x_wconf 85' lang='lat' dir='ltr'>esse</span> <span class='ocrx_word' id='word_1_74' title='bbox 735 1140 876 1223; x_wconf 89' lang='lat' dir='ltr'>iudico,</span> <span class='ocrx_word' id='word_1_75' title='bbox 907 1153 948 1209; x_wconf 94' lang='lat' dir='ltr'>nt</span> <span class='ocrx_word' id='word_1_76' title='bbox 969 1161 1056 1207; x_wconf 87' lang='lat' dir='ltr'>con·</span> <span class='ocrx_word' id='word_1_77' title='bbox 1088 1132 1213 1202; x_wconf 80' lang='lat' dir='ltr'>rum?</span> <span class='ocrx_word' id='word_1_78' title='bbox 1254 1128 1392 1201; x_wconf 86' lang='lat' dir='ltr'>Deinde</span> <span class='ocrx_word' id='word_1_79' title='bbox 1407 1157 1478 1224; x_wconf 93' lang='lat' dir='ltr'>quo</span> <span class='ocrx_word' id='word_1_80' title='bbox 1495 1145 1652 1223; x_wconf 89' lang='lat' dir='ltr'>tempore</span> <span class='ocrx_word' id='word_1_81' title='bbox 1667 1135 1728 1203; x_wconf 90' lang='lat' dir='ltr'>illa</span> <span class='ocrx_word' id='word_1_82' title='bbox 1746 1137 1894 1207; x_wconf 89' lang='lat' dir='ltr'>mutatio</span> <span class='ocrx_word' id='word_1_83' title='bbox 1909 1132 1993 1206; x_wconf 83' lang='lat' dir='ltr'>fiat?</span> <span class='ocrx_word' id='word_1_84' title='bbox 2036 1131 2100 1207; x_wconf 79' lang='lat' dir='ltr'>Ad</span> 
     </span>
     <span class='ocr_line' id='line_1_9' title="bbox 68 1233 2096 1330; baseline -0 -24"><span class='ocrx_word' id='word_1_85' title='bbox 68 1234 311 1306; x_wconf 85' lang='lat' dir='ltr'>sonantisrum</span> <span class='ocrx_word' id='word_1_86' title='bbox 339 1235 421 1328; x_wconf 83' lang='lat' dir='ltr'>bnis</span> <span class='ocrx_word' id='word_1_87' title='bbox 447 1250 575 1310; x_wconf 90' lang='lat' dir='ltr'>natura</span> <span class='ocrx_word' id='word_1_88' title='bbox 602 1243 787 1312; x_wconf 89' lang='lat' dir='ltr'>ordinatus</span> <span class='ocrx_word' id='word_1_89' title='bbox 806 1254 876 1325; x_wconf 92' lang='lat' dir='ltr'>est,</span> <span class='ocrx_word' id='word_1_90' title='bbox 907 1238 1055 1310; x_wconf 86' lang='lat' dir='ltr'>eumad</span> <span class='ocrx_word' id='word_1_91' title='bbox 1108 1233 1258 1326; x_wconf 86' lang='lat' dir='ltr'>primam</span> <span class='ocrx_word' id='word_1_92' title='bbox 1287 1234 1526 1327; x_wconf 90' lang='lat' dir='ltr'>quaestionem</span> <span class='ocrx_word' id='word_1_93' title='bbox 1550 1237 1764 1326; x_wconf 89' lang='lat' dir='ltr'>respondeo,</span> <span class='ocrx_word' id='word_1_94' title='bbox 1798 1260 1887 1330; x_wconf 90' lang='lat' dir='ltr'>quae</span> <span class='ocrx_word' id='word_1_95' title='bbox 1910 1234 2096 1328; x_wconf 75' lang='lat' dir='ltr'>triplicatis</span> 
     </span>
     <span class='ocr_line' id='line_1_10' title="bbox 67 1331 2096 1433; baseline -0 -24"><span class='ocrx_word' id='word_1_96' title='bbox 67 1331 265 1432; x_wconf 57' lang='grc' dir='ltr'>διαπασῶν</span> <span class='ocrx_word' id='word_1_97' title='bbox 287 1348 434 1408; x_wconf 87' lang='lat' dir='ltr'>ventum</span> <span class='ocrx_word' id='word_1_98' title='bbox 458 1352 524 1410; x_wconf 86' lang='lat' dir='ltr'>est:</span> <span class='ocrx_word' id='word_1_99' title='bbox 558 1341 608 1413; x_wconf 90' lang='lat' dir='ltr'>its</span> <span class='ocrx_word' id='word_1_100' title='bbox 630 1343 770 1433; x_wconf 79' lang='lat' dir='ltr'>legibus</span> <span class='ocrx_word' id='word_1_101' title='bbox 793 1340 976 1425; x_wconf 87' lang='lat' dir='ltr'>fatalibus,</span> <span class='ocrx_word' id='word_1_102' title='bbox 1007 1337 1057 1409; x_wconf 88' lang='lat' dir='ltr'>sit</span> <span class='ocrx_word' id='word_1_103' title='bbox 1107 1335 1279 1406; x_wconf 90' lang='lat' dir='ltr'>lateribus</span> <span class='ocrx_word' id='word_1_104' title='bbox 1305 1338 1374 1406; x_wconf 85' lang='grc' dir='ltr'>τοῦ</span> <span class='ocrx_word' id='word_1_105' title='bbox 1403 1331 1595 1427; x_wconf 75' lang='grc' dir='ltr'>πυθμένος</span> <span class='ocrx_word' id='word_1_106' title='bbox 1622 1337 1857 1429; x_wconf 82' lang='lat' dir='ltr'>sesquitertii,</span> <span class='ocrx_word' id='word_1_107' title='bbox 1897 1349 2096 1408; x_wconf 83' lang='lat' dir='ltr'>excrescant</span> 
     </span>
     <span class='ocr_line' id='line_1_11' title="bbox 66 1434 2096 1533; baseline -0 -24"><span class='ocrx_word' id='word_1_108' title='bbox 66 1438 220 1509; x_wconf 87' lang='lat' dir='ltr'>subinde</span> <span class='ocrx_word' id='word_1_109' title='bbox 241 1459 334 1506; x_wconf 87' lang='lat' dir='ltr'>nova</span> <span class='ocrx_word' id='word_1_110' title='bbox 350 1437 499 1532; x_wconf 90' lang='lat' dir='ltr'>imperia</span> <span class='ocrx_word' id='word_1_111' title='bbox 515 1441 646 1513; x_wconf 86' lang='lat' dir='ltr'>exoriri</span> <span class='ocrx_word' id='word_1_112' title='bbox 662 1442 849 1521; x_wconf 82' lang='lat' dir='ltr'>ruentibus</span> <span class='ocrx_word' id='word_1_113' title='bbox 865 1442 1056 1533; x_wconf 85' lang='lat' dir='ltr'>prioribus,</span> <span class='ocrx_word' id='word_1_114' title='bbox 1108 1434 1448 1528; x_wconf 88' lang='lat' dir='ltr'>superDiatessaron</span> <span class='ocrx_word' id='word_1_115' title='bbox 1456 1437 1686 1508; x_wconf 88' lang='lat' dir='ltr'>semiditonus</span> <span class='ocrx_word' id='word_1_116' title='bbox 1697 1438 1960 1532; x_wconf 88' lang='lat' dir='ltr'>cumdiapente‚</span> <span class='ocrx_word' id='word_1_117' title='bbox 1976 1438 2096 1509; x_wconf 89' lang='lat' dir='ltr'>etdia·</span> 
     </span>
     <span class='ocr_line' id='line_1_12' title="bbox 66 1538 2096 1639; baseline -0 -30"><span class='ocrx_word' id='word_1_118' title='bbox 66 1551 252 1632; x_wconf 90' lang='lat' dir='ltr'>propterea</span> <span class='ocrx_word' id='word_1_119' title='bbox 268 1540 364 1632; x_wconf 93' lang='lat' dir='ltr'>quod</span> <span class='ocrx_word' id='word_1_120' title='bbox 379 1543 633 1631; x_wconf 87' lang='lat' dir='ltr'>praestantiora</span> <span class='ocrx_word' id='word_1_121' title='bbox 648 1545 823 1629; x_wconf 79' lang='lat' dir='ltr'>deficiant,</span> <span class='ocrx_word' id='word_1_122' title='bbox 847 1546 961 1616; x_wconf 92' lang='lat' dir='ltr'>donec</span> <span class='ocrx_word' id='word_1_123' title='bbox 975 1565 1056 1613; x_wconf 86' lang='lat' dir='ltr'>run-</span> <span class='ocrx_word' id='word_1_124' title='bbox 1108 1561 1218 1630; x_wconf 87' lang='lat' dir='ltr'>pason</span> <span class='ocrx_word' id='word_1_125' title='bbox 1239 1563 1319 1609; x_wconf 91' lang='lat' dir='ltr'>cum</span> <span class='ocrx_word' id='word_1_126' title='bbox 1340 1539 1571 1625; x_wconf 84' lang='lat' dir='ltr'>semiditono,</span> <span class='ocrx_word' id='word_1_127' title='bbox 1596 1540 1634 1609; x_wconf 92' lang='lat' dir='ltr'>id</span> <span class='ocrx_word' id='word_1_128' title='bbox 1654 1554 1725 1624; x_wconf 88' lang='lat' dir='ltr'>est,</span> <span class='ocrx_word' id='word_1_129' title='bbox 1750 1539 1896 1632; x_wconf 89' lang='lat' dir='ltr'>septima</span> <span class='ocrx_word' id='word_1_130' title='bbox 1912 1553 1946 1639; x_wconf 81' lang='lat' dir='ltr'>et</span> <span class='ocrx_word' id='word_1_131' title='bbox 1959 1538 2096 1608; x_wconf 88' lang='lat' dir='ltr'>decima</span> 
     </span>
     <span class='ocr_line' id='line_1_13' title="bbox 68 1635 2097 1740; baseline -0.001 -29"><span class='ocrx_word' id='word_1_132' title='bbox 68 1664 126 1711; x_wconf 91' lang='lat' dir='ltr'>sus</span> <span class='ocrx_word' id='word_1_133' title='bbox 157 1639 255 1710; x_wconf 83' lang='lat' dir='ltr'>fatali</span> <span class='ocrx_word' id='word_1_134' title='bbox 280 1641 398 1734; x_wconf 91' lang='lat' dir='ltr'>aliqua</span> <span class='ocrx_word' id='word_1_135' title='bbox 426 1644 502 1732; x_wconf 80' lang='lat' dir='ltr'>lege</span> <span class='ocrx_word' id='word_1_136' title='bbox 525 1644 586 1716; x_wconf 87' lang='lat' dir='ltr'>fiat</span> <span class='ocrx_word' id='word_1_137' title='bbox 609 1645 836 1730; x_wconf 89' lang='lat' dir='ltr'>instauratio,</span> <span class='ocrx_word' id='word_1_138' title='bbox 869 1668 960 1740; x_wconf 91' lang='lat' dir='ltr'>quae</span> <span class='ocrx_word' id='word_1_139' title='bbox 980 1645 1056 1736; x_wconf 90' lang='lat' dir='ltr'>ipsa</span> <span class='ocrx_word' id='word_1_140' title='bbox 1107 1662 1214 1732; x_wconf 88' lang='lat' dir='ltr'>super</span> <span class='ocrx_word' id='word_1_141' title='bbox 1241 1652 1401 1733; x_wconf 89' lang='lat' dir='ltr'>quartam</span> <span class='ocrx_word' id='word_1_142' title='bbox 1409 1671 1435 1724; x_wconf 74' lang='lat'>,=</span> <span class='ocrx_word' id='word_1_143' title='bbox 1450 1654 1491 1711; x_wconf 93' lang='lat' dir='ltr'>ut</span> <span class='ocrx_word' id='word_1_144' title='bbox 1520 1665 1617 1711; x_wconf 93' lang='lat' dir='ltr'>nunc</span> <span class='ocrx_word' id='word_1_145' title='bbox 1644 1643 1751 1732; x_wconf 79' lang='lat' dir='ltr'>vulgo</span> <span class='ocrx_word' id='word_1_146' title='bbox 1773 1642 1966 1737; x_wconf 90' lang='lat' dir='ltr'>loquimur.</span> <span class='ocrx_word' id='word_1_147' title='bbox 2017 1635 2097 1710; x_wconf 80' lang='lat' dir='ltr'>Etsi</span> 
     </span>
     <span class='ocr_line' id='line_1_14' title="bbox 65 1741 2097 1839; baseline -0.001 -25"><span class='ocrx_word' id='word_1_148' title='bbox 65 1741 242 1814; x_wconf 87' lang='lat' dir='ltr'>sententia</span> <span class='ocrx_word' id='word_1_149' title='bbox 263 1753 380 1811; x_wconf 82' lang='lat' dir='ltr'>temen</span> <span class='ocrx_word' id='word_1_150' title='bbox 403 1746 581 1833; x_wconf 80' lang='lat' dir='ltr'>adfirmat,</span> <span class='ocrx_word' id='word_1_151' title='bbox 612 1749 735 1818; x_wconf 87' lang='lat' dir='ltr'>divina</span> <span class='ocrx_word' id='word_1_152' title='bbox 757 1747 981 1839; x_wconf 86' lang='lat' dir='ltr'>providentia</span> <span class='ocrx_word' id='word_1_153' title='bbox 1005 1747 1056 1816; x_wconf 88' lang='lat' dir='ltr'>sic</span> <span class='ocrx_word' id='word_1_154' title='bbox 1108 1741 1202 1812; x_wconf 89' lang='lat' dir='ltr'>enirn</span> <span class='ocrx_word' id='word_1_155' title='bbox 1230 1741 1310 1812; x_wconf 89' lang='lat' dir='ltr'>aliis</span> <span class='ocrx_word' id='word_1_156' title='bbox 1338 1742 1482 1811; x_wconf 84' lang='lat' dir='ltr'>musicis</span> <span class='ocrx_word' id='word_1_157' title='bbox 1506 1743 1662 1813; x_wconf 87' lang='lat' dir='ltr'>modulis</span> <span class='ocrx_word' id='word_1_158' title='bbox 1685 1744 1910 1815; x_wconf 86' lang='lat' dir='ltr'>intervallum</span> <span class='ocrx_word' id='word_1_159' title='bbox 1933 1743 2011 1837; x_wconf 51' lang='lat' dir='ltr'>Pl}</span> <span class='ocrx_word' id='word_1_160' title='bbox 2038 1763 2097 1812; x_wconf 88' lang='lat' dir='ltr'>ra·</span> 
     </span>
     <span class='ocr_line' id='line_1_15' title="bbox 69 1843 2120 1936; baseline 0.002 -23"><span class='ocrx_word' id='word_1_161' title='bbox 69 1843 267 1913; x_wconf 89' lang='lat' dir='ltr'>ordinatam</span> <span class='ocrx_word' id='word_1_162' title='bbox 296 1866 370 1914; x_wconf 85' lang='lat' dir='ltr'>esse</span> <span class='ocrx_word' id='word_1_163' title='bbox 399 1860 433 1917; x_wconf 90' lang='lat' dir='ltr'>et</span> <span class='ocrx_word' id='word_1_164' title='bbox 462 1871 583 1918; x_wconf 87' lang='lat' dir='ltr'>rerum</span> <span class='ocrx_word' id='word_1_165' title='bbox 612 1866 646 1921; x_wconf 92' lang='lat' dir='ltr'>et</span> <span class='ocrx_word' id='word_1_166' title='bbox 668 1846 857 1921; x_wconf 87' lang='lat' dir='ltr'>hominum</span> <span class='ocrx_word' id='word_1_167' title='bbox 879 1861 1055 1927; x_wconf 91' lang='lat' dir='ltr'>naturam,</span> <span class='ocrx_word' id='word_1_168' title='bbox 1107 1843 1216 1914; x_wconf 89' lang='lat' dir='ltr'>tionis</span> <span class='ocrx_word' id='word_1_169' title='bbox 1238 1843 1377 1935; x_wconf 88' lang='lat' dir='ltr'>explere</span> <span class='ocrx_word' id='word_1_170' title='bbox 1399 1867 1601 1936; x_wconf 88' lang='lat' dir='ltr'>possemus,</span> <span class='ocrx_word' id='word_1_171' title='bbox 1616 1858 1745 1915; x_wconf 68' lang='lat' dir='ltr'>⁴tamen</span> <span class='ocrx_word' id='word_1_172' title='bbox 1768 1846 1858 1916; x_wconf 88' lang='lat' dir='ltr'>illud</span> <span class='ocrx_word' id='word_1_173' title='bbox 1876 1844 2025 1915; x_wconf 90' lang='lat' dir='ltr'>minime</span> <span class='ocrx_word' id='word_1_174' title='bbox 2042 1844 2120 1917; x_wconf 86' lang='lat' dir='ltr'>la-.</span> 
     </span>
     <span class='ocr_line' id='line_1_16' title="bbox 68 1943 2096 2039; baseline 0 -25"><span class='ocrx_word' id='word_1_175' title='bbox 68 1957 109 2015; x_wconf 92' lang='lat' dir='ltr'>ut</span> <span class='ocrx_word' id='word_1_176' title='bbox 136 1944 321 2014; x_wconf 90' lang='lat' dir='ltr'>ruentibus</span> <span class='ocrx_word' id='word_1_177' title='bbox 353 1945 513 2035; x_wconf 90' lang='lat' dir='ltr'>imperiis</span> <span class='ocrx_word' id='word_1_178' title='bbox 541 1949 610 2018; x_wconf 88' lang='lat' dir='ltr'>alia</span> <span class='ocrx_word' id='word_1_179' title='bbox 642 1951 916 2024; x_wconf 89' lang='lat' dir='ltr'>constituantur.</span> <span class='ocrx_word' id='word_1_180' title='bbox 983 1946 1052 2020; x_wconf 93' lang='lat' dir='ltr'>Sed</span> <span class='ocrx_word' id='word_1_181' title='bbox 1108 1944 1274 2016; x_wconf 91' lang='lat' dir='ltr'>ciendum</span> <span class='ocrx_word' id='word_1_182' title='bbox 1292 1969 1366 2015; x_wconf 87' lang='lat' dir='ltr'>esse</span> <span class='ocrx_word' id='word_1_183' title='bbox 1385 1969 1586 2031; x_wconf 89' lang='lat' dir='ltr'>censemus,</span> <span class='ocrx_word' id='word_1_184' title='bbox 1612 1949 1708 2039; x_wconf 93' lang='lat' dir='ltr'>quod</span> <span class='ocrx_word' id='word_1_185' title='bbox 1727 1945 1888 2019; x_wconf 89' lang='lat' dir='ltr'>Platonis</span> <span class='ocrx_word' id='word_1_186' title='bbox 1901 1943 2096 2018; x_wconf 88' lang='lat' dir='ltr'>sententiae</span> 
     </span>
     <span class='ocr_line' id='line_1_17' title="bbox 68 2042 2100 2144; baseline 0.002 -29"><span class='ocrx_word' id='word_1_187' title='bbox 68 2068 208 2116; x_wconf 88' lang='lat' dir='ltr'>causam</span> <span class='ocrx_word' id='word_1_188' title='bbox 232 2047 356 2116; x_wconf 86' lang='lat' dir='ltr'>ruinae</span> <span class='ocrx_word' id='word_1_189' title='bbox 375 2061 551 2120; x_wconf 90' lang='lat' dir='ltr'>monstrat</span> <span class='ocrx_word' id='word_1_190' title='bbox 570 2051 733 2122; x_wconf 89' lang='lat' dir='ltr'>doctrina</span> <span class='ocrx_word' id='word_1_191' title='bbox 747 2048 943 2136; x_wconf 85' lang='lat' dir='ltr'>Ecclesiae,</span> <span class='ocrx_word' id='word_1_192' title='bbox 965 2073 1055 2144; x_wconf 91' lang='lat' dir='ltr'>quae</span> <span class='ocrx_word' id='word_1_193' title='bbox 1106 2046 1220 2136; x_wconf 80' lang='lat' dir='ltr'>magis</span> <span class='ocrx_word' id='word_1_194' title='bbox 1237 2048 1455 2119; x_wconf 89' lang='lat' dir='ltr'>conveniunt</span> <span class='ocrx_word' id='word_1_195' title='bbox 1473 2042 1699 2134; x_wconf 90' lang='lat' dir='ltr'>harmoniae,</span> <span class='ocrx_word' id='word_1_196' title='bbox 1724 2072 1812 2143; x_wconf 90' lang='lat' dir='ltr'>quas</span> <span class='ocrx_word' id='word_1_197' title='bbox 1827 2049 1998 2141; x_wconf 82' lang='lat' dir='ltr'>praebent</span> <span class='ocrx_word' id='word_1_198' title='bbox 2012 2045 2100 2123; x_wconf 81' lang='lat' dir='ltr'>bina</span> 
     </span>
     <span class='ocr_line' id='line_1_18' title="bbox 68 2147 2096 2243; baseline 0 -26"><span class='ocrx_word' id='word_1_199' title='bbox 68 2147 248 2231; x_wconf 88' lang='lat' dir='ltr'>adfirmat,</span> <span class='ocrx_word' id='word_1_200' title='bbox 270 2148 484 2218; x_wconf 90' lang='lat' dir='ltr'>mutationes</span> <span class='ocrx_word' id='word_1_201' title='bbox 500 2150 730 2242; x_wconf 87' lang='lat' dir='ltr'>imperiorum</span> <span class='ocrx_word' id='word_1_202' title='bbox 748 2176 880 2243; x_wconf 90' lang='lat' dir='ltr'>poenas</span> <span class='ocrx_word' id='word_1_203' title='bbox 892 2176 966 2222; x_wconf 89' lang='lat' dir='ltr'>esse</span> <span class='ocrx_word' id='word_1_204' title='bbox 980 2176 1055 2221; x_wconf 87' lang='lat' dir='ltr'>see·</span> <span class='ocrx_word' id='word_1_205' title='bbox 1107 2148 1222 2218; x_wconf 88' lang='lat' dir='ltr'>media</span> <span class='ocrx_word' id='word_1_206' title='bbox 1247 2148 1548 2239; x_wconf 79' lang='lat' dir='ltr'>proportionalia,</span> <span class='ocrx_word' id='word_1_207' title='bbox 1574 2173 1664 2242; x_wconf 87' lang='lat' dir='ltr'>quae</span> <span class='ocrx_word' id='word_1_208' title='bbox 1685 2151 1779 2221; x_wconf 90' lang='lat' dir='ltr'>inter</span> <span class='ocrx_word' id='word_1_209' title='bbox 1794 2150 1971 2241; x_wconf 83' lang='lat' dir='ltr'>triplicata</span> <span class='ocrx_word' id='word_1_210' title='bbox 1987 2149 2096 2219; x_wconf 91' lang='lat' dir='ltr'>latera</span> 
     </span>
     <span class='ocr_line' id='line_1_19' title="bbox 65 2240 2100 2345; baseline 0.002 -28"><span class='ocrx_word' id='word_1_211' title='bbox 65 2240 193 2331; x_wconf 89' lang='lat' dir='ltr'>lerum,</span> <span class='ocrx_word' id='word_1_212' title='bbox 220 2270 309 2337; x_wconf 90' lang='lat' dir='ltr'>quae</span> <span class='ocrx_word' id='word_1_213' title='bbox 324 2248 447 2339; x_wconf 91' lang='lat' dir='ltr'>populi</span> <span class='ocrx_word' id='word_1_214' title='bbox 465 2264 499 2320; x_wconf 94' lang='lat' dir='ltr'>et</span> <span class='ocrx_word' id='word_1_215' title='bbox 512 2247 628 2341; x_wconf 76' lang='lat' dir='ltr'>Reges</span> <span class='ocrx_word' id='word_1_216' title='bbox 643 2268 903 2345; x_wconf 90' lang='lat' dir='ltr'>perpetrarunt.</span> <span class='ocrx_word' id='word_1_217' title='bbox 942 2251 1055 2344; x_wconf 89' lang='lat' dir='ltr'>Saepe</span> <span class='ocrx_word' id='word_1_218' title='bbox 1107 2249 1280 2330; x_wconf 83' lang='lat' dir='ltr'>existunt,</span> <span class='ocrx_word' id='word_1_219' title='bbox 1314 2250 1447 2343; x_wconf 89' lang='lat' dir='ltr'>alioqui</span> <span class='ocrx_word' id='word_1_220' title='bbox 1472 2249 1568 2319; x_wconf 88' lang='lat' dir='ltr'>enim</span> <span class='ocrx_word' id='word_1_221' title='bbox 1591 2251 1711 2343; x_wconf 89' lang='lat' dir='ltr'>plures</span> <span class='ocrx_word' id='word_1_222' title='bbox 1733 2247 1957 2334; x_wconf 90' lang='lat' dir='ltr'>harmoniae,</span> <span class='ocrx_word' id='word_1_223' title='bbox 1989 2270 2100 2342; x_wconf 81' lang='lat' dir='ltr'>quant</span> 
     </span>
     <span class='ocr_line' id='line_1_20' title="bbox 65 2344 2097 2446; baseline 0.001 -29"><span class='ocrx_word' id='word_1_224' title='bbox 65 2344 136 2417; x_wconf 89' lang='lat' dir='ltr'>boc</span> <span class='ocrx_word' id='word_1_225' title='bbox 150 2370 273 2415; x_wconf 90' lang='lat' dir='ltr'>verum</span> <span class='ocrx_word' id='word_1_226' title='bbox 288 2362 354 2420; x_wconf 89' lang='lat' dir='ltr'>est:</span> <span class='ocrx_word' id='word_1_227' title='bbox 380 2348 561 2444; x_wconf 86' lang='lat' dir='ltr'>Quicquid</span> <span class='ocrx_word' id='word_1_228' title='bbox 577 2354 731 2426; x_wconf 90' lang='lat' dir='ltr'>delirant</span> <span class='ocrx_word' id='word_1_229' title='bbox 739 2353 866 2446; x_wconf 80' lang='lat' dir='ltr'>Reges,</span> <span class='ocrx_word' id='word_1_230' title='bbox 893 2356 1053 2445; x_wconf 90' lang='lat' dir='ltr'>plectun-</span> <span class='ocrx_word' id='word_1_231' title='bbox 1108 2352 1199 2422; x_wconf 87' lang='lat' dir='ltr'>duae</span> <span class='ocrx_word' id='word_1_232' title='bbox 1227 2352 1434 2423; x_wconf 87' lang='lat' dir='ltr'>accederent</span> <span class='ocrx_word' id='word_1_233' title='bbox 1460 2352 1703 2445; x_wconf 83' lang='lat' dir='ltr'>sesquitertiae</span> <span class='ocrx_word' id='word_1_234' title='bbox 1730 2351 1874 2429; x_wconf 89' lang='lat' dir='ltr'>rationi.</span> <span class='ocrx_word' id='word_1_235' title='bbox 1924 2347 2097 2443; x_wconf 84' lang='lat' dir='ltr'>Appella-</span> 
     </span>
     <span class='ocr_line' id='line_1_21' title="bbox 66 2444 2097 2548; baseline 0.001 -30"><span class='ocrx_word' id='word_1_236' title='bbox 66 2461 126 2518; x_wconf 90' lang='lat' dir='ltr'>tur</span> <span class='ocrx_word' id='word_1_237' title='bbox 151 2444 292 2521; x_wconf 86' lang='lat' dir='ltr'>Achivi.</span> <span class='ocrx_word' id='word_1_238' title='bbox 357 2448 428 2521; x_wconf 88' lang='lat' dir='ltr'>Sed</span> <span class='ocrx_word' id='word_1_239' title='bbox 452 2452 543 2522; x_wconf 90' lang='lat' dir='ltr'>illud</span> <span class='ocrx_word' id='word_1_240' title='bbox 568 2456 673 2524; x_wconf 89' lang='lat' dir='ltr'>etiam</span> <span class='ocrx_word' id='word_1_241' title='bbox 697 2479 801 2548; x_wconf 85' lang='lat' dir='ltr'>saepe</span> <span class='ocrx_word' id='word_1_242' title='bbox 825 2457 973 2541; x_wconf 91' lang='lat' dir='ltr'>accidit,</span> <span class='ocrx_word' id='word_1_243' title='bbox 1012 2470 1055 2525; x_wconf 89' lang='lat' dir='ltr'>ut</span> <span class='ocrx_word' id='word_1_244' title='bbox 1106 2475 1187 2523; x_wconf 89' lang='lat' dir='ltr'>mus</span> <span class='ocrx_word' id='word_1_245' title='bbox 1203 2452 1311 2542; x_wconf 81' lang='lat' dir='ltr'>igitur</span> <span class='ocrx_word' id='word_1_246' title='bbox 1332 2454 1418 2524; x_wconf 86' lang='lat' dir='ltr'>duas</span> <span class='ocrx_word' id='word_1_247' title='bbox 1433 2446 1639 2526; x_wconf 87' lang='lat' dir='ltr'>harmonias</span> <span class='ocrx_word' id='word_1_248' title='bbox 1654 2453 1825 2547; x_wconf 88' lang='lat' dir='ltr'>peculiari</span> <span class='ocrx_word' id='word_1_249' title='bbox 1838 2453 1964 2523; x_wconf 89' lang='lat' dir='ltr'>modo:</span> <span class='ocrx_word' id='word_1_250' title='bbox 1989 2450 2097 2522; x_wconf 89' lang='lat' dir='ltr'>semi-</span> 
     </span>
     <span class='ocr_line' id='line_1_22' title="bbox 65 2547 2097 2649; baseline 0.001 -30"><span class='ocrx_word' id='word_1_251' title='bbox 65 2547 251 2641; x_wconf 87' lang='lat' dir='ltr'>Priucipes</span> <span class='ocrx_word' id='word_1_252' title='bbox 268 2565 412 2642; x_wconf 90' lang='lat' dir='ltr'>propter</span> <span class='ocrx_word' id='word_1_253' title='bbox 431 2554 553 2647; x_wconf 89' lang='lat' dir='ltr'>populi</span> <span class='ocrx_word' id='word_1_254' title='bbox 569 2556 696 2627; x_wconf 90' lang='lat' dir='ltr'>delicta</span> <span class='ocrx_word' id='word_1_255' title='bbox 713 2557 926 2649; x_wconf 89' lang='lat' dir='ltr'>puniantur,</span> <span class='ocrx_word' id='word_1_256' title='bbox 951 2569 990 2627; x_wconf 89' lang='lat' dir='ltr'>ut</span> <span class='ocrx_word' id='word_1_257' title='bbox 1005 2557 1055 2625; x_wconf 89' lang='lat' dir='ltr'>ait</span> <span class='ocrx_word' id='word_1_258' title='bbox 1106 2551 1271 2624; x_wconf 88' lang='lat' dir='ltr'>ditonum</span> <span class='ocrx_word' id='word_1_259' title='bbox 1291 2577 1372 2625; x_wconf 90' lang='lat' dir='ltr'>cum</span> <span class='ocrx_word' id='word_1_260' title='bbox 1394 2554 1580 2644; x_wconf 77' lang='lat' dir='ltr'>diapente,</span> <span class='ocrx_word' id='word_1_261' title='bbox 1605 2569 1640 2626; x_wconf 92' lang='lat' dir='ltr'>et</span> <span class='ocrx_word' id='word_1_262' title='bbox 1661 2557 1833 2648; x_wconf 87' lang='lat' dir='ltr'>diapason</span> <span class='ocrx_word' id='word_1_263' title='bbox 1851 2577 1932 2626; x_wconf 90' lang='lat' dir='ltr'>curn</span> <span class='ocrx_word' id='word_1_264' title='bbox 1949 2553 2097 2648; x_wconf 75' lang='lat' dir='ltr'>semidi-</span> 
     </span>
     <span class='ocr_line' id='line_1_23' title="bbox 66 2649 2095 2751; baseline 0.001 -29"><span class='ocrx_word' id='word_1_265' title='bbox 66 2649 256 2722; x_wconf 87' lang='lat' dir='ltr'>Salomon:</span> <span class='ocrx_word' id='word_1_266' title='bbox 293 2650 444 2743; x_wconf 88' lang='lat' dir='ltr'>Propter</span> <span class='ocrx_word' id='word_1_267' title='bbox 474 2672 612 2746; x_wconf 89' lang='lat' dir='ltr'>peccata</span> <span class='ocrx_word' id='word_1_268' title='bbox 643 2659 772 2751; x_wconf 91' lang='lat' dir='ltr'>populi</span> <span class='ocrx_word' id='word_1_269' title='bbox 796 2659 940 2728; x_wconf 85' lang='lat' dir='ltr'>crebrae</span> <span class='ocrx_word' id='word_1_270' title='bbox 970 2670 1055 2728; x_wconf 91' lang='lat' dir='ltr'>sunt</span> <span class='ocrx_word' id='word_1_271' title='bbox 1106 2668 1211 2739; x_wconf 91' lang='lat' dir='ltr'>tono,</span> <span class='ocrx_word' id='word_1_272' title='bbox 1242 2678 1392 2747; x_wconf 88' lang='lat' dir='ltr'>quarum</span> <span class='ocrx_word' id='word_1_273' title='bbox 1414 2657 1608 2746; x_wconf 86' lang='lat' dir='ltr'>posterior,</span> <span class='ocrx_word' id='word_1_274' title='bbox 1635 2652 1704 2728; x_wconf 90' lang='lat' dir='ltr'>hoc</span> <span class='ocrx_word' id='word_1_275' title='bbox 1726 2671 1778 2728; x_wconf 87' lang='lat' dir='ltr'>est</span> <span class='ocrx_word' id='word_1_276' title='bbox 1799 2652 2095 2742; x_wconf 53' lang='lat' dir='ltr'>decimas‘etsia</span> 
     </span>
     <span class='ocr_line' id='line_1_24' title="bbox 61 2751 2097 2847; baseline 0.003 -27"><span class='ocrx_word' id='word_1_277' title='bbox 61 2752 278 2822; x_wconf 85' lang='lat' dir='ltr'>mutationes</span> <span class='ocrx_word' id='word_1_278' title='bbox 299 2751 520 2845; x_wconf 87' lang='lat' dir='ltr'>Principum.</span> <span class='ocrx_word' id='word_1_279' title='bbox 583 2757 687 2830; x_wconf 80' lang='lat' dir='ltr'>Haste</span> <span class='ocrx_word' id='word_1_280' title='bbox 714 2761 886 2831; x_wconf 88' lang='lat' dir='ltr'>moralem</span> <span class='ocrx_word' id='word_1_281' title='bbox 913 2783 1052 2830; x_wconf 87' lang='lat' dir='ltr'>causam</span> <span class='ocrx_word' id='word_1_282' title='bbox 1105 2754 1312 2827; x_wconf 86' lang='lat' dir='ltr'>cantoribus</span> <span class='ocrx_word' id='word_1_283' title='bbox 1334 2780 1399 2847; x_wconf 93' lang='lat' dir='ltr'>pro</span> <span class='ocrx_word' id='word_1_284' title='bbox 1422 2751 1609 2829; x_wconf 89' lang='lat' dir='ltr'>harmonia</span> <span class='ocrx_word' id='word_1_285' title='bbox 1629 2753 1796 2831; x_wconf 89' lang='lat' dir='ltr'>habetur:</span> <span class='ocrx_word' id='word_1_286' title='bbox 1823 2770 1942 2829; x_wconf 90' lang='lat' dir='ltr'>tamen</span> <span class='ocrx_word' id='word_1_287' title='bbox 1961 2754 2097 2827; x_wconf 87' lang='lat' dir='ltr'>Musici</span> 
     </span>
     <span class='ocr_line' id='line_1_25' title="bbox 66 2853 2096 2952; baseline 0.003 -31"><span class='ocrx_word' id='word_1_288' title='bbox 66 2854 290 2944; x_wconf 90' lang='lat' dir='ltr'>praecipuam</span> <span class='ocrx_word' id='word_1_289' title='bbox 317 2878 391 2924; x_wconf 92' lang='lat' dir='ltr'>esse</span> <span class='ocrx_word' id='word_1_290' title='bbox 417 2856 581 2930; x_wconf 87' lang='lat' dir='ltr'>sciamus.</span> <span class='ocrx_word' id='word_1_291' title='bbox 645 2860 859 2932; x_wconf 91' lang='lat' dir='ltr'>Studeamus</span> <span class='ocrx_word' id='word_1_292' title='bbox 879 2864 1054 2931; x_wconf 67' lang='lat' dir='ltr'>autem‘et</span> <span class='ocrx_word' id='word_1_293' title='bbox 1105 2856 1311 2950; x_wconf 85' lang='lat' dir='ltr'>praesertim</span> <span class='ocrx_word' id='word_1_294' title='bbox 1341 2853 1570 2951; x_wconf 76' lang='lat' dir='ltr'>Pythagorici</span> <span class='ocrx_word' id='word_1_295' title='bbox 1603 2883 1685 2930; x_wconf 87' lang='lat' dir='ltr'>eam·</span> <span class='ocrx_word' id='word_1_296' title='bbox 1720 2859 1887 2931; x_wconf 87' lang='lat' dir='ltr'>reiiciunt</span> <span class='ocrx_word' id='word_1_297' title='bbox 1923 2871 2096 2952; x_wconf 89' lang='lat' dir='ltr'>tanquam</span> 
     </span>
     <span class='ocr_line' id='line_1_26' title="bbox 66 2956 2095 3054; baseline 0.003 -30"><span class='ocrx_word' id='word_1_298' title='bbox 66 2956 179 3024; x_wconf 90' lang='lat' dir='ltr'>lenire</span> <span class='ocrx_word' id='word_1_299' title='bbox 202 2956 307 3026; x_wconf 84' lang='lat' dir='ltr'>nobis</span> <span class='ocrx_word' id='word_1_300' title='bbox 332 2957 400 3047; x_wconf 89' lang='lat' dir='ltr'>ipsi</span> <span class='ocrx_word' id='word_1_301' title='bbox 423 2982 629 3030; x_wconf 88' lang='lat' dir='ltr'>communes</span> <span class='ocrx_word' id='word_1_302' title='bbox 646 2962 814 3031; x_wconf 87' lang='lat' dir='ltr'>miserias.</span> <span class='ocrx_word' id='word_1_303' title='bbox 865 2961 956 3032; x_wconf 86' lang='lat' dir='ltr'>Nam</span> <span class='ocrx_word' id='word_1_304' title='bbox 975 2986 1053 3030; x_wconf 90' lang='lat' dir='ltr'>mo·</span> <span class='ocrx_word' id='word_1_305' title='bbox 1105 2982 1252 3050; x_wconf 86' lang='lat' dir='ltr'>prorsus</span> <span class='ocrx_word' id='word_1_306' title='bbox 1277 2958 1479 3045; x_wconf 86' lang='lat' dir='ltr'>dissonam,</span> <span class='ocrx_word' id='word_1_307' title='bbox 1512 2961 1630 3052; x_wconf 88' lang='lat' dir='ltr'>ipsum</span> <span class='ocrx_word' id='word_1_308' title='bbox 1659 2961 1828 3054; x_wconf 89' lang='lat' dir='ltr'>diapason</span> <span class='ocrx_word' id='word_1_309' title='bbox 1859 2961 2095 3035; x_wconf 83' lang='lat' dir='ltr'>excedentem.</span> 
     </span>
     <span class='ocr_line' id='line_1_27' title="bbox 65 3057 2096 3157; baseline 0.001 -31"><span class='ocrx_word' id='word_1_310' title='bbox 65 3057 266 3143; x_wconf 90' lang='lat' dir='ltr'>deratioue,</span> <span class='ocrx_word' id='word_1_311' title='bbox 297 3058 504 3150; x_wconf 88' lang='lat' dir='ltr'>disciplina,</span> <span class='ocrx_word' id='word_1_312' title='bbox 533 3061 679 3153; x_wconf 87' lang='lat' dir='ltr'>pietate,</span> <span class='ocrx_word' id='word_1_313' title='bbox 712 3063 893 3133; x_wconf 85' lang='lat' dir='ltr'>flectemus</span> <span class='ocrx_word' id='word_1_314' title='bbox 923 3058 1053 3142; x_wconf 88' lang='lat' dir='ltr'>Deum,</span> <span class='ocrx_word' id='word_1_315' title='bbox 1105 3058 1290 3134; x_wconf 86' lang='lat' dir='ltr'>Caeterum</span> <span class='ocrx_word' id='word_1_316' title='bbox 1312 3061 1546 3133; x_wconf 86' lang='lat' dir='ltr'>semiditonus</span> <span class='ocrx_word' id='word_1_317' title='bbox 1568 3087 1649 3134; x_wconf 91' lang='lat' dir='ltr'>cum</span> <span class='ocrx_word' id='word_1_318' title='bbox 1670 3063 1836 3154; x_wconf 88' lang='lat' dir='ltr'>diapente</span> <span class='ocrx_word' id='word_1_319' title='bbox 1857 3086 1920 3132; x_wconf 89' lang='lat' dir='ltr'>seu</span> <span class='ocrx_word' id='word_1_320' title='bbox 1935 3060 2096 3157; x_wconf 78' lang='lat' dir='ltr'>septima,</span> 
     </span>
     <span class='ocr_line' id='line_1_28' title="bbox 64 3158 2096 3257; baseline 0.001 -28"><span class='ocrx_word' id='word_1_321' title='bbox 64 3171 107 3229; x_wconf 92' lang='lat' dir='ltr'>ut</span> <span class='ocrx_word' id='word_1_322' title='bbox 122 3158 260 3247; x_wconf 83' lang='lat' dir='ltr'>mitiget</span> <span class='ocrx_word' id='word_1_323' title='bbox 276 3182 428 3250; x_wconf 89' lang='lat' dir='ltr'>poenas,</span> <span class='ocrx_word' id='word_1_324' title='bbox 452 3174 495 3233; x_wconf 89' lang='lat' dir='ltr'>ut</span> <span class='ocrx_word' id='word_1_325' title='bbox 510 3177 654 3257; x_wconf 88' lang='lat' dir='ltr'>propter</span> <span class='ocrx_word' id='word_1_326' title='bbox 671 3163 926 3254; x_wconf 86' lang='lat' dir='ltr'>poenitentiam</span> <span class='ocrx_word' id='word_1_327' title='bbox 944 3159 1053 3254; x_wconf 79' lang='lat' dir='ltr'>Regis</span> <span class='ocrx_word' id='word_1_328' title='bbox 1105 3185 1179 3232; x_wconf 91' lang='lat' dir='ltr'>uno</span> <span class='ocrx_word' id='word_1_329' title='bbox 1193 3185 1254 3231; x_wconf 87' lang='lat' dir='ltr'>ore</span> <span class='ocrx_word' id='word_1_330' title='bbox 1268 3163 1314 3232; x_wconf 89' lang='lat' dir='ltr'>ab</span> <span class='ocrx_word' id='word_1_331' title='bbox 1329 3164 1496 3233; x_wconf 92' lang='lat' dir='ltr'>omnibus</span> <span class='ocrx_word' id='word_1_332' title='bbox 1510 3165 1701 3248; x_wconf 86' lang='lat' dir='ltr'>etmusicis</span> <span class='ocrx_word' id='word_1_333' title='bbox 1715 3181 1750 3236; x_wconf 88' lang='lat' dir='ltr'>et</span> <span class='ocrx_word' id='word_1_334' title='bbox 1760 3163 1978 3250; x_wconf 89' lang='lat' dir='ltr'>cantoribus,</span> <span class='ocrx_word' id='word_1_335' title='bbox 2000 3160 2096 3233; x_wconf 89' lang='lat' dir='ltr'>inter</span> 
     </span>
     <span class='ocr_line' id='line_1_29' title="bbox 64 3259 2095 3359; baseline 0.002 -30"><span class='ocrx_word' id='word_1_336' title='bbox 64 3273 99 3330; x_wconf 96' lang='lat' dir='ltr'>et</span> <span class='ocrx_word' id='word_1_337' title='bbox 112 3260 235 3351; x_wconf 89' lang='lat' dir='ltr'>populi</span> <span class='ocrx_word' id='word_1_338' title='bbox 251 3261 401 3332; x_wconf 88' lang='lat' dir='ltr'>mutavit</span> <span class='ocrx_word' id='word_1_339' title='bbox 417 3264 595 3337; x_wconf 87' lang='lat' dir='ltr'>decretum</span> <span class='ocrx_word' id='word_1_340' title='bbox 611 3265 811 3337; x_wconf 89' lang='lat' dir='ltr'>deNinive:</span> <span class='ocrx_word' id='word_1_341' title='bbox 838 3264 922 3356; x_wconf 91' lang='lat' dir='ltr'>Quo</span> <span class='ocrx_word' id='word_1_342' title='bbox 935 3289 1053 3336; x_wconf 81' lang='lat' dir='ltr'>exem·</span> <span class='ocrx_word' id='word_1_343' title='bbox 1105 3262 1273 3334; x_wconf 90' lang='lat' dir='ltr'>stridulas</span> <span class='ocrx_word' id='word_1_344' title='bbox 1303 3259 1533 3359; x_wconf 86' lang='lat' dir='ltr'>symphonias</span> <span class='ocrx_word' id='word_1_345' title='bbox 1562 3265 1744 3340; x_wconf 80' lang='lat' dir='ltr'>obiicitur..</span> <span class='ocrx_word' id='word_1_346' title='bbox 1807 3262 1956 3338; x_wconf 88' lang='lat' dir='ltr'>Constat</span> <span class='ocrx_word' id='word_1_347' title='bbox 1985 3262 2095 3355; x_wconf 75' lang='lat' dir='ltr'>igitur</span> 
     </span>
     <span class='ocr_line' id='line_1_30' title="bbox 64 3359 2096 3461; baseline 0.002 -31"><span class='ocrx_word' id='word_1_348' title='bbox 64 3361 124 3454; x_wconf 89' lang='lat' dir='ltr'>plo</span> <span class='ocrx_word' id='word_1_349' title='bbox 140 3359 277 3436; x_wconf 88' lang='lat' dir='ltr'>illustre</span> <span class='ocrx_word' id='word_1_350' title='bbox 291 3362 532 3436; x_wconf 87' lang='lat' dir='ltr'>testimonium</span> <span class='ocrx_word' id='word_1_351' title='bbox 547 3368 651 3438; x_wconf 90' lang='lat' dir='ltr'>nobis</span> <span class='ocrx_word' id='word_1_352' title='bbox 666 3368 862 3461; x_wconf 88' lang='lat' dir='ltr'>proposuit,</span> <span class='ocrx_word' id='word_1_353' title='bbox 885 3392 931 3438; x_wconf 92' lang='lat' dir='ltr'>ne</span> <span class='ocrx_word' id='word_1_354' title='bbox 944 3366 1052 3438; x_wconf 94' lang='lat' dir='ltr'>stoica</span> <span class='ocrx_word' id='word_1_355' title='bbox 1105 3364 1361 3461; x_wconf 86' lang='lat' dir='ltr'>sesquitertiam</span> <span class='ocrx_word' id='word_1_356' title='bbox 1389 3367 1566 3437; x_wconf 88' lang='lat' dir='ltr'>rationem</span> <span class='ocrx_word' id='word_1_357' title='bbox 1596 3365 1774 3437; x_wconf 84' lang='lat' dir='ltr'>dulcisoni</span> <span class='ocrx_word' id='word_1_358' title='bbox 1799 3366 2018 3439; x_wconf 88' lang='lat' dir='ltr'>diatessaron</span> <span class='ocrx_word' id='word_1_359' title='bbox 2042 3380 2096 3438; x_wconf 93' lang='lat' dir='ltr'>ter</span> 
     </span>
     <span class='ocr_line' id='line_1_31' title="bbox 64 3461 2093 3558; baseline 0.001 -26"><span class='ocrx_word' id='word_1_360' title='bbox 64 3462 268 3535; x_wconf 86' lang='lat' dir='ltr'>necessitate</span> <span class='ocrx_word' id='word_1_361' title='bbox 296 3464 371 3555; x_wconf 74' lang='lat' dir='ltr'>regi</span> <span class='ocrx_word' id='word_1_362' title='bbox 401 3488 457 3537; x_wconf 89' lang='lat' dir='ltr'>res</span> <span class='ocrx_word' id='word_1_363' title='bbox 486 3461 660 3541; x_wconf 86' lang='lat' dir='ltr'>humanas</span> <span class='ocrx_word' id='word_1_364' title='bbox 682 3471 940 3555; x_wconf 82' lang='lat' dir='ltr'>existimemus,</span> <span class='ocrx_word' id='word_1_365' title='bbox 972 3492 1052 3539; x_wconf 87' lang='lat' dir='ltr'>cnm</span> <span class='ocrx_word' id='word_1_366' title='bbox 1105 3465 1334 3558; x_wconf 87' lang='lat' dir='ltr'>compositam</span> <span class='ocrx_word' id='word_1_367' title='bbox 1355 3466 1524 3558; x_wconf 87' lang='lat' dir='ltr'>praebere</span> <span class='ocrx_word' id='word_1_368' title='bbox 1544 3467 1633 3547; x_wconf 89' lang='lat' dir='ltr'>duas</span> <span class='ocrx_word' id='word_1_369' title='bbox 1654 3466 1910 3554; x_wconf 85' lang='lat' dir='ltr'>dissonantias,</span> <span class='ocrx_word' id='word_1_370' title='bbox 1940 3464 2093 3549; x_wconf 80' lang='lat' dir='ltr'>maxime</span> 
     </span>
     <span class='ocr_line' id='line_1_32' title="bbox 63 3563 2095 3663; baseline 0 -28"><span class='ocrx_word' id='word_1_371' title='bbox 63 3588 167 3635; x_wconf 90' lang='lat' dir='ltr'>suum</span> <span class='ocrx_word' id='word_1_372' title='bbox 182 3565 289 3636; x_wconf 87' lang='lat' dir='ltr'>etiam</span> <span class='ocrx_word' id='word_1_373' title='bbox 305 3567 486 3640; x_wconf 86' lang='lat' dir='ltr'>decretum</span> <span class='ocrx_word' id='word_1_374' title='bbox 499 3570 692 3641; x_wconf 81' lang='lat' dir='ltr'>mutaverit</span> <span class='ocrx_word' id='word_1_375' title='bbox 706 3585 851 3662; x_wconf 91' lang='lat' dir='ltr'>propter</span> <span class='ocrx_word' id='word_1_376' title='bbox 863 3565 1053 3641; x_wconf 87' lang='lat' dir='ltr'>hominurn</span> <span class='ocrx_word' id='word_1_377' title='bbox 1105 3568 1298 3639; x_wconf 90' lang='lat' dir='ltr'>secundum</span> <span class='ocrx_word' id='word_1_378' title='bbox 1315 3563 1571 3661; x_wconf 68' lang='lat' dir='ltr'>Pythagoram,</span> <span class='ocrx_word' id='word_1_379' title='bbox 1597 3592 1617 3637; x_wconf 91' lang='lat' dir='ltr'>a</span> <span class='ocrx_word' id='word_1_380' title='bbox 1637 3592 1710 3663; x_wconf 90' lang='lat' dir='ltr'>quo</span> <span class='ocrx_word' id='word_1_381' title='bbox 1724 3567 1827 3649; x_wconf 82' lang='lat' dir='ltr'>Plato</span> <span class='ocrx_word' id='word_1_382' title='bbox 1851 3564 2007 3660; x_wconf 87' lang='lat' dir='ltr'>plurima</span> <span class='ocrx_word' id='word_1_383' title='bbox 2024 3590 2095 3636; x_wconf 92' lang='lat' dir='ltr'>nn·</span> 
     </span>
     <span class='ocr_line' id='line_1_33' title="bbox 64 3663 2096 3765; baseline -0 -28"><span class='ocrx_word' id='word_1_384' title='bbox 64 3666 359 3737; x_wconf 88' lang='lat' dir='ltr'>emendationem.</span> <span class='ocrx_word' id='word_1_385' title='bbox 410 3669 504 3758; x_wconf 90' lang='lat' dir='ltr'>Quia</span> <span class='ocrx_word' id='word_1_386' title='bbox 519 3671 597 3743; x_wconf 81' lang='lat' dir='ltr'>vult</span> <span class='ocrx_word' id='word_1_387' title='bbox 614 3666 681 3742; x_wconf 90' lang='lat' dir='ltr'>hoc</span> <span class='ocrx_word' id='word_1_388' title='bbox 698 3672 859 3762; x_wconf 71' lang='lat' dir='ltr'>agnosci,</span> <span class='ocrx_word' id='word_1_389' title='bbox 883 3673 978 3765; x_wconf 90' lang='lat' dir='ltr'>quod</span> <span class='ocrx_word' id='word_1_390' title='bbox 995 3695 1052 3740; x_wconf 88' lang='lat' dir='ltr'>ce-</span> <span class='ocrx_word' id='word_1_391' title='bbox 1104 3692 1285 3740; x_wconf 90' lang='lat' dir='ltr'>merorum</span> <span class='ocrx_word' id='word_1_392' title='bbox 1308 3664 1525 3743; x_wconf 86' lang='lat' dir='ltr'>theoremata</span> <span class='ocrx_word' id='word_1_393' title='bbox 1547 3669 1715 3761; x_wconf 87' lang='lat' dir='ltr'>sumpsit,</span> <span class='ocrx_word' id='word_1_394' title='bbox 1737 3663 1937 3748; x_wconf 89' lang='lat' dir='ltr'>harmoniis</span> <span class='ocrx_word' id='word_1_395' title='bbox 1956 3692 2096 3740; x_wconf 85' lang='lat' dir='ltr'>accom·</span> 
     </span>
     <span class='ocr_line' id='line_1_34' title="bbox 63 3765 2095 3866; baseline 0 -28"><span class='ocrx_word' id='word_1_396' title='bbox 63 3768 223 3838; x_wconf 90' lang='lat' dir='ltr'>lebratur</span> <span class='ocrx_word' id='word_1_397' title='bbox 243 3769 288 3837; x_wconf 96' lang='lat' dir='ltr'>de</span> <span class='ocrx_word' id='word_1_398' title='bbox 305 3766 403 3859; x_wconf 88' lang='lat' dir='ltr'>ipso,</span> <span class='ocrx_word' id='word_1_399' title='bbox 425 3767 482 3840; x_wconf 88' lang='lat' dir='ltr'>bis</span> <span class='ocrx_word' id='word_1_400' title='bbox 498 3772 632 3842; x_wconf 86' lang='lat' dir='ltr'>verbis:</span> <span class='ocrx_word' id='word_1_401' title='bbox 657 3771 739 3843; x_wconf 90' lang='lat' dir='ltr'>Non</span> <span class='ocrx_word' id='word_1_402' title='bbox 754 3774 938 3845; x_wconf 89' lang='lat' dir='ltr'>delectaris</span> <span class='ocrx_word' id='word_1_403' title='bbox 953 3771 1053 3844; x_wconf 90' lang='lat' dir='ltr'>Deus</span> <span class='ocrx_word' id='word_1_404' title='bbox 1104 3771 1258 3853; x_wconf 78' lang='lat' dir='ltr'>enodata,</span> <span class='ocrx_word' id='word_1_405' title='bbox 1284 3769 1393 3862; x_wconf 90' lang='lat' dir='ltr'>idque</span> <span class='ocrx_word' id='word_1_406' title='bbox 1408 3794 1482 3841; x_wconf 92' lang='lat' dir='ltr'>non</span> <span class='ocrx_word' id='word_1_407' title='bbox 1497 3771 1640 3845; x_wconf 81' lang='lat' dir='ltr'>iniuria.</span> <span class='ocrx_word' id='word_1_408' title='bbox 1688 3765 1909 3866; x_wconf 77' lang='lat' dir='ltr'>Pythagoras</span> <span class='ocrx_word' id='word_1_409' title='bbox 1923 3771 2019 3840; x_wconf 84' lang='lat' dir='ltr'>eninr</span> <span class='ocrx_word' id='word_1_410' title='bbox 2034 3769 2095 3839; x_wconf 78' lang='lat' dir='ltr'>in.-</span> 
     </span>
     <span class='ocr_line' id='line_1_35' title="bbox 62 3866 2091 3965; baseline 0.002 -27"><span class='ocrx_word' id='word_1_411' title='bbox 62 3866 263 3961; x_wconf 89' lang='lat' dir='ltr'>perditioue</span> <span class='ocrx_word' id='word_1_412' title='bbox 282 3868 416 3957; x_wconf 90' lang='lat' dir='ltr'>nostri,</span> <span class='ocrx_word' id='word_1_413' title='bbox 438 3872 500 3941; x_wconf 92' lang='lat' dir='ltr'>sed</span> <span class='ocrx_word' id='word_1_414' title='bbox 516 3887 595 3965; x_wconf 89' lang='lat' dir='ltr'>post</span> <span class='ocrx_word' id='word_1_415' title='bbox 610 3868 799 3945; x_wconf 84' lang='lat' dir='ltr'>lachrimas</span> <span class='ocrx_word' id='word_1_416' title='bbox 814 3876 935 3946; x_wconf 87' lang='lat' dir='ltr'>reddis</span> <span class='ocrx_word' id='word_1_417' title='bbox 950 3874 1053 3946; x_wconf 87' lang='lat' dir='ltr'>laeti·</span> <span class='ocrx_word' id='word_1_418' title='bbox 1104 3871 1581 3947; x_wconf 81' lang='lat' dir='ltr'>ventorillarurnrationum</span> <span class='ocrx_word' id='word_1_419' title='bbox 1594 3886 1630 3947; x_wconf 93' lang='lat' dir='ltr'>et</span> <span class='ocrx_word' id='word_1_420' title='bbox 1644 3894 1804 3944; x_wconf 89' lang='lat' dir='ltr'>summus</span> <span class='ocrx_word' id='word_1_421' title='bbox 1818 3871 1948 3942; x_wconf 80' lang='lat' dir='ltr'>artilex</span> <span class='ocrx_word' id='word_1_422' title='bbox 1959 3870 2038 3946; x_wconf 84' lang='lat' dir='ltr'>fuit.</span> <span class='ocrx_word' id='word_1_423' title='bbox 2088 3909 2091 3913; x_wconf 91' lang='lat'>·</span> 
     </span>
     <span class='ocr_line' id='line_1_36' title="bbox 62 3967 1649 4066; baseline 0.007 -24"><span class='ocrx_word' id='word_1_424' title='bbox 62 3970 166 4042; x_wconf 88' lang='lat' dir='ltr'>ciam.</span> <span class='ocrx_word' id='word_1_425' title='bbox 232 3967 285 4041; x_wconf 87' lang='lat' dir='ltr'>Its</span> <span class='ocrx_word' id='word_1_426' title='bbox 306 3994 404 4043; x_wconf 88' lang='lat' dir='ltr'>nunc</span> <span class='ocrx_word' id='word_1_427' title='bbox 423 3973 641 4066; x_wconf 89' lang='lat' dir='ltr'>poenitentia</span> <span class='ocrx_word' id='word_1_428' title='bbox 665 3989 700 4047; x_wconf 91' lang='lat' dir='ltr'>et</span> <span class='ocrx_word' id='word_1_429' title='bbox 720 4000 803 4047; x_wconf 87' lang='lat' dir='ltr'>vera</span> <span class='ocrx_word' id='word_1_430' title='bbox 828 3977 1054 4048; x_wconf 82' lang='lat' dir='ltr'>invocatione</span> <span class='ocrx_word' id='word_1_431' title='bbox 1645 4022 1649 4031; x_wconf 92' lang='lat'>·</span> 
     </span>
     <span class='ocr_line' id='line_1_37' title="bbox 61 4070 2097 4171; baseline 0.001 -29"><span class='ocrx_word' id='word_1_432' title='bbox 61 4072 202 4143; x_wconf 88' lang='lat' dir='ltr'>llectere</span> <span class='ocrx_word' id='word_1_433' title='bbox 217 4095 299 4143; x_wconf 88' lang='lat' dir='ltr'>enm</span> <span class='ocrx_word' id='word_1_434' title='bbox 313 4073 536 4161; x_wconf 88' lang='lat' dir='ltr'>studeamus,</span> <span class='ocrx_word' id='word_1_435' title='bbox 559 4090 600 4148; x_wconf 91' lang='lat' dir='ltr'>nt</span> <span class='ocrx_word' id='word_1_436' title='bbox 613 4070 677 4148; x_wconf 87' lang='lat' dir='ltr'>has</span> <span class='ocrx_word' id='word_1_437' title='bbox 691 4073 866 4171; x_wconf 83' lang='lat' dir='ltr'>Ecclesias</span> <span class='ocrx_word' id='word_1_438' title='bbox 880 4093 915 4150; x_wconf 93' lang='lat' dir='ltr'>et</span> <span class='ocrx_word' id='word_1_439' title='bbox 931 4102 1052 4149; x_wconf 89' lang='lat' dir='ltr'>earum</span> <span class='ocrx_word' id='word_1_440' title='bbox 1205 4071 1265 4148; x_wconf 79' lang='lat' dir='ltr'>Aa</span> <span class='ocrx_word' id='word_1_441' title='bbox 1288 4075 1478 4150; x_wconf 87' lang='lat' dir='ltr'>secundam</span> <span class='ocrx_word' id='word_1_442' title='bbox 1496 4073 1737 4170; x_wconf 89' lang='lat' dir='ltr'>quaestionem</span> <span class='ocrx_word' id='word_1_443' title='bbox 1757 4075 1955 4168; x_wconf 88' lang='lat' dir='ltr'>respondeo</span> <span class='ocrx_word' id='word_1_444' title='bbox 1976 4072 2097 4146; x_wconf 84' lang='lat' dir='ltr'>verbis</span> 
     </span>
     <span class='ocr_line' id='line_1_38' title="bbox 62 4167 2095 4275; baseline 0 -30"><span class='ocrx_word' id='word_1_445' title='bbox 62 4168 217 4265; x_wconf 89' lang='lat' dir='ltr'>hospitia</span> <span class='ocrx_word' id='word_1_446' title='bbox 232 4187 365 4260; x_wconf 85' lang='lat' dir='ltr'>servet,</span> <span class='ocrx_word' id='word_1_447' title='bbox 391 4199 457 4247; x_wconf 87' lang='lat' dir='ltr'>nec</span> <span class='ocrx_word' id='word_1_448' title='bbox 471 4179 566 4248; x_wconf 89' lang='lat' dir='ltr'>sinat</span> <span class='ocrx_word' id='word_1_449' title='bbox 580 4176 723 4250; x_wconf 84' lang='lat' dir='ltr'>vincere</span> <span class='ocrx_word' id='word_1_450' title='bbox 737 4203 816 4271; x_wconf 86' lang='lat' dir='ltr'>eos,</span> <span class='ocrx_word' id='word_1_451' title='bbox 841 4179 905 4275; x_wconf 90' lang='lat' dir='ltr'>qui</span> <span class='ocrx_word' id='word_1_452' title='bbox 919 4205 1052 4252; x_wconf 83' lang='lat' dir='ltr'>consu·</span> <span class='ocrx_word' id='word_1_453' title='bbox 1104 4173 1285 4259; x_wconf 89' lang='lat' dir='ltr'>Platonis,</span> <span class='ocrx_word' id='word_1_454' title='bbox 1318 4199 1408 4271; x_wconf 88' lang='lat' dir='ltr'>quae</span> <span class='ocrx_word' id='word_1_455' title='bbox 1430 4177 1513 4249; x_wconf 93' lang='lat' dir='ltr'>illae</span> <span class='ocrx_word' id='word_1_456' title='bbox 1532 4178 1746 4249; x_wconf 87' lang='lat' dir='ltr'>mutationes</span> <span class='ocrx_word' id='word_1_457' title='bbox 1769 4177 1876 4263; x_wconf 88' lang='lat' dir='ltr'>liant,</span> <span class='ocrx_word' id='word_1_458' title='bbox 1908 4167 2095 4271; x_wconf 80' lang='lat' dir='ltr'>quandod</span> 
     </span>
     <span class='ocr_line' id='line_1_39' title="bbox 62 4273 2096 4376; baseline 0.003 -30"><span class='ocrx_word' id='word_1_459' title='bbox 62 4289 122 4346; x_wconf 93' lang='lat' dir='ltr'>tur</span> <span class='ocrx_word' id='word_1_460' title='bbox 154 4275 254 4349; x_wconf 89' lang='lat' dir='ltr'>Idola</span> <span class='ocrx_word' id='word_1_461' title='bbox 285 4274 463 4363; x_wconf 89' lang='lat' dir='ltr'>stabilire,</span> <span class='ocrx_word' id='word_1_462' title='bbox 490 4304 600 4376; x_wconf 87' lang='lat' dir='ltr'>quae</span> <span class='ocrx_word' id='word_1_463' title='bbox 635 4275 802 4376; x_wconf 86' lang='lat' dir='ltr'>horribili</span> <span class='ocrx_word' id='word_1_464' title='bbox 836 4283 1052 4354; x_wconf 85' lang='lat' dir='ltr'>contumelia</span> <span class='ocrx_word' id='word_1_465' title='bbox 1104 4273 1265 4372; x_wconf 72' lang='grc' dir='ltr'>πυθμὴν</span> <span class='ocrx_word' id='word_1_466' title='bbox 1285 4278 1528 4372; x_wconf 88' lang='lat' dir='ltr'>sesquitertius</span> <span class='ocrx_word' id='word_1_467' title='bbox 1550 4279 1770 4371; x_wconf 86' lang='lat' dir='ltr'>triplicatur,</span> <span class='ocrx_word' id='word_1_468' title='bbox 1794 4278 1868 4351; x_wconf 82' lang='lat' dir='ltr'>sire</span> <span class='ocrx_word' id='word_1_469' title='bbox 1889 4290 1931 4367; x_wconf 88' lang='lat' dir='ltr'>ut</span> <span class='ocrx_word' id='word_1_470' title='bbox 1945 4275 2096 4353; x_wconf 80' lang='lat' dir='ltr'>Aristot.</span> 
     </span>
     <span class='ocr_line' id='line_1_40' title="bbox 60 4373 2096 4475; baseline 0 -27"><span class='ocrx_word' id='word_1_471' title='bbox 60 4373 177 4448; x_wconf 89' lang='lat' dir='ltr'>Deum</span> <span class='ocrx_word' id='word_1_472' title='bbox 199 4378 380 4450; x_wconf 84' lang='lat' dir='ltr'>adficiunt.</span> <span class='ocrx_word' id='word_1_473' title='bbox 431 4378 516 4452; x_wconf 90' lang='lat' dir='ltr'>Ideo</span> <span class='ocrx_word' id='word_1_474' title='bbox 536 4397 682 4475; x_wconf 89' lang='lat' dir='ltr'>propter</span> <span class='ocrx_word' id='word_1_475' title='bbox 702 4384 853 4473; x_wconf 76' lang='lat' dir='ltr'>gloriam</span> <span class='ocrx_word' id='word_1_476' title='bbox 871 4398 905 4455; x_wconf 91' lang='lat' dir='ltr'>et</span> <span class='ocrx_word' id='word_1_477' title='bbox 922 4385 1053 4455; x_wconf 86' lang='lat' dir='ltr'>verita·</span> <span class='ocrx_word' id='word_1_478' title='bbox 1104 4380 1276 4473; x_wconf 90' lang='lat' dir='ltr'>loquitur,</span> <span class='ocrx_word' id='word_1_479' title='bbox 1300 4382 1444 4474; x_wconf 91' lang='lat' dir='ltr'>quando</span> <span class='ocrx_word' id='word_1_480' title='bbox 1459 4402 1630 4453; x_wconf 91' lang='lat' dir='ltr'>numerus</span> <span class='ocrx_word' id='word_1_481' title='bbox 1643 4378 1905 4470; x_wconf 73' lang='lat' dir='ltr'>diagrammatis</span> <span class='ocrx_word' id='word_1_482' title='bbox 1919 4377 1993 4449; x_wconf 86' lang='lat' dir='ltr'>sive</span> <span class='ocrx_word' id='word_1_483' title='bbox 2006 4401 2096 4472; x_wconf 86' lang='lat' dir='ltr'>qua·</span> 
     </span>
     <span class='ocr_line' id='line_1_41' title="bbox 61 4477 2095 4578; baseline 0.001 -30"><span class='ocrx_word' id='word_1_484' title='bbox 61 4490 133 4549; x_wconf 89' lang='lat' dir='ltr'>tem</span> <span class='ocrx_word' id='word_1_485' title='bbox 161 4493 259 4550; x_wconf 89' lang='lat' dir='ltr'>tuam</span> <span class='ocrx_word' id='word_1_486' title='bbox 288 4494 429 4552; x_wconf 88' lang='lat' dir='ltr'>aeterne</span> <span class='ocrx_word' id='word_1_487' title='bbox 449 4479 549 4556; x_wconf 89' lang='lat' dir='ltr'>Deus</span> <span class='ocrx_word' id='word_1_488' title='bbox 570 4507 638 4559; x_wconf 91' lang='lat' dir='ltr'>uos</span> <span class='ocrx_word' id='word_1_489' title='bbox 659 4498 802 4578; x_wconf 69' lang='lat' dir='ltr'>protege</span> <span class='ocrx_word' id='word_1_490' title='bbox 826 4500 861 4558; x_wconf 90' lang='lat' dir='ltr'>et</span> <span class='ocrx_word' id='word_1_491' title='bbox 882 4488 1052 4578; x_wconf 78' lang='lat' dir='ltr'>guberna.</span> <span class='ocrx_word' id='word_1_492' title='bbox 1104 4480 1270 4570; x_wconf 80' lang='lat' dir='ltr'>dranguli</span> <span class='ocrx_word' id='word_1_493' title='bbox 1293 4482 1332 4552; x_wconf 83' lang='lat' dir='ltr'>bt</span> <span class='ocrx_word' id='word_1_494' title='bbox 1351 4482 1507 4568; x_wconf 91' lang='lat' dir='ltr'>solidus,</span> <span class='ocrx_word' id='word_1_495' title='bbox 1533 4477 1687 4568; x_wconf 80' lang='lat' dir='ltr'>horest,</span> <span class='ocrx_word' id='word_1_496' title='bbox 1715 4480 1815 4556; x_wconf 75' lang='lat'><strong>172⁸</strong></span> <span class='ocrx_word' id='word_1_497' title='bbox 1830 4480 1947 4553; x_wconf 77' lang='lat' dir='ltr'>annis.</span> <span class='ocrx_word' id='word_1_498' title='bbox 1997 4477 2095 4551; x_wconf 87' lang='lat' dir='ltr'>Haec</span> 
     </span>
     <span class='ocr_line' id='line_1_42' title="bbox 60 4577 2096 4677; baseline 0 -25"><span class='ocrx_word' id='word_1_499' title='bbox 60 4577 156 4652; x_wconf 87' lang='lat' dir='ltr'>Dixi.</span> <span class='ocrx_word' id='word_1_500' title='bbox 807 4626 811 4632; x_wconf 94' lang='lat'><em>-</em></span> <span class='ocrx_word' id='word_1_501' title='bbox 965 4603 969 4609; x_wconf 76' lang='grc'>’</span> <span class='ocrx_word' id='word_1_502' title='bbox 1012 4624 1014 4630; x_wconf 92' lang='grc'><strong>-</strong></span> <span class='ocrx_word' id='word_1_503' title='bbox 1104 4596 1145 4655; x_wconf 91' lang='lat' dir='ltr'>ut</span> <span class='ocrx_word' id='word_1_504' title='bbox 1174 4584 1413 4675; x_wconf 86' lang='lat' dir='ltr'>explicentur,</span> <span class='ocrx_word' id='word_1_505' title='bbox 1442 4598 1477 4656; x_wconf 91' lang='lat' dir='ltr'>et</span> <span class='ocrx_word' id='word_1_506' title='bbox 1503 4596 1686 4677; x_wconf 87' lang='lat' dir='ltr'>appareat,</span> <span class='ocrx_word' id='word_1_507' title='bbox 1717 4606 1807 4654; x_wconf 90' lang='lat' dir='ltr'>num</span> <span class='ocrx_word' id='word_1_508' title='bbox 1830 4577 1917 4654; x_wconf 89' lang='lat' dir='ltr'>baec</span> <span class='ocrx_word' id='word_1_509' title='bbox 1938 4596 2032 4653; x_wconf 87' lang='lat' dir='ltr'>recte</span> <span class='ocrx_word' id='word_1_510' title='bbox 2052 4604 2096 4652; x_wconf 89' lang='lat' dir='ltr'>ex</span> 
     </span>
     <span class='ocr_line' id='line_1_43' title="bbox 662 4683 2096 4779; baseline -0.001 -25"><span class='ocrx_word' id='word_1_511' title='bbox 662 4772 664 4776; x_wconf 6' lang='grc' dir='ltr'>μ</span> <span class='ocrx_word' id='word_1_512' title='bbox 1104 4684 1277 4756; x_wconf 90' lang='lat' dir='ltr'>sententia</span> <span class='ocrx_word' id='word_1_513' title='bbox 1302 4683 1463 4756; x_wconf 88' lang='lat' dir='ltr'>Platonis</span> <span class='ocrx_word' id='word_1_514' title='bbox 1493 4685 1747 4779; x_wconf 86' lang='lat' dir='ltr'>protulerimus</span> <span class='ocrx_word' id='word_1_515' title='bbox 1776 4704 1917 4753; x_wconf 89' lang='lat' dir='ltr'>necesse</span> <span class='ocrx_word' id='word_1_516' title='bbox 1944 4693 1995 4752; x_wconf 90' lang='lat' dir='ltr'>est</span> <span class='ocrx_word' id='word_1_517' title='bbox 2027 4703 2096 4753; x_wconf 91' lang='lat' dir='ltr'>uos</span> 
     </span>
     <span class='ocr_line' id='line_1_44' title="bbox 216 4779 2096 4903; baseline -0.001 -50"><span class='ocrx_word' id='word_1_518' title='bbox 216 4805 408 4894; x_wconf 58' lang='lat' dir='ltr'>&amp;prem</span> <span class='ocrx_word' id='word_1_519' title='bbox 436 4806 652 4882; x_wconf 58' lang='lat' dir='ltr'>Mamm</span> <span class='ocrx_word' id='word_1_520' title='bbox 679 4815 895 4903; x_wconf 48' lang='lat' dir='ltr'>Bagam-3·</span> <span class='ocrx_word' id='word_1_521' title='bbox 1104 4784 1208 4855; x_wconf 90' lang='lat' dir='ltr'>initio</span> <span class='ocrx_word' id='word_1_522' title='bbox 1231 4788 1403 4877; x_wconf 91' lang='lat' dir='ltr'>quaedam</span> <span class='ocrx_word' id='word_1_523' title='bbox 1427 4785 1599 4857; x_wconf 90' lang='lat' dir='ltr'>vocabula</span> <span class='ocrx_word' id='word_1_524' title='bbox 1624 4785 1808 4875; x_wconf 83' lang='lat' dir='ltr'>explicare.</span> <span class='ocrx_word' id='word_1_525' title='bbox 1864 4779 1988 4852; x_wconf 85' lang='lat' dir='ltr'>Primo</span> <span class='ocrx_word' id='word_1_526' title='bbox 2012 4782 2096 4876; x_wconf 91' lang='lat' dir='ltr'>qui-</span> 
     </span>
     <span class='ocr_line' id='line_1_45' title="bbox 991 4880 2100 4979; baseline -0.001 -23"><span class='ocrx_word' id='word_1_527' title='bbox 991 4960 996 4970; x_wconf 40' lang='lat'>,</span> <span class='ocrx_word' id='word_1_528' title='bbox 1103 4887 1196 4956; x_wconf 89' lang='lat' dir='ltr'>dem·</span> <span class='ocrx_word' id='word_1_529' title='bbox 1211 4880 1280 4961; x_wconf 82' lang='grc' dir='ltr'>τὸν</span> <span class='ocrx_word' id='word_1_530' title='bbox 1306 4883 1484 4979; x_wconf 76' lang='grc' dir='ltr'>πυθμένα</span> <span class='ocrx_word' id='word_1_531' title='bbox 1513 4910 1589 4956; x_wconf 94' lang='lat' dir='ltr'>non</span> <span class='ocrx_word' id='word_1_532' title='bbox 1617 4898 1711 4955; x_wconf 89' lang='lat' dir='ltr'>recte</span> <span class='ocrx_word' id='word_1_533' title='bbox 1740 4896 1925 4954; x_wconf 86' lang='lat' dir='ltr'>verterunt</span> <span class='ocrx_word' id='word_1_534' title='bbox 1948 4884 2100 4972; x_wconf 88' lang='lat' dir='ltr'>cubum,</span> 
     </span>
     <span class='ocr_line' id='line_1_46' title="bbox 161 4976 2094 5079; baseline 0.002 -26"><span class='ocrx_word' id='word_1_535' title='bbox 161 4982 280 5054; x_wconf 84' lang='lat' dir='ltr'>Verba</span> <span class='ocrx_word' id='word_1_536' title='bbox 307 4980 469 5051; x_wconf 90' lang='lat' dir='ltr'>Platonis</span> <span class='ocrx_word' id='word_1_537' title='bbox 505 4980 544 5052; x_wconf 90' lang='lat' dir='ltr'>in</span> <span class='ocrx_word' id='word_1_538' title='bbox 579 4996 705 5067; x_wconf 82' lang='lat' dir='ltr'>octavo</span> <span class='ocrx_word' id='word_1_539' title='bbox 731 4990 945 5060; x_wconf 76' lang='grc' dir='ltr'><strong>πολιτικῶνε</strong></span> <span class='ocrx_word' id='word_1_540' title='bbox 995 4976 1053 5059; x_wconf 78' lang='grc' dir='ltr'>ὧν</span> <span class='ocrx_word' id='word_1_541' title='bbox 1103 4987 1220 5079; x_wconf 86' lang='lat' dir='ltr'>ipsum</span> <span class='ocrx_word' id='word_1_542' title='bbox 1247 4987 1343 5057; x_wconf 90' lang='lat' dir='ltr'>enim</span> <span class='ocrx_word' id='word_1_543' title='bbox 1367 4987 1579 5058; x_wconf 89' lang='lat' dir='ltr'>vocabulum</span> <span class='ocrx_word' id='word_1_544' title='bbox 1604 4984 1746 5078; x_wconf 90' lang='lat' dir='ltr'>proprie</span> <span class='ocrx_word' id='word_1_545' title='bbox 1767 4984 1941 5076; x_wconf 78' lang='lat' dir='ltr'>significat</span> <span class='ocrx_word' id='word_1_546' title='bbox 1962 4986 2094 5057; x_wconf 85' lang='lat' dir='ltr'>funda·</span> 
     </span>
     <span class='ocr_line' id='line_1_47' title="bbox 60 5075 2093 5188; baseline -0.001 -30"><span class='ocrx_word' id='word_1_547' title='bbox 60 5078 243 5178; x_wconf 76' lang='grc' dir='ltr'><strong><em>ἐπίτριτος</em></strong></span> <span class='ocrx_word' id='word_1_548' title='bbox 268 5075 429 5176; x_wconf 81' lang='grc' dir='ltr'>πυθμὴν</span> <span class='ocrx_word' id='word_1_549' title='bbox 456 5077 644 5176; x_wconf 80' lang='grc' dir='ltr'>πεμπτάδι</span> <span class='ocrx_word' id='word_1_550' title='bbox 669 5083 855 5188; x_wconf 67' lang='grc' dir='ltr'><em>συζυγεὶς,</em></span> <span class='ocrx_word' id='word_1_551' title='bbox 888 5081 959 5160; x_wconf 79' lang='lat' dir='ltr'>delo</span> <span class='ocrx_word' id='word_1_552' title='bbox 982 5081 1051 5181; x_wconf 80' lang='lat' dir='ltr'>cip-</span> <span class='ocrx_word' id='word_1_553' title='bbox 1102 5099 1263 5158; x_wconf 91' lang='lat' dir='ltr'>mentum</span> <span class='ocrx_word' id='word_1_554' title='bbox 1277 5111 1340 5158; x_wconf 91' lang='lat' dir='ltr'>seu</span> <span class='ocrx_word' id='word_1_555' title='bbox 1353 5090 1525 5171; x_wconf 87' lang='lat' dir='ltr'>lundam,</span> <span class='ocrx_word' id='word_1_556' title='bbox 1549 5087 1623 5155; x_wconf 89' lang='lat' dir='ltr'>sive</span> <span class='ocrx_word' id='word_1_557' title='bbox 1636 5099 1830 5158; x_wconf 79' lang='lat' dir='ltr'>extremum</span> <span class='ocrx_word' id='word_1_558' title='bbox 1846 5087 1996 5158; x_wconf 90' lang='lat' dir='ltr'>alicuius</span> <span class='ocrx_word' id='word_1_559' title='bbox 2014 5111 2093 5157; x_wconf 89' lang='lat' dir='ltr'>cor-</span> 
     </span>
     <span class='ocr_line' id='line_1_48' title="bbox 58 5180 2187 5282; baseline -0.001 -23"><span class='ocrx_word' id='word_1_560' title='bbox 58 5183 196 5281; x_wconf 75' lang='grc' dir='ltr'><strong><em>μονίας</em></strong></span> <span class='ocrx_word' id='word_1_561' title='bbox 221 5181 419 5282; x_wconf 79' lang='grc' dir='ltr'><strong><em>παρέχεται</em></strong></span> <span class='ocrx_word' id='word_1_562' title='bbox 445 5180 526 5281; x_wconf 75' lang='grc' dir='ltr'>τρὶς</span> <span class='ocrx_word' id='word_1_563' title='bbox 551 5181 737 5280; x_wconf 78' lang='grc' dir='ltr'><strong><em>αὐξηθεὶς.</em></strong></span> <span class='ocrx_word' id='word_1_564' title='bbox 798 5188 900 5277; x_wconf 90' lang='lat' dir='ltr'>Quae</span> <span class='ocrx_word' id='word_1_565' title='bbox 921 5189 1050 5258; x_wconf 90' lang='lat' dir='ltr'>deinde</span> <span class='ocrx_word' id='word_1_566' title='bbox 1102 5189 1216 5281; x_wconf 87' lang='lat' dir='ltr'>puris,</span> <span class='ocrx_word' id='word_1_567' title='bbox 1242 5191 1338 5282; x_wconf 91' lang='lat' dir='ltr'>quod</span> <span class='ocrx_word' id='word_1_568' title='bbox 1362 5212 1483 5258; x_wconf 87' lang='lat' dir='ltr'>revers</span> <span class='ocrx_word' id='word_1_569' title='bbox 1506 5212 1549 5257; x_wconf 83' lang='lat' dir='ltr'>ex</span> <span class='ocrx_word' id='word_1_570' title='bbox 1565 5184 1769 5259; x_wconf 88' lang='lat' dir='ltr'>Geometria</span> <span class='ocrx_word' id='word_1_571' title='bbox 1789 5202 1924 5260; x_wconf 87' lang='lat' dir='ltr'>constat</span> <span class='ocrx_word' id='word_1_572' title='bbox 1941 5211 2015 5259; x_wconf 89' lang='lat' dir='ltr'>esse</span> <span class='ocrx_word' id='word_1_573' title='bbox 2031 5213 2093 5258; x_wconf 91' lang='lat' dir='ltr'>su·</span> <span class='ocrx_word' id='word_1_574' title='bbox 2185 5182 2187 5186; x_wconf 40' lang='lat'><strong><em>⁴</em></strong></span> 
     </span>
     <span class='ocr_line' id='line_1_49' title="bbox 58 5285 2094 5382; baseline 0 -22"><span class='ocrx_word' id='word_1_575' title='bbox 58 5290 100 5360; x_wconf 92' lang='lat' dir='ltr'>iu</span> <span class='ocrx_word' id='word_1_576' title='bbox 124 5289 274 5361; x_wconf 91' lang='lat' dir='ltr'>Platone</span> <span class='ocrx_word' id='word_1_577' title='bbox 300 5301 517 5381; x_wconf 89' lang='lat' dir='ltr'>sequuntur,</span> <span class='ocrx_word' id='word_1_578' title='bbox 550 5289 774 5371; x_wconf 90' lang='lat' dir='ltr'>obscuriora,</span> <span class='ocrx_word' id='word_1_579' title='bbox 807 5304 848 5361; x_wconf 90' lang='lat' dir='ltr'>ut</span> <span class='ocrx_word' id='word_1_580' title='bbox 870 5290 1050 5377; x_wconf 88' lang='lat' dir='ltr'>videntur,</span> <span class='ocrx_word' id='word_1_581' title='bbox 1101 5290 1290 5382; x_wconf 88' lang='lat' dir='ltr'>perficiem.</span> <span class='ocrx_word' id='word_1_582' title='bbox 1368 5288 1596 5382; x_wconf 88' lang='lat' dir='ltr'>Quapropter</span> <span class='ocrx_word' id='word_1_583' title='bbox 1626 5291 1778 5362; x_wconf 88' lang='lat' dir='ltr'>sciamus</span> <span class='ocrx_word' id='word_1_584' title='bbox 1804 5287 1991 5361; x_wconf 89' lang='lat' dir='ltr'>Platonem</span> <span class='ocrx_word' id='word_1_585' title='bbox 2023 5285 2094 5363; x_wconf 89' lang='lat' dir='ltr'>hoc</span> 
     </span>
     <span class='ocr_line' id='line_1_50' title="bbox 60 5385 2104 5485; baseline 0.003 -25"><span class='ocrx_word' id='word_1_586' title='bbox 60 5385 144 5462; x_wconf 90' lang='lat' dir='ltr'>huie</span> <span class='ocrx_word' id='word_1_587' title='bbox 166 5389 360 5462; x_wconf 86' lang='lat' dir='ltr'>sententiae</span> <span class='ocrx_word' id='word_1_588' title='bbox 380 5389 501 5459; x_wconf 89' lang='lat' dir='ltr'>omnia</span> <span class='ocrx_word' id='word_1_589' title='bbox 524 5405 609 5461; x_wconf 90' lang='lat' dir='ltr'>sunt</span> <span class='ocrx_word' id='word_1_590' title='bbox 629 5390 787 5475; x_wconf 88' lang='lat' dir='ltr'>inclusa,</span> <span class='ocrx_word' id='word_1_591' title='bbox 820 5406 858 5463; x_wconf 91' lang='lat' dir='ltr'>ut</span> <span class='ocrx_word' id='word_1_592' title='bbox 879 5407 915 5464; x_wconf 89' lang='lat' dir='ltr'>et</span> <span class='ocrx_word' id='word_1_593' title='bbox 936 5389 1048 5468; x_wconf 83' lang='lat' dir='ltr'>Arist.</span> <span class='ocrx_word' id='word_1_594' title='bbox 1099 5392 1274 5463; x_wconf 86' lang='lat' dir='ltr'>vocabulo</span> <span class='ocrx_word' id='word_1_595' title='bbox 1303 5390 1522 5482; x_wconf 83' lang='lat' dir='ltr'>superficiem</span> <span class='ocrx_word' id='word_1_596' title='bbox 1554 5393 1738 5484; x_wconf 81' lang='lat' dir='ltr'>designare</span> <span class='ocrx_word' id='word_1_597' title='bbox 1766 5405 1800 5463; x_wconf 89' lang='lat' dir='ltr'>et</span> <span class='ocrx_word' id='word_1_598' title='bbox 1829 5391 1974 5485; x_wconf 87' lang='lat' dir='ltr'>quidem</span> <span class='ocrx_word' id='word_1_599' title='bbox 2002 5416 2104 5485; x_wconf 91' lang='lat' dir='ltr'>qua-.</span> 
     </span>
    </p>
   </div>
   <div class='ocr_carea' id='block_1_3' title="bbox 53 5487 2091 5591">
    <p class='ocr_par' dir='ltr' id='par_1_3' title="bbox 53 5487 2091 5591">
     <span class='ocr_line' id='line_1_51' title="bbox 53 5487 2091 5591; baseline 0.001 -27"><span class='ocrx_word' id='word_1_600' title='bbox 53 5492 98 5564; x_wconf 88' lang='lat' dir='ltr'>iu</span> <span class='ocrx_word' id='word_1_601' title='bbox 111 5495 240 5568; x_wconf 88' lang='lat' dir='ltr'>ultimo</span> <span class='ocrx_word' id='word_1_602' title='bbox 257 5487 896 5587; x_wconf 75' lang='lat' dir='ltr'>capquintiPoliticorurniudicavit.</span> <span class='ocrx_word' id='word_1_603' title='bbox 948 5491 1049 5586; x_wconf 87' lang='lat' dir='ltr'>Qua·</span> <span class='ocrx_word' id='word_1_604' title='bbox 1098 5494 1326 5587; x_wconf 77' lang='lat' dir='ltr'>drangulum,</span> <span class='ocrx_word' id='word_1_605' title='bbox 1358 5493 1447 5567; x_wconf 78' lang='lat' dir='ltr'>siem</span> <span class='ocrx_word' id='word_1_606' title='bbox 1474 5493 1587 5591; x_wconf 87' lang='lat' dir='ltr'>liquet</span> <span class='ocrx_word' id='word_1_607' title='bbox 1617 5520 1658 5568; x_wconf 79' lang='lat' dir='ltr'>er</span> <span class='ocrx_word' id='word_1_608' title='bbox 1686 5493 1896 5582; x_wconf 86' lang='lat' dir='ltr'>Aristotele,</span> <span class='ocrx_word' id='word_1_609' title='bbox 1929 5491 1992 5590; x_wconf 89' lang='lat' dir='ltr'>qui</span> <span class='ocrx_word' id='word_1_610' title='bbox 2021 5487 2091 5569; x_wconf 76' lang='grc' dir='ltr'>τὸν</span> 
     </span>
    </p>
   </div>
   <div class='ocr_carea' id='block_1_4' title="bbox 0 0 2378 6022">
    <p class='ocr_par' dir='ltr' id='par_1_4' title="bbox 0 0 2378 6022">
     <span class='ocr_line' id='line_1_52' title="bbox 0 0 2378 6022; baseline 0 0"><span class='ocrx_word' id='word_1_611' title='bbox 0 0 2378 6022; x_wconf 95' lang='lat' dir='ltr'> </span> 
     </span>
    </p>
   </div>
  </div>
 </body>
</html>
