4748 6022
166 173 243 247 oss
889 157 1218 255 CARMINUM
1270 157 1374 234 [ΑΒ.
1395 155 1477 236 111.
2127 156 2211 239 644

169 342 213 414 ln
230 342 331 415 cunis
345 365 491 413 examen
506 360 634 433 apum,
659 359 743 407 nam
759 335 876 407 dulcia
890 336 995 407 mella
1211 328 1280 405 Nos
1304 328 1390 406 824.
2035 363 2086 408 en.
2107 341 2212 407 1558,

221 443 409 530 Finxerat,
435 439 684 533 hoctanquam
699 463 779 508 rore
796 438 925 508 labella
940 439 1070 530 rigans.
1162 454 1178 469 ¹*
1217 427 1390 455 Μ
1785 492 1789 497 ,
2027 429 2206 462 ‘⁴⁸⁶‘

171 547 212 623 Si
226 562 260 618 te
277 545 446 619 Vincenti
459 547 637 617 delectant
652 542 757 611 mella
772 539 944 623 Platonis,
1151 606 1153 611 ,
1282 527 1366 600 ΛΡΜ
1381 526 1509 586 tineent.
1520 547 1549 601 t·
1563 529 1623 588 ¹⁰⁰·

222 650 282 721 Ad
296 673 442 721 coenam
459 649 580 719 venias
594 671 678 716 mox
692 643 796 716 Petre
810 647 912 716 docte
927 669 1053 714 meam.

593 755 625 824 7.
643 751 715 818 Idus
735 753 873 838 Aprilis,
900 751 994 817 Anno
1017 753 1113 821 1558.
1212 689 2212 791 inimaginemltevdtoct.loanns‘oBugesslsops's‘,

1599 796 1814 865 Pomercns'.

1117 974 1166 988 --
1214 938 1386 1032 Coniugis
1401 954 1443 1012 ut
1457 942 1556 1013 senio
1574 944 1726 1014 confecti
1742 968 1868 1036 corpus
1884 958 2053 1038 aquatum

309 1091 333 1161 9
942 1037 946 1046 ’
1267 1043 1346 1137 lpsa
1363 1044 1436 1114 suis
1453 1040 1610 1115 humeris
1624 1042 1762 1141 Halcyo
1776 1061 1874 1136 grata
1889 1047 1997 1137 gerit:

172 1091 347 1216 Q
895 1097 1164 1229 Q
1216 1144 1277 1218 Sic
1294 1148 1384 1216 hene
1401 1149 1634 1238 promeritum
1648 1147 1839 1219 Doctorem
1856 1146 2015 1221 Ecclesia
2031 1165 2144 1242 curet,

242 1294 325 1367 Apud
341 1294 467 1353 vincent.
478 1302 506 1366 P.
519 1295 580 1349 181.
1246 1351 1255 1370 .
1268 1243 1317 1319 Et
1331 1248 1424 1319 levet
1438 1250 1733 1421 aetatislpondera
1747 1253 1836 1321 dura
1853 1251 1941 1326 seni.

1410 1373 1435 1418 n
1467 1377 1478 1418 ι

224 1460 365 1529 Petro
403 1459 679 1549 Vincentio,
716 1451 840 1551 fratrs·
867 1461 1001 1530 σανίεε.
1028 1461 1115 1549 post
1217 1350 1414 1525 Slcsiiieii
1431 1350 2107 1549 iiteiirnciiitiatrnpiinneetraairila{iiiique

585 1581 756 1633 coenam.
1219 1552 1293 1646 Qui
1309 1555 1434 1646 procul
1450 1557 1603 1626 externis
1615 1556 1772 1649 sparsisti
1788 1558 1880 1628 fidus
1896 1558 1935 1627 in
1951 1562 2025 1631 oris

964 1654 968 1671 '
1269 1655 1364 1729 Pura
1380 1653 1567 1749 Evangelii
1582 1659 1717 1729 semina
1732 1684 1817 1730 voce
1831 1674 1903 1733 tua.

1219 1756 1273 1830 Ac
1286 1785 1350 1830 ceu
1365 1760 1541 1852 Baptistes
1554 1783 1686 1851 agnum
1702 1775 1900 1832 monstrare
1912 1765 2061 1852 solebat,

1271 1859 1428 1934 Aeteruo
1442 1856 1626 1934 Christum
1643 1865 1687 1933 de
1700 1864 1860 1954 genitore
1875 1878 2000 1936 satum.

1219 1962 1280 2036 Tu
1293 1987 1435 2060 quoque
1455 1964 1603 2036 iustifica
1618 1966 1770 2037 docuisti
1785 1989 1972 2058 agnoscere
1986 1963 2186 2060 Christum,

1269 2062 1491 2162 Aeternique
1501 2067 1612 2160 patris
1627 2091 1766 2138 sumere
1782 2070 1877 2138 dona
1892 2070 1971 2144 fide.

1220 2166 1474 2262 Fictiliumque
1489 2170 1577 2239 alias
1592 2171 1725 2242 formas
1742 2185 1800 2241 tua
1814 2172 1936 2263 lingua
1950 2171 2105 2245 Deorum

1270 2268 1430 2355 Evertit,
1456 2269 1572 2364 Papae
1588 2296 1677 2366 quas
1692 2273 1837 2345 voluere
1854 2276 1935 2345 coli.

1220 2367 1269 2444 Et
1282 2373 1382 2446 velut
1396 2373 1437 2443 in
1448 2375 1603 2466 scopulis
1620 2375 1730 2446 celsos
1747 2375 1839 2447 locat
1853 2373 1991 2471 Halcyo
2007 2379 2124 2468 nidos,

521 2548 529 2573 ἱ
554 2544 573 2565 Ψ
1269 2472 1436 2572 Hyberni
1450 2476 1584 2547 circum
1601 2503 1689 2571 quos
1702 2478 1821 2548 fremit
1836 2480 1933 2550 unda
1949 2483 2075 2553 maris:

177 2579 348 2703 Q.
974 2607 1024 2649 en.
1049 2583 1143 2645 1558.
1221 2574 1282 2650 Sic
1295 2577 1468 2697 medioin
1484 2579 1607 2699 pelago
1623 2580 1708 2649 felix
1722 2579 1792 2700 iam
1806 2579 1921 2652 Dania
1938 2581 2044 2653 nidos

248 2782 351 2837 Versus
370 2797 482 2850 grseeos
494 2778 526 2833 sd
540 2775 721 2832 Praetorium
733 2793 832 2846 quaere
847 2773 875 2827 in
891 2772 971 2844 epist.
987 2772 1052 2828 Mel.
1068 2771 1171 2831 votx.
1222 2674 1679 2857 ΤρΕόἑὶἳῖἱξξξεὲἳέχέἶ
1694 2683 2024 2880 ξὲῗῖᾓὲῑῖἑὴξζὲἶ
2141 2813 2146 2824 ·
2229 2757 2234 2769 ι

280 2870 310 2924 ¹³·
323 2851 384 2906 ⁵⁶⁶·
1272 2882 1379 2955 Nunc
1394 2885 1466 2956 vita
1481 2886 1625 2958 functus
1640 2886 1731 2956 vivis
1744 2888 1784 2956 in
1801 2911 1879 2958 arce
1898 2888 1983 2980 poli.

173 1708 253 1783 Hoc
268 1711 373 1782 etiam
389 1711 523 1783 dictum
540 1725 593 1782 est
607 1712 702 1784 inter
715 1710 918 1782 dulcissima
933 1711 1052 1793 mella,

227 1812 329 1903 Quae
346 1815 486 1906 sapiens
499 1815 605 1886 nobis
619 1814 767 1886 tradidit
781 1814 855 1907 ipse
871 1811 983 1884 Plato.

175 1911 255 1990 ὅττι
275 1919 478 2015 γεωμετρεῖ
496 1912 585 2000 θεὸς
605 1912 676 1990 αἰεὶ
697 1908 822 1988 πάντα
843 1913 1053 2012 κυβερνῶν,

226 2016 324 2090 Haec
339 2044 408 2089 vox
424 2021 462 2088 in
477 2044 584 2090 coena
601 2044 697 2091 nuuc
711 2019 838 2110 agitata
854 2043 932 2089 mea
943 2033 1004 2090 est

175 2119 231 2193 Te
247 2145 370 2193 vocem
384 2122 489 2193 nobis
504 2119 596 2194 hanc
612 2145 776 2193 enarrare
791 2121 967 2207 volebam,

227 2223 298 2296 Sed
312 2247 388 2295 cras
403 2239 443 2297 ut
457 2226 579 2296 venias
594 2223 698 2297 Petre
713 2225 842 2296 diserte
857 2237 951 2315 peto.

24 3134 30 3151 Ι
80 3250 86 3263 i
200 3183 268 3255 NO-
288 3184 377 3255 321·
1017 3181 1170 3301 'Q’
1223 3206 1289 3279 No.
1314 3207 1404 3285 326.
2046 3247 2094 3291 sn.
2120 3228 2219 3292 155⁹.

184 3281 399 3317 m
1231 3306 1403 3336 Μ
2033 3317 2211 3346 m

282 3377 365 3450 Apud
379 3375 508 3432 vincent.
522 3395 548 3449 p.
561 3374 624 3437 ξοδ.
1305 3405 1433 3465 pinam·
1451 3424 1478 3479 p·
1492 3405 1538 3462 gg·

272 3541 464 3609 ”mim
489 3531 629 3629 ''mn''
651 3535 1076 3628 ουΜΜῘΜΡΟΜΜ·
1273 3571 1498 3641 Gratiarum
1517 3570 1618 3639 actio
1630 3590 1698 3662 pro
1714 3565 1894 3669 beneficio
1910 3579 1998 3648 nats·
2011 3572 2163 3652 certos.

183 3687 354 3814 Oenixt'ps
377 3687 468 3813 55⁷⁸„
479 3688 519 3762 ἔκ
535 3682 675 3815 πᾷλέως
695 3685 814 3816 ξαλὲω
827 3711 872 3814 ,⁰⁸
887 3684 1118 3813 l‘ffflllffil‘s
1223 3713 1465 3813 Omnipotens
1482 3733 1623 3792 aeterne
1639 3717 1756 3807 Deus,
1782 3723 1845 3816 qni
1860 3739 1985 3797 cuncta
2000 3728 2137 3815 creasti,

230 3799 330 3869 erb
351 3818 509 3894 ‘parmi
535 3793 640 3887 μ’ξαῑ
657 3818 721 3864 ²⁰²⁶
743 3817 925 3890 laium
947 3797 1070 3890 λογον·
1272 3821 1401 3893 Nostra
1420 3823 1483 3893 tibi
1500 3835 1632 3913 grates,
1658 3836 1819 3915 pectora,
1845 3840 1879 3898 et
1895 3851 1957 3898 ora
1972 3844 2112 3903 sonant.

476 3940 599 4010 GM,
618 3939 658 4006 de
678 3937 888 4005 mmm,
1224 3922 1331 4013 Quod
1348 3919 1664 4015 genushumanum
1676 3950 1749 3995 non
1760 3928 1838 3998 dira
1854 3929 1893 3997 in
1907 3943 2020 4000 morte
2029 3932 2219 4031 relinquis,

1274 4024 1509 4119 Effigiemque
1523 4038 1620 4097 tuam
1636 4053 1711 4098 non
1726 4029 1870 4119 periisse
1886 4030 1986 4101 sinis.

1106 4200 1110 4206 ,
1224 4128 1295 4201 Sed
1311 4129 1457 4219 g‘natum
1474 4131 1605 4214 donas,
1631 4130 1694 4224 qui
1711 4145 1852 4201 nostros
1870 4133 1990 4204 induit
2005 4147 2113 4223 artus,

1274 4225 1343 4303 τὸν
1363 4222 1476 4330 λόγον
1501 4226 1626 4303 ἀϊδίου
1649 4229 1789 4329 πατρὸς
1809 4227 2079 4330 ὑφιστάμενον.

1223 4332 1293 4405 Hic
1311 4345 1361 4404 est
1381 4334 1576 4427 promissus
1595 4334 1756 4426 patribus
1774 4339 1986 4426 cognomine
1998 4335 2113 4430 Siloh,

1276 4435 1411 4507 Isacide
1424 4450 1548 4525 gnatos
1566 4448 1605 4506 ut
1620 4437 1792 4507 moriture
1807 4440 1922 4514 doces.
1936 4466 1939 4470 ¹

181 4516 362 4646 Q
794 4518 1068 4586 ιιι·1558·ἆ·13·
1089 4520 1172 4603 Aug.
1224 4536 1386 4632 Namque
1420 4552 1494 4610 erat
1528 4533 1588 4607 hic
1611 4533 1731 4634 χορίῳ
1757 4539 1903 4629 similis,
1933 4558 2075 4630 tenera,
2108 4559 2221 4642 atque

846 4629 866 4653 ¹
1744 4657 1889 4714 cruenta

1275 4740 1397 4813 Fascia
1412 4765 1479 4833 pro
1496 4740 1601 4811 nobis
1616 4741 1759 4814 victima
1774 4745 1918 4836 quando
1934 4747 2013 4818 fuit.

1223 4840 1385 4939 Cumque
1406 4845 1451 4917 sit
1464 4839 1662 4930 Emanuel,
1686 4869 1762 4916 non
1786 4861 1924 4919 tantum
1942 4848 2092 4922 crimina
2109 4852 2223 4943 tollit,

174 4984 325 4996 -——-
686 4982 1172 5002 ——v-——-
1276 4943 1419 5018 Gaudia
1433 4948 1495 5017 sed
1512 4947 1629 5017 reddit
1644 4971 1720 5018 non
1734 4950 1906 5022 moritura
1923 4952 2004 5043 piis.

660 5046 668 5057 '
1067 5068 1072 5072 ’
1224 5046 1374 5140 Semper
1389 5050 1489 5121 adest
1503 5049 1626 5136 nobis,
1649 5073 1787 5143 semper
1809 5053 1879 5125 sibi
1895 5054 2030 5146 colligit
2044 5079 2185 5148 agmen,

178 5112 360 5243 Q
992 5119 1173 5239 Q·
1275 5148 1424 5222 Aeterni
1437 5144 1546 5253 λόγος
1560 5147 1639 5238 hic,
1663 5153 1744 5225 viva
1759 5169 1795 5226 et
1810 5155 1926 5247 imago
1942 5158 2064 5250 patris.

346 5315 352 5329 ,
391 5310 398 5327 ,
439 5310 476 5327 ,,
534 5331 544 5350 ο
794 5315 800 5329 ,
955 5315 974 5346 ‚‚
1224 5246 1330 5324 Ores
1344 5254 1543 5340 mirandas,
1568 5257 1732 5328 mirando
1747 5258 1889 5327 loedere
1902 5259 2023 5332 iuncta
2039 5276 2091 5334 est

247 5312 544 5453 pritinmi'liffii,
561 5312 1065 5455 appruerpppgpgprpspegmoc.,
1089 5330 1172 5385 qoam
1275 5353 1436 5428 Humani
1449 5359 1588 5449 generis
1602 5359 1772 5451 languida
1789 5383 1904 5432 massa
1916 5361 2003 5434 Deo.

273 4067 379 4146 “orn
393 4066 527 4161 χρεῖαν
547 4061 638 4156 ἔχεις
656 4057 791 4148 τεύξεις
812 4063 928 4137 αἰτῶν

335 4166 437 4268 παρὰ
454 4171 624 4265 χριστοῦ.

252 4725 370 4783 Versus:
394 4724 461 4796 Ipse
480 4743 533 4850 εἶα
546 4723 677 4793 qudquid
690 4738 739 4774 ero
757 4730 829 4790 eto,
847 4739 947 4804 qunsere
968 4718 997 4775 in
1014 4722 1081 4779 Mel.
1095 4723 1174 4796 epist.

288 4797 349 4854 Vol.
365 4797 400 4854 Χ.
418 4816 445 4871 p.
457 4798 491 4852 58
509 4834 516 4852 .
531 4807 558 4852 et
571 4815 599 4867 p.
612 4795 674 4851 911.
692 4820 727 4835 -
765 4789 924 4847 Vincentius
936 4809 983 4848 sos
997 4811 1053 4848 non
1067 4794 1156 4852 habet.
