4748 6022
110 136 185 242 sor
470 156 727 236 scarrra
760 157 837 234 ao
870 155 1065 233 virtu
1096 155 1172 233 ar
1204 154 1443 236 omruu
1483 161 1782 247 usuraria
2063 173 2142 245 202

108 352 181 420 tur,
205 354 281 402 non
298 342 417 401 tamen
432 331 494 400 ille
509 333 691 404 doctrinae
706 331 876 418 studium,
902 355 976 403 non
994 331 1102 402 serias
1152 327 1287 405 Christi
1302 335 1509 405 redemtoris
1523 361 1664 424 vocem,
1689 343 1751 434 qui
1765 330 1987 412 tolerabilius
2003 364 2076 412 esse
2091 342 2143 412 ait

109 434 360 507 meditationes
393 447 427 504 ct
457 434 684 524 scriptiones,
724 458 798 504 non
832 418 1101 524 explicationem
1150 434 1276 504 inimo
1294 437 1384 504 mari
1397 437 1588 526 submergi,
1604 463 1711 532 quam
1727 443 1850 514 saltem
1868 468 1979 514 unum
1994 445 2038 515 dc
2057 466 2140 536 par·

109 536 401 631 gravissimorum
437 537 640 624 dogmatum
680 537 905 619 omittebat,
941 531 1100 606 Luthcro

107 640 271 712 assiduus
288 637 431 707 adiutor
446 637 525 720 fuit,
549 660 630 706 cum
646 637 684 706 in
698 639 778 707 aliis
794 636 996 723 laboribus,
1023 651 1098 707 tum

108 758 144 815 et
159 743 198 811 in
208 762 387 809 sacrorum
398 734 600 807 Bibliorum
614 740 855 827 translatione,
871 762 962 832 quac
970 762 1098 829 magno

91 836 248 937 ‘aliquot
267 862 442 909 annorum
466 837 589 909 labore
611 841 781 913 instructa
805 855 838 912 ct
860 841 1012 932 perfecta
1035 853 1096 910 est.

107 944 265 1038 Fuitque
281 943 373 1011 inter
389 963 461 1024 eos,
477 942 563 1011 dum
581 940 665 1014 vixit
680 939 870 1022 Lutherus,
892 942 1097 1013 coniunctio

108 1049 192 1141 plus
208 1069 312 1140 quam
335 1042 508 1129 fraterna,
534 1045 608 1134 ipse
630 1044 725 1113 enim
739 1040 937 1116 Lutherum
954 1067 1095 1115 revere-

108 1152 233 1232 batur,
266 1161 300 1216 ct
321 1145 367 1213 ab
396 1145 473 1236 ipso
497 1143 652 1215 vicissim
677 1146 768 1217 serio
800 1160 905 1240 atque
929 1147 1097 1217 ardenter

104 1250 332 1340 diligebatur,
357 1245 504 1316 luerunt
519 1246 663 1340 quidem
682 1248 866 1333 intereos,
892 1260 933 1319 ut
948 1246 986 1315 fit
1002 1247 1096 1316 inter

104 1347 270 1421 homiues
295 1349 416 1443 doctos
441 1347 622 1417 veritatem
656 1349 876 1442 inquirentes
900 1347 1094 1441 aliquando

105 1455 199 1524 iuter
218 1450 472 1542 disputandum
495 1449 765 1542 disceptationes
787 1452 979 1545 quaedam,
1004 1451 1094 1519 seria

106 1553 298 1638 dissensio,
332 1552 429 1645 quod
453 1563 547 1620 certo
577 1553 670 1633 scio,
707 1577 890 1646 nunqnam
917 1551 996 1624 luit.
1046 1546 1093 1620 Et

103 1667 277 1751 quantum
304 1653 420 1744 ipsum
449 1655 576 1723 amarit
597 1649 776 1726 Lutherus
804 1656 888 1723 inde
915 1651 1093 1725 aestimari

101 1769 233 1850 potest,
258 1752 351 1825 Cum
368 1747 556 1845 Philippus
574 1753 777 1827 Wimariac
796 1758 833 1825 in
849 1757 1014 1825 morbum
1029 1779 1092 1846 pe-

101 1859 296 1930 riculosum
324 1853 523 1941 incidisset,
556 1883 627 1952 quo
658 1859 751 1931 intra
783 1881 912 1950 paucos
940 1857 1017 1927 dies
1040 1857 1090 1927 ita

100 1960 392 2037 consumebatur,
419 1971 460 2027 ut
473 1956 543 2026 iam
558 1983 681 2029 omnes
697 1962 825 2031 devita
842 1961 952 2050 ipsius
967 1959 1090 2048 despe-

98 2076 243 2144 rarent,
272 2060 461 2130 accersitur
482 2059 654 2150 principis
676 2061 774 2131 iussu
795 2055 993 2144 Lutherus,
1027 2060 1089 2152 qui

87 2177 234 2260 quanta
256 2162 370 2255 potuit
387 2160 563 2227 celeritate
579 2162 654 2230 dies
672 2177 706 2230 et
726 2174 847 2230 noctes
862 2157 1090 2243 iterfaciens,

99 2268 145 2337 ad
171 2290 253 2336 cum
276 2261 390 2329 venit:
423 2283 574 2351 cumque
597 2261 646 2330 ita
659 2264 702 2331 ad
720 2277 914 2331 extremum
929 2272 1090 2331 attenua-

100 2383 178 2439 tum
197 2368 342 2447 videret,
367 2372 406 2430 ut
423 2376 560 2452 praeter
574 2386 708 2448 vocem,
736 2386 882 2456 eamque
899 2362 1002 2432 valde
1015 2360 1089 2429 exi-

98 2472 191 2548 lem,
217 2465 356 2534 nullum
373 2461 465 2530 vitae
485 2461 657 2534 indicium
674 2466 827 2557 amplius
843 2463 971 2557 reliqui
988 2476 1088 2547 esset,

99 2596 182 2642 cum
203 2566 337 2658 gemitu
360 2577 395 2634 et
410 2561 562 2632 lacrimis
584 2563 772 2652 exclamat,
797 2561 867 2634 heu
884 2589 990 2659 quam
1006 2587 1088 2656 pre-

99 2675 248 2747 ciosum,
277 2681 310 2736 et
324 2661 500 2734 Ecclesiae
514 2666 602 2736 utilc
616 2692 788 2758 organum
802 2667 964 2736 divinum
982 2690 1087 2759 quam

96 2773 227 2844 rniserc
243 2768 347 2839 nobis
359 2779 415 2837 est
430 2765 605 2853 affectum,
633 2783 667 2848 ct
682 2794 770 2860 pene
785 2769 932 2841 interiit.
975 2766 1087 2836 Cum-

99 2900 171 2969 que
186 2874 300 2964 ipsum
316 2882 452 2940 tantum
469 2869 663 2953 saltitasset,
689 2872 805 2944 statim
823 2871 860 2939 in
872 2893 985 2961 genua
1002 2892 1085 2960 pro·

98 2976 282 3052 cumbens,
309 2993 410 3040 orare
424 2971 550 3060 coepit.
589 2971 728 3042 Scimus
743 2987 858 3043 autem
875 2995 979 3066 quam
997 2969 1086 3039 scria

97 3091 137 3148 et
161 3080 288 3145 ardens
318 3071 427 3142 suerit
448 3068 600 3140 Luthcri
630 3075 799 3166 precatio,
833 3098 923 3167 quae
948 3084 981 3141 ct
1001 3085 1087 3141 tunc

96 3175 231 3268 Philip.
246 3174 345 3269 quasi
364 3172 513 3253 emedio
536 3191 649 3245 morte
670 3190 852 3246 revocatus
867 3173 1086 3246 credebatur.

202 3279 364 3349 Tandem
385 3298 478 3364 ,cum
511 3272 690 3349 Lutherus
717 3301 858 3348 cursum
886 3300 988 3373 suurn
1016 3277 1085 3344 iam

96 3381 320 3455 coniecisset:
348 3389 383 3446 et
403 3373 499 3445 Deus
524 3377 639 3469 ipsum
661 3404 702 3469 ex
722 3376 785 3451 hac
803 3378 944 3451 mortali
961 3377 1031 3446 vita
1046 3377 1086 3444 in

96 3484 198 3554 illam
221 3482 403 3552 coelestem
429 3472 586 3547 scholam
610 3497 805 3566 evocasset,
838 3480 993 3548 vidimus
1015 3501 1085 3569 qua

96 3587 226 3678 pietate
247 3581 428 3652 interitum
451 3581 574 3651 tulerit
595 3576 799 3674 Philippos,
825 3582 955 3674 quibus
975 3580 1085 3646 bene·

92 3688 185 3758 liciis
202 3686 345 3754 viduam
367 3682 523 3749 relictam
546 3695 581 3752 et
604 3684 735 3751 liberos
750 3678 903 3752 Lutheri
925 3678 1084 3749 cumula-

93 3789 198 3859 verit.
251 3784 373 3875 quoc
399 3783 593 3874 quidquam
617 3798 694 3873 post
714 3779 864 3853 Luthcri
886 3780 1083 3863 interitum,

95 3893 149 3960 vel
170 3891 209 3957 in
226 3885 386 3956 doctriua
404 3883 457 3949 vel
482 3885 690 3953 ceremoniis
707 3899 881 3955 mutatum
899 3898 961 3954 cst.
1014 3880 1082 3951 Sed

93 3994 214 4064 statim
239 3999 397 4056 sccntum
419 3998 469 4054 est
489 3983 577 4054 illud
600 3986 839 4057 tristissimum
869 3985 1019 4066 bellum,
1044 3982 1083 4052 Si

23 4138 27 4143 -
92 4097 132 4164 id
148 4116 286 4169 secuto,
312 4087 401 4156 sicut
423 4087 482 4169 fit,
509 4087 646 4180 aliquid
664 4089 824 4172 attraxit,
851 4112 924 4157 uon
943 4088 979 4155 id
995 4080 1084 4154 Phi-

91 4196 190 4287 lippo
207 4190 455 4283 imputandum
472 4202 535 4271 est,
560 4191 621 4257 sed
637 4191 755 4280 potius
769 4204 966 4282 temporum
983 4208 1084 4277 aspe-

91 4297 208 4381 ritati,
236 4291 312 4365 Etsi
335 4293 374 4359 in
396 4287 516 4360 schola
540 4303 574 4360 et
588 4287 774 4376 Ecclesiis,
801 4305 842 4362 ut
856 4290 949 4374 dixi,
974 4290 1084 4358 bene-

89 4399 172 4468 ficio
194 4396 282 4475 Dei,
316 4393 499 4463 doctrinae
521 4393 576 4460 vel
607 4394 888 4463 ceremoniarum
914 4391 1087 4461 mutatio-·

91 4523 175 4569 nem
192 4497 327 4567 nullam
347 4495 511 4563 vidimus.
565 4491 724 4565 Excitata
750 4495 878 4565 deinde
899 4508 1003 4585 sunt,
1025 4492 1082 4560 in-

90 4604 242 4690 stigante
264 4595 437 4679 Diabolo,
464 4596 608 4664 dissidia
634 4609 668 4667 et
692 4598 882 4667 certamina
904 4596 999 4666 inter
1017 4597 1080 4664 do·

91 4716 220 4787 centes,
244 4725 334 4793 quae
348 4698 409 4792 qui
425 4711 622 4781 moverunt,
649 4724 754 4792 quam
773 4723 895 4789 graves
911 4711 945 4768 ct
959 4718 1081 4766 neces-

91 4805 202 4873 sarias
217 4824 337 4872 causas
362 4798 552 4870 habuerint
575 4801 640 4892 ipsi
658 4803 830 4885 viderint,
856 4814 891 4869 et
909 4822 973 4868 nos
992 4792 1082 4866 nihil

89 4907 190 4976 aliud
207 4905 277 4973 illis
295 4925 512 4993 precamura
528 4898 615 4983 Deo,
633 4928 739 4996 quam
756 4918 795 4973 ut
812 4903 903 4972 serio
918 4899 1083 4978 sentiant,

90 5007 178 5102 quid
195 5005 360 5090 iecerint,
385 5005 481 5097 quod
500 5002 564 5071 ista
585 4997 750 5074 horribili
770 5002 998 5072 distractione
1014 4997 1083 5069 Ec-

88 5110 212 5182 clesias
236 5109 452 5188 lacerarunt,
476 5116 509 5174 et
526 5103 564 5171 in
580 5112 651 5173 tam
667 5106 789 5174 multis
808 5106 948 5195 piorum
963 5127 1003 5172 ac
1020 5104 1083 5169 bo-

87 5238 223 5283 norum
237 5207 425 5280 hominum
448 5207 614 5276 cordibus
630 5204 805 5297 Spiritum
821 5217 982 5275 sanctum
1003 5226 1090 5294 per-.

86 5317 295 5390 turbarunt.
361 5307 527 5409 Cogitcut
564 5308 758 5405 aliquando
794 5301 886 5378 hauc
924 5328 1082 5376 severam

1154 537 1320 607 vulorum
1335 559 1437 628 grege
1455 539 1646 610 offendere

1248 666 1315 739 Est
1347 686 1464 741 autem
1499 671 1536 740 in
1572 668 1628 743 his
1664 678 1917 749 certaminibus
1949 672 2137 773 Philippus

1127 784 1285 863 praeter
1311 773 1476 845 meritum
1512 796 1616 844 suum
1649 776 1880 850 inclementer
1905 791 2066 874 acceptus
2091 783 2136 852 ab

1145 872 1216 940 illis
1232 872 1435 964 praecipue,
1459 898 1548 967 quos
1571 877 1644 969 ipsc
1663 879 1786 955 evexit.
1839 880 1985 953 Summa
1995 882 2135 973 ¹peccati

1145 967 1230 1042 hacc
1256 987 1323 1059 est,
1350 978 1445 1068 quod
1471 976 1641 1046 leniorem
1665 994 1742 1071 post
1758 983 1891 1052 bellum
1908 996 1942 1051 et
1959 1006 2034 1051 non
2050 981 2134 1054 satis

1143 1076 1403 1146 tumultuosum
1428 1077 1536 1147 fuisse
1559 1080 1693 1155 dicunt.
1750 1081 1930 1178 Quodque
1955 1085 2133 1156 consulta·

1145 1178 1305 1246 tionibus
1322 1178 1494 1266 interfuit,
1521 1181 1703 1274 inquibus
1722 1198 1841 1255 utrum
1857 1184 1992 1281 aliquid
2007 1189 2134 1256 adver·

1143 1278 1244 1348 sariis
1258 1279 1403 1349 concedi
1420 1295 1536 1372 posset
1551 1283 1749 1376 quaesitum
1767 1300 1830 1361 est.

1244 1413 1288 1485 lu
1312 1411 1473 1510 hisquae
1494 1417 1601 1489 fuerit
1624 1418 1700 1491 tius
1717 1436 1883 1493 constans
1907 1435 1941 1492 et
1964 1437 2131 1514 perpetua

1143 1517 1314 1588 sententia
1343 1520 1426 1589 satis
1459 1521 1713 1609 exponiturin
1736 1523 1830 1593 libro
1856 1536 2059 1595 nostrorum
2085 1525 2130 1593 dc

1083 1653 1091 1668 ·
1142 1619 1227 1689 actis
1242 1619 1449 1713 Synodicis,
1474 1635 1509 1690 et
1528 1635 1677 1719 testatur
1698 1625 1845 1716 repetita
1871 1639 1949 1718 post
1968 1648 2026 1695 eas
2041 1647 2130 1695 con-

1141 1720 1348 1792 sultationes
1371 1721 1703 1810 confessionostra,
1726 1727 1858 1821 aliique
1881 1725 1965 1797 libri
1978 1728 2130 1796 eandem
2204 1741 2206 1745 ‘

1141 1823 1339 1894 doctrinam
1357 1823 1597 1907 continentes,
1622 1826 1753 1921 quibus
1770 1828 1871 1900 facile
1893 1827 2029 1921 placari·
2047 1848 2130 1919 pos-

1141 1938 1237 2011 sent,
1270 1925 1301 1995 si
1320 1924 1497 1994 sanabiles
1522 1941 1649 2005 esseut.
1708 1928 1788 2020 Qua
1813 1955 1898 2000 vero
1925 1929 2071 2002 lenitate
2094 1939 2130 1999 et

1139 2025 1250 2095 animi
1265 2025 1450 2098 tolerantia
1464 2025 1609 2097 illorum
1625 2029 1848 2120 importunos
1864 2033 2045 2115 clamores,
2070 2029 2129 2099 in·

1139 2127 1249 2195 iurias
1270 2140 1306 2196 et
1326 2110 1558 2197 contumelias
1588 2131 1726 2216 tulerit,
1759 2146 1791 2203 ct
1813 2157 1881 2227 qua
1902 2134 2036 2203 interea
2059 2130 2129 2198 lide

1139 2240 1246 2318 atque
1276 2226 1479 2298 assiduitate
1512 2229 1669 2299 veritatis
1702 2233 1900 2303 doctrinam
1935 2252 2129 2324 propagare

1140 2328 1351 2419 perrexerit,
1383 2351 1506 2397 omncs
1526 2330 1709 2416 novimus,
1742 2330 1820 2403 Hoc
1836 2346 1954 2403 autem
1978 2330 2128 2403 consilio

1139 2429 1249 2500 tacuit
1273 2443 1308 2499 et
1331 2429 1379 2498 ita
1400 2451 1437 2499 se
1461 2429 1641 2520 proscindi
1663 2456 1784 2524 passus
1799 2449 1867 2520 est,
1892 2433 1976 2528 qoia
1992 2434 2127 2527 praeci·

1140 2532 1224 2600 dere
1246 2529 1361 2599 voluit
1383 2530 1581 2599 occasiones
1599 2533 1774 2605 maiorum
1797 2536 2028 2606 certaminum
2051 2558 2126 2604 uon

1139 2630 1428 2702 necessariorum.
1491 2629 1588 2702 Vicit
1612 2657 1693 2724 ergo
1723 2636 1822 2721 illos,
1854 2651 1895 2709 ut
1926 2661 2042 2727 novo,
2078 2637 2127 2707 ita

1141 2733 1352 2824 pulcerrimo
1368 2754 1495 2821 genere
1507 2734 1694 2822 victoriae,
1716 2762 1843 2830 nempe
1858 2738 1998 2808 silentio
2012 2752 2047 2807 et
2063 2762 2126 2828 pa-

1139 2834 1283 2921 tientia,
1309 2835 1405 2904 iuxta
1421 2835 1572 2905 dictum:
1602 2832 1643 2905 ln
1660 2836 1802 2909 silentio
1823 2855 1857 2912 et
1872 2864 1932 2933 spe
1952 2841 2125 2911 fortitudo

1140 2949 1265 3009 vestra.
1316 2933 1387 3006 Sed
1412 2937 1456 3005 de
1480 2933 1535 3005 his
1559 2942 1808 3012 controversiis
1831 2965 1910 3015 cum
1938 2941 2066 3033 scripta
2091 2953 2127 3011 et

1138 3037 1318 3128 apologiae
1333 3049 1536 3107 nostrorum
1551 3040 1657 3130 volgo
1673 3056 1808 3129 extent,
1832 3043 1961 3136 quibus
1985 3042 2054 3112 sibi
2069 3038 2131 3111 sa-'

1135 3140 1259 3209 tisberi
1277 3138 1476 3231 patientur,
1500 3140 1615 3233 siqui
1639 3159 1723 3215 suut
1738 3147 1931 3225 sanabiles,
1957 3166 2126 3237 superva-

1137 3264 1285 3311 caneum
1309 3240 1450 3311 videtur
1472 3239 1725 3334 inpraesentia
1750 3249 1852 3339 plura
1871 3248 1977 3317 verba
2002 3246 2126 3316 iacere.

1137 3338 1194 3412 Ad
1210 3343 1329 3436 priora
1343 3342 1461 3435 itaque
1478 3345 1597 3415 redeo.
1646 3346 1897 3434 Mutationem,
1921 3363 1962 3419 ut
1976 3348 2063 3431 dixi,
2085 3348 2125 3416 in
2165 3346 2167 3356 '

1136 3441 1255 3514 schola
1281 3459 1315 3513 et
1328 3440 1513 3530 Ecclesiis,
1540 3446 1675 3517 nullam
1692 3451 2001 3543 vidiacum-neque
2022 3448 2126 3519 aliter

1137 3545 1258 3614 docuit
1277 3540 1465 3634 Philippus
1486 3563 1564 3632 post
1590 3546 1723 3618 bellurn
1748 3574 1855 3644 quam
1875 3563 1959 3618 autc
1978 3549 2126 3633 bellum,

1137 3644 1227 3713 sicut
1241 3644 1353 3735 aliqui
1375 3646 1419 3712 de
1444 3667 1484 3712 eo
1506 3647 1593 3715 falso
1612 3648 1869 3730 vociferantur,
1897 3650 2027 3743 quibus
2050 3650 2125 3719 for·

1137 3759 1226 3816 tasse
1250 3744 1321 3816 alio
1352 3759 1509 3836 tempore
1536 3747 1675 3838 plenius
1702 3748 1991 3843 respondebitur:
2026 3748 2125 3829 Haec

1137 3849 1232 3916 enim
1255 3846 1424 3935 temporis
1451 3849 1610 3938 angustia
1634 3874 1699 3921 uos
1725 3856 1770 3923 ad
1794 3853 1862 3922 alia
1886 3866 2018 3926 avocat.
2070 3850 2125 3922 De

1134 3951 1276 4042 scriptis
1294 3949 1404 4039 ipsius
1426 3963 1458 4019 et
1480 3950 1660 4035 doctriua,
1694 3955 1806 4048 deque
1827 3966 1996 4047 perpetuo
2020 3953 2124 4025 iusti-

1136 4065 1212 4121 tuto
1235 4066 1269 4120 et
1292 4075 1397 4119 cursu
1418 4050 1531 4135 vitae,
1562 4069 1735 4146 quantum
1759 4058 1797 4125 in
1815 4052 1892 4126 'hac
1916 4056 2028 4125 animi
2051 4056 2125 4124 mei

1137 4153 1422 4244 perturbatione,
1456 4166 1490 4221 et
1514 4157 1682 4246 temporis
1694 4159 1874 4245 ,brevitate
1894 4158 1971 4227 lieri
1998 4157 2125 4251 potuit,

1135 4253 1270 4324 dictum
1284 4253 1389 4324 iama
1407 4276 1463 4322 me
1477 4267 1539 4331 cst.
1590 4255 1663 4327 Nos
1680 4258 1787 4344 enim,
1814 4259 1876 4353 qui
1890 4257 1960 4333 iam
1979 4285 2045 4353 per
2057 4283 2125 4329 an-

1133 4380 1201 4425 uos
1213 4356 1345 4433 multos
1359 4379 1439 4425 cum
1456 4350 1523 4425 hoc
1537 4356 1614 4428 viro
1630 4360 1757 4431 versati
1778 4383 1916 4447 sumus,
1941 4357 2011 4433 hoc
2027 4376 2124 4433 certo

1133 4460 1280 4537 scimus,
1308 4480 1389 4527 eum
1406 4480 1529 4527 omnes
1553 4460 1805 4551 cogitationes,
1831 4464 1998 4549 consilia,
2022 4463 2125 4535 labo-

1134 4582 1206 4644 res,
1230 4573 1266 4631 et
1286 4558 1404 4629 studia
1420 4581 1483 4629 stra
1500 4573 1637 4633 tautum
1653 4563 1822 4634 direxisse
1838 4567 1882 4632 ad
1900 4589 2020 4651 verae,
2046 4588 2124 4637 ccr-
2160 4580 2168 4596 ·

1131 4675 1187 4731 tae
1202 4675 1236 4732 ct
1251 4661 1454 4752 perspicuae
1470 4663 1653 4735 doctrinae
1669 4666 1968 4756 propagationem,
1984 4668 2030 4737 ad
2044 4667 2124 4758 glo·
2237 4710 2240 4715 -

1131 4764 1219 4833 riam
1242 4758 1376 4834 Christi
1404 4761 1469 4831 filii
1494 4761 1561 4833 Dei
1590 4766 1858 4846 illustrandam,
1895 4768 2050 4863 denique
2077 4772 2123 4839 ad

1129 4859 1367 4934 Ecclesiarum
1383 4878 1417 4933 et
1433 4887 1538 4957 quam
1556 4867 1793 4957 plurimorum
1816 4861 2002 4941 hominnm
2027 4872 2123 4941 salu·

1129 4979 1218 5049 tem,
1243 4960 1329 5036 haec
1350 4962 1406 5034 illi
1429 4978 1593 5035 constans
1614 4979 1651 5036 et
1672 4983 1839 5060 perpetua
1860 4968 2033 5058 intentio,
2063 4968 2122 5042 hic

1128 5068 1225 5135 solus
1239 5091 1366 5158 scopus
1381 5067 1460 5136 luit.

1223 5199 1280 5272 Ab
1294 5201 1492 5299 ambitione
1510 5226 1616 5296 quam
1630 5202 1837 5296 longissime
1852 5160 1978 5285 abfuit,
2001 5202 2119 5277 hono-

1127 5327 1202 5375 rem
1218 5317 1252 5374 ct
1267 5324 1351 5396 opes
1366 5326 1440 5373 nou
1456 5306 1604 5387 curavit,
1630 5330 1695 5379 nec
1710 5307 1894 5403 quaesivit,
1919 5310 2017 5400 quod
2033 5304 2120 5382 hacc
