<?xml version="1.0" encoding="UTF-8"?>
<!DOCTYPE html PUBLIC "-//W3C//DTD XHTML 1.0 Transitional//EN"
    "http://www.w3.org/TR/xhtml1/DTD/xhtml1-transitional.dtd">
<html xmlns="http://www.w3.org/1999/xhtml" xml:lang="en" lang="en">
 <head>
  <title>
</title>
<meta http-equiv="Content-Type" content="text/html;charset=utf-8" />
  <meta name='ocr-system' content='tesseract 3.04.00' />
  <meta name='ocr-capabilities' content='ocr_page ocr_carea ocr_par ocr_line ocrx_word'/>
</head>
<body>
  <div class='ocr_page' id='page_1' title='image "./philippimelanth18melagoog/philippimelanth18melagoog_0082.png"; bbox 0 0 4748 6022; ppageno 0'>
   <div class='ocr_carea' id='block_1_1' title="bbox 91 266 2122 379">
    <p class='ocr_par' dir='ltr' id='par_1_1' title="bbox 91 266 2122 379">
     <span class='ocr_line' id='line_1_1' title="bbox 91 266 2122 379; baseline 0 -3"><span class='ocrx_word' id='word_1_1' title='bbox 91 303 166 379; x_wconf 79' lang='lat' dir='ltr'><strong>ssa</strong></span> <span class='ocrx_word' id='word_1_2' title='bbox 863 266 1325 372; x_wconf 41' lang='lat' dir='ltr'><strong>reverberabant.</strong></span> <span class='ocrx_word' id='word_1_3' title='bbox 2049 304 2122 378; x_wconf 82' lang='lat' dir='ltr'><strong>aas</strong></span> 
     </span>
    </p>
   </div>
   <div class='ocr_carea' id='block_1_2' title="bbox 85 430 2132 674">
    <p class='ocr_par' dir='ltr' id='par_1_2' title="bbox 85 430 2132 674">
     <span class='ocr_line' id='line_1_2' title="bbox 87 430 2125 569; baseline -0.001 -20"><span class='ocrx_word' id='word_1_4' title='bbox 87 475 282 569; x_wconf 75' lang='lat' dir='ltr'><strong>scripturae</strong></span> <span class='ocrx_word' id='word_1_5' title='bbox 300 468 431 567; x_wconf 27' lang='lat' dir='ltr'><strong>verbis·</strong></span> <span class='ocrx_word' id='word_1_6' title='bbox 445 452 576 565; x_wconf 84' lang='lat' dir='ltr'><strong>eloqui.</strong></span> <span class='ocrx_word' id='word_1_7' title='bbox 627 448 786 540; x_wconf 78' lang='lat' dir='ltr'>Dicimus</span> <span class='ocrx_word' id='word_1_8' title='bbox 804 468 927 565; x_wconf 82' lang='lat' dir='ltr'><strong>itaque</strong></span> <span class='ocrx_word' id='word_1_9' title='bbox 952 458 1081 564; x_wconf 81' lang='lat' dir='ltr'><strong>panem</strong></span> <span class='ocrx_word' id='word_1_10' title='bbox 1133 438 1475 555; x_wconf 76' lang='lat' dir='ltr'><strong>tereata&#39;men&#39;duiu</strong></span> <span class='ocrx_word' id='word_1_11' title='bbox 1496 430 1621 553; x_wconf 84' lang='lat' dir='ltr'><strong>¹rideo,</strong></span> <span class='ocrx_word' id='word_1_12' title='bbox 1659 464 1723 541; x_wconf 78' lang='lat' dir='ltr'><strong>vos¹</strong></span> <span class='ocrx_word' id='word_1_13' title='bbox 1746 464 1819 542; x_wconf 87' lang='lat' dir='ltr'><strong>illis</strong></span> <span class='ocrx_word' id='word_1_14' title='bbox 1843 470 2035 553; x_wconf 85' lang='lat' dir='ltr'><strong>sententias</strong></span> <span class='ocrx_word' id='word_1_15' title='bbox 2060 444 2125 547; x_wconf 84' lang='lat' dir='ltr'><strong>ad-</strong></span> 
     </span>
     <span class='ocr_line' id='line_1_3' title="bbox 85 557 2132 674; baseline -0.004 -26"><span class='ocrx_word' id='word_1_16' title='bbox 85 600 192 674; x_wconf 82' lang='lat' dir='ltr'><strong>qucm</strong></span> <span class='ocrx_word' id='word_1_17' title='bbox 227 572 446 663; x_wconf 76' lang='lat' dir='ltr'><strong>frangimus,</strong></span> <span class='ocrx_word' id='word_1_18' title='bbox 491 594 565 642; x_wconf 88' lang='lat' dir='ltr'><strong>esse</strong></span> <span class='ocrx_word' id='word_1_19' title='bbox 594 569 889 663; x_wconf 62' lang='lat' dir='ltr'><strong>{communionem</strong></span> <span class='ocrx_word' id='word_1_20' title='bbox 923 572 1081 665; x_wconf 89' lang='lat' dir='ltr'><strong>corporis</strong></span> <span class='ocrx_word' id='word_1_21' title='bbox 1132 557 1304 650; x_wconf 82' lang='lat' dir='ltr'><strong>scribere,</strong></span> <span class='ocrx_word' id='word_1_22' title='bbox 1337 566 1427 667; x_wconf 77' lang='lat' dir='ltr'><strong>quas,</strong></span> <span class='ocrx_word' id='word_1_23' title='bbox 1453 566 1562 660; x_wconf 90' lang='lat' dir='ltr'><strong>primi</strong></span> <span class='ocrx_word' id='word_1_24' title='bbox 1584 568 1841 663; x_wconf 67' lang='lat' dir='ltr'><strong>impugnarunt</strong></span> <span class='ocrx_word' id='word_1_25' title='bbox 1864 590 1900 647; x_wconf 84' lang='lat' dir='ltr'><strong>et</strong></span> <span class='ocrx_word' id='word_1_26' title='bbox 1919 568 2027 647; x_wconf 86' lang='lat' dir='ltr'><strong>hodie</strong></span> <span class='ocrx_word' id='word_1_27' title='bbox 2056 578 2132 649; x_wconf 78' lang='lat' dir='ltr'><strong>im.</strong></span> 
     </span>
    </p>
   </div>
   <div class='ocr_carea' id='block_1_3' title="bbox 76 666 2125 3003">
    <p class='ocr_par' dir='ltr' id='par_1_3' title="bbox 80 666 2125 1787">
     <span class='ocr_line' id='line_1_4' title="bbox 84 666 2123 769; baseline 0 -17"><span class='ocrx_word' id='word_1_28' title='bbox 84 676 242 763; x_wconf 83' lang='lat' dir='ltr'><strong>Christi,</strong></span> <span class='ocrx_word' id='word_1_29' title='bbox 274 671 443 769; x_wconf 88' lang='lat' dir='ltr'><strong>huncque</strong></span> <span class='ocrx_word' id='word_1_30' title='bbox 464 674 555 745; x_wconf 82' lang='lat' dir='ltr'><strong>&#39;dore</strong></span> <span class='ocrx_word' id='word_1_31' title='bbox 579 672 802 757; x_wconf 91' lang='lat' dir='ltr'><strong>ministrum,</strong></span> <span class='ocrx_word' id='word_1_32' title='bbox 836 674 896 746; x_wconf 89' lang='lat' dir='ltr'><strong>sed</strong></span> <span class='ocrx_word' id='word_1_33' title='bbox 919 674 1081 746; x_wconf 88' lang='lat' dir='ltr'><strong>ministe-</strong></span> <span class='ocrx_word' id='word_1_34' title='bbox 1134 683 1313 765; x_wconf 85' lang='lat' dir='ltr'><strong>pugnant,</strong></span> <span class='ocrx_word' id='word_1_35' title='bbox 1338 685 1375 742; x_wconf 89' lang='lat' dir='ltr'><strong>et</strong></span> <span class='ocrx_word' id='word_1_36' title='bbox 1388 672 1431 740; x_wconf 91' lang='lat' dir='ltr'><strong>de</strong></span> <span class='ocrx_word' id='word_1_37' title='bbox 1444 683 1521 743; x_wconf 92' lang='lat' dir='ltr'><strong>toto</strong></span> <span class='ocrx_word' id='word_1_38' title='bbox 1536 666 1915 769; x_wconf 71' lang='lat' dir='ltr'><strong>ingeniocorum&#39;plus</strong></span> <span class='ocrx_word' id='word_1_39' title='bbox 1929 672 2042 749; x_wconf 92' lang='lat' dir='ltr'><strong>nimio</strong></span> <span class='ocrx_word' id='word_1_40' title='bbox 2059 674 2123 753; x_wconf 88' lang='lat' dir='ltr'><strong>ha·</strong></span> 
     </span>
     <span class='ocr_line' id='line_1_5' title="bbox 83 772 2125 873; baseline -0.001 -20"><span class='ocrx_word' id='word_1_41' title='bbox 83 782 245 867; x_wconf 81' lang='lat' dir='ltr'><strong>rialitcr3</strong></span> <span class='ocrx_word' id='word_1_42' title='bbox 277 773 455 847; x_wconf 76' lang='lat' dir='ltr'><strong>Dominus</strong></span> <span class='ocrx_word' id='word_1_43' title='bbox 470 777 571 847; x_wconf 90' lang='lat' dir='ltr'><strong>cibus</strong></span> <span class='ocrx_word' id='word_1_44' title='bbox 585 788 620 847; x_wconf 92' lang='lat' dir='ltr'><strong>et</strong></span> <span class='ocrx_word' id='word_1_45' title='bbox 637 777 707 847; x_wconf 91' lang='lat' dir='ltr'><strong>cibi</strong></span> <span class='ocrx_word' id='word_1_46' title='bbox 723 777 904 869; x_wconf 88' lang='lat' dir='ltr'><strong>praebitor</strong></span> <span class='ocrx_word' id='word_1_47' title='bbox 925 776 1000 870; x_wconf 91' lang='lat' dir='ltr'><strong>ipse</strong></span> <span class='ocrx_word' id='word_1_48' title='bbox 1017 788 1080 847; x_wconf 85' lang='lat' dir='ltr'><strong>est.</strong></span> <span class='ocrx_word' id='word_1_49' title='bbox 1132 772 1303 858; x_wconf 88' lang='lat' dir='ltr'><strong>lucinari,</strong></span> <span class='ocrx_word' id='word_1_50' title='bbox 1336 795 1411 843; x_wconf 89' lang='lat' dir='ltr'><strong>uon</strong></span> <span class='ocrx_word' id='word_1_51' title='bbox 1433 797 1576 865; x_wconf 85' lang='lat' dir='ltr'><strong>possum</strong></span> <span class='ocrx_word' id='word_1_52' title='bbox 1594 776 1814 873; x_wconf 27' lang='lat' dir='ltr'><strong>nou-dolore</strong></span> <span class='ocrx_word' id='word_1_53' title='bbox 1828 778 1941 849; x_wconf 86' lang='lat' dir='ltr'><strong>vicem</strong></span> <span class='ocrx_word' id='word_1_54' title='bbox 1960 795 2125 868; x_wconf 88' lang='lat' dir='ltr'><strong>vestram,</strong></span> 
     </span>
     <span class='ocr_line' id='line_1_6' title="bbox 83 868 2123 977; baseline -0.001 -22"><span class='ocrx_word' id='word_1_55' title='bbox 83 882 141 955; x_wconf 83' lang='lat' dir='ltr'><strong>Ne</strong></span> <span class='ocrx_word' id='word_1_56' title='bbox 155 882 244 977; x_wconf 87' lang='lat' dir='ltr'><strong>quid</strong></span> <span class='ocrx_word' id='word_1_57' title='bbox 261 877 410 951; x_wconf 77' lang='lat' dir='ltr'><strong>crassius</strong></span> <span class='ocrx_word' id='word_1_58' title='bbox 432 878 666 971; x_wconf 84' lang='lat' dir='ltr'><strong>simpliciores</strong></span> <span class='ocrx_word' id='word_1_59' title='bbox 689 880 884 973; x_wconf 86' lang='lat' dir='ltr'><strong>corripiant</strong></span> <span class='ocrx_word' id='word_1_60' title='bbox 902 879 1078 971; x_wconf 81' lang='lat' dir='ltr'><strong>addimus,</strong></span> <span class='ocrx_word' id='word_1_61' title='bbox 1132 874 1253 970; x_wconf 84' lang='lat' dir='ltr'><strong>quisic</strong></span> <span class='ocrx_word' id='word_1_62' title='bbox 1262 875 1383 966; x_wconf 81' lang='lat' dir='ltr'><strong>fugitis</strong></span> <span class='ocrx_word' id='word_1_63' title='bbox 1397 876 1442 946; x_wconf 93' lang='lat' dir='ltr'><strong>de</strong></span> <span class='ocrx_word' id='word_1_64' title='bbox 1456 871 1512 946; x_wconf 91' lang='lat' dir='ltr'><strong>his</strong></span> <span class='ocrx_word' id='word_1_65' title='bbox 1526 878 1619 947; x_wconf 90' lang='lat' dir='ltr'><strong>serio</strong></span> <span class='ocrx_word' id='word_1_66' title='bbox 1636 878 1809 973; x_wconf 87' lang='lat' dir='ltr'><strong>colloqui:</strong></span> <span class='ocrx_word' id='word_1_67' title='bbox 1827 868 1900 961; x_wconf 73' lang='lat' dir='ltr'><strong>&#39;hec</strong></span> <span class='ocrx_word' id='word_1_68' title='bbox 1913 875 1980 954; x_wconf 90' lang='lat' dir='ltr'><strong>hoc</strong></span> <span class='ocrx_word' id='word_1_69' title='bbox 1994 883 2123 967; x_wconf 85' lang='lat' dir='ltr'><strong>solum,</strong></span> 
     </span>
     <span class='ocr_line' id='line_1_7' title="bbox 84 976 2122 1072; baseline -0.001 -15"><span class='ocrx_word' id='word_1_70' title='bbox 84 981 270 1057; x_wconf 87' lang='lat' dir='ltr'><strong>Christum</strong></span> <span class='ocrx_word' id='word_1_71' title='bbox 291 1003 358 1050; x_wconf 88' lang='lat' dir='ltr'><strong>nce</strong></span> <span class='ocrx_word' id='word_1_72' title='bbox 376 980 461 1072; x_wconf 89' lang='lat' dir='ltr'><strong>pani</strong></span> <span class='ocrx_word' id='word_1_73' title='bbox 484 979 583 1050; x_wconf 90' lang='lat' dir='ltr'><strong>uniri</strong></span> <span class='ocrx_word' id='word_1_74' title='bbox 604 984 822 1069; x_wconf 90' lang='lat' dir='ltr'><strong>notandum,</strong></span> <span class='ocrx_word' id='word_1_75' title='bbox 852 1006 919 1053; x_wconf 88' lang='lat' dir='ltr'><strong>nec</strong></span> <span class='ocrx_word' id='word_1_76' title='bbox 941 980 1078 1051; x_wconf 85' lang='lat' dir='ltr'><strong>includi</strong></span> <span class='ocrx_word' id='word_1_77' title='bbox 1131 976 1191 1047; x_wconf 89' lang='lat' dir='ltr'><strong>sed</strong></span> <span class='ocrx_word' id='word_1_78' title='bbox 1214 977 1345 1071; x_wconf 90' lang='lat' dir='ltr'><strong>scripta</strong></span> <span class='ocrx_word' id='word_1_79' title='bbox 1370 978 1475 1049; x_wconf 90' lang='lat' dir='ltr'><strong>etiam</strong></span> <span class='ocrx_word' id='word_1_80' title='bbox 1506 977 1651 1051; x_wconf 93' lang='lat' dir='ltr'><strong>illorum</strong></span> <span class='ocrx_word' id='word_1_81' title='bbox 1672 980 1789 1072; x_wconf 83' lang='lat' dir='ltr'><strong>legitis</strong></span> <span class='ocrx_word' id='word_1_82' title='bbox 1814 982 1949 1071; x_wconf 87' lang='lat' dir='ltr'><strong>obiter,</strong></span> <span class='ocrx_word' id='word_1_83' title='bbox 1981 998 2122 1056; x_wconf 88' lang='lat' dir='ltr'><strong>tantum</strong></span> 
     </span>
     <span class='ocr_line' id='line_1_8' title="bbox 85 1078 2123 1179; baseline 0 -23"><span class='ocrx_word' id='word_1_84' title='bbox 85 1088 128 1156; x_wconf 91' lang='lat' dir='ltr'><strong>in</strong></span> <span class='ocrx_word' id='word_1_85' title='bbox 154 1108 242 1179; x_wconf 88' lang='lat' dir='ltr'><strong>pane</strong></span> <span class='ocrx_word' id='word_1_86' title='bbox 262 1080 440 1168; x_wconf 79' lang='lat' dir='ltr'><strong>localiter,</strong></span> <span class='ocrx_word' id='word_1_87' title='bbox 473 1104 540 1153; x_wconf 90' lang='lat' dir='ltr'><strong>uec</strong></span> <span class='ocrx_word' id='word_1_88' title='bbox 563 1081 640 1153; x_wconf 89' lang='lat' dir='ltr'><strong>lieri</strong></span> <span class='ocrx_word' id='word_1_89' title='bbox 665 1082 801 1171; x_wconf 69' lang='lat' dir='ltr'><strong>cibum}</strong></span> <span class='ocrx_word' id='word_1_90' title='bbox 816 1083 970 1170; x_wconf 84' lang='lat' dir='ltr'><strong>ventris,</strong></span> <span class='ocrx_word' id='word_1_91' title='bbox 1001 1102 1076 1153; x_wconf 88' lang='lat' dir='ltr'><strong>rem</strong></span> <span class='ocrx_word' id='word_1_92' title='bbox 1130 1078 1389 1151; x_wconf 88' lang='lat' dir='ltr'><strong>considerando</strong></span> <span class='ocrx_word' id='word_1_93' title='bbox 1404 1080 1491 1175; x_wconf 93' lang='lat' dir='ltr'><strong>quid</strong></span> <span class='ocrx_word' id='word_1_94' title='bbox 1506 1082 1545 1149; x_wconf 91' lang='lat' dir='ltr'><strong>in</strong></span> <span class='ocrx_word' id='word_1_95' title='bbox 1565 1098 1691 1171; x_wconf 80' lang='lat' dir='ltr'><strong>genere</strong></span> <span class='ocrx_word' id='word_1_96' title='bbox 1707 1084 1828 1156; x_wconf 90' lang='lat' dir='ltr'><strong>dicant</strong></span> <span class='ocrx_word' id='word_1_97' title='bbox 1842 1078 1916 1159; x_wconf 51' lang='lat' dir='ltr'><strong>etc(</strong></span> <span class='ocrx_word' id='word_1_98' title='bbox 1958 1082 2031 1159; x_wconf 85' lang='lat' dir='ltr'><strong>Sed</strong></span> <span class='ocrx_word' id='word_1_99' title='bbox 2045 1080 2123 1156; x_wconf 91' lang='lat' dir='ltr'><strong>Do·</strong></span> 
     </span>
     <span class='ocr_line' id='line_1_9' title="bbox 85 1180 2121 1278; baseline -0 -19"><span class='ocrx_word' id='word_1_100' title='bbox 85 1210 162 1259; x_wconf 91' lang='lat' dir='ltr'><strong>esse</strong></span> <span class='ocrx_word' id='word_1_101' title='bbox 175 1184 258 1257; x_wconf 90' lang='lat' dir='ltr'><strong>novi</strong></span> <span class='ocrx_word' id='word_1_102' title='bbox 274 1183 474 1254; x_wconf 80' lang='lat' dir='ltr'><strong>testamenti</strong></span> <span class='ocrx_word' id='word_1_103' title='bbox 489 1195 524 1255; x_wconf 91' lang='lat' dir='ltr'><strong>et</strong></span> <span class='ocrx_word' id='word_1_104' title='bbox 537 1183 740 1267; x_wconf 90' lang='lat' dir='ltr'><strong>coelestem,</strong></span> <span class='ocrx_word' id='word_1_105' title='bbox 763 1186 822 1256; x_wconf 91' lang='lat' dir='ltr'><strong>sed</strong></span> <span class='ocrx_word' id='word_1_106' title='bbox 839 1184 987 1256; x_wconf 89' lang='lat' dir='ltr'><strong>eandem</strong></span> <span class='ocrx_word' id='word_1_107' title='bbox 1002 1184 1079 1253; x_wconf 85' lang='lat' dir='ltr'><strong>elli-</strong></span> <span class='ocrx_word' id='word_1_108' title='bbox 1131 1182 1229 1252; x_wconf 88' lang='lat' dir='ltr'><strong>mino</strong></span> <span class='ocrx_word' id='word_1_109' title='bbox 1244 1181 1293 1251; x_wconf 92' lang='lat' dir='ltr'><strong>sic</strong></span> <span class='ocrx_word' id='word_1_110' title='bbox 1312 1181 1427 1252; x_wconf 89' lang='lat' dir='ltr'><strong>visum</strong></span> <span class='ocrx_word' id='word_1_111' title='bbox 1446 1195 1515 1269; x_wconf 89' lang='lat' dir='ltr'><strong>est,</strong></span> <span class='ocrx_word' id='word_1_112' title='bbox 1543 1184 1659 1278; x_wconf 91' lang='lat' dir='ltr'><strong>utqui</strong></span> <span class='ocrx_word' id='word_1_113' title='bbox 1675 1188 1839 1277; x_wconf 77' lang='lat' dir='ltr'><strong>cogendis</strong></span> <span class='ocrx_word' id='word_1_114' title='bbox 1854 1185 1893 1256; x_wconf 91' lang='lat' dir='ltr'><strong>iu</strong></span> <span class='ocrx_word' id='word_1_115' title='bbox 1905 1187 2000 1259; x_wconf 89' lang='lat' dir='ltr'><strong>ovile</strong></span> <span class='ocrx_word' id='word_1_116' title='bbox 2012 1180 2121 1259; x_wconf 90' lang='lat' dir='ltr'><strong>Chri·</strong></span> 
     </span>
     <span class='ocr_line' id='line_1_10' title="bbox 85 1278 2121 1381; baseline -0.001 -21"><span class='ocrx_word' id='word_1_117' title='bbox 85 1312 203 1360; x_wconf 88' lang='lat' dir='ltr'><strong>cacem</strong></span> <span class='ocrx_word' id='word_1_118' title='bbox 226 1301 262 1359; x_wconf 89' lang='lat' dir='ltr'><strong>et</strong></span> <span class='ocrx_word' id='word_1_119' title='bbox 286 1285 539 1372; x_wconf 86' lang='lat' dir='ltr'><strong>realissimam,</strong></span> <span class='ocrx_word' id='word_1_120' title='bbox 573 1284 657 1381; x_wconf 86' lang='lat' dir='ltr'><strong>quia</strong></span> <span class='ocrx_word' id='word_1_121' title='bbox 686 1282 780 1357; x_wconf 91' lang='lat' dir='ltr'><strong>nihil</strong></span> <span class='ocrx_word' id='word_1_122' title='bbox 803 1282 862 1357; x_wconf 92' lang='lat' dir='ltr'><strong>hic</strong></span> <span class='ocrx_word' id='word_1_123' title='bbox 884 1286 957 1357; x_wconf 85' lang='lat' dir='ltr'><strong>ficti</strong></span> <span class='ocrx_word' id='word_1_124' title='bbox 983 1280 1075 1357; x_wconf 92' lang='lat' dir='ltr'><strong>nihil</strong></span> <span class='ocrx_word' id='word_1_125' title='bbox 1130 1283 1176 1354; x_wconf 92' lang='lat' dir='ltr'><strong>sti</strong></span> <span class='ocrx_word' id='word_1_126' title='bbox 1191 1283 1319 1353; x_wconf 89' lang='lat' dir='ltr'><strong>ovibus</strong></span> <span class='ocrx_word' id='word_1_127' title='bbox 1333 1278 1427 1369; x_wconf 89' lang='lat' dir='ltr'><strong>eius,</strong></span> <span class='ocrx_word' id='word_1_128' title='bbox 1461 1285 1611 1379; x_wconf 90' lang='lat' dir='ltr'><strong>quaeab</strong></span> <span class='ocrx_word' id='word_1_129' title='bbox 1627 1285 1691 1357; x_wconf 93' lang='lat' dir='ltr'><strong>illo</strong></span> <span class='ocrx_word' id='word_1_130' title='bbox 1715 1286 1944 1375; x_wconf 82' lang='lat' dir='ltr'><strong>aberrarunt,</strong></span> <span class='ocrx_word' id='word_1_131' title='bbox 1976 1290 2121 1381; x_wconf 83' lang='lat' dir='ltr'><strong>sangui-</strong></span> 
     </span>
     <span class='ocr_line' id='line_1_11' title="bbox 80 1381 2120 1485; baseline 0 -26"><span class='ocrx_word' id='word_1_132' title='bbox 80 1391 202 1465; x_wconf 86' lang='lat' dir='ltr'><strong>inanc.</strong></span> <span class='ocrx_word' id='word_1_133' title='bbox 260 1383 319 1459; x_wconf 80' lang='lat' dir='ltr'><strong>Ad</strong></span> <span class='ocrx_word' id='word_1_134' title='bbox 345 1381 442 1458; x_wconf 91' lang='lat' dir='ltr'><strong>huuc</strong></span> <span class='ocrx_word' id='word_1_135' title='bbox 470 1388 618 1458; x_wconf 89' lang='lat' dir='ltr'><strong>modum</strong></span> <span class='ocrx_word' id='word_1_136' title='bbox 634 1388 730 1465; x_wconf 85' lang='lat' dir='ltr'><strong>¹sutis</strong></span> <span class='ocrx_word' id='word_1_137' title='bbox 755 1388 976 1460; x_wconf 88' lang='lat' dir='ltr'><strong>occurrimus</strong></span> <span class='ocrx_word' id='word_1_138' title='bbox 1004 1387 1077 1457; x_wconf 84' lang='lat' dir='ltr'><strong>sive</strong></span> <span class='ocrx_word' id='word_1_139' title='bbox 1129 1408 1211 1455; x_wconf 90' lang='lat' dir='ltr'><strong>nem</strong></span> <span class='ocrx_word' id='word_1_140' title='bbox 1236 1385 1442 1477; x_wconf 83' lang='lat' dir='ltr'><strong>impendere</strong></span> <span class='ocrx_word' id='word_1_141' title='bbox 1462 1386 1650 1475; x_wconf 86' lang='lat' dir='ltr'><strong>debemus,</strong></span> <span class='ocrx_word' id='word_1_142' title='bbox 1685 1412 1806 1461; x_wconf 89' lang='lat' dir='ltr'><strong>earum</strong></span> <span class='ocrx_word' id='word_1_143' title='bbox 1822 1391 2033 1477; x_wconf 61' lang='lat' dir='ltr'><strong>{collectioni</strong></span> <span class='ocrx_word' id='word_1_144' title='bbox 2049 1390 2120 1485; x_wconf 87' lang='lat' dir='ltr'><strong>ipsi</strong></span> 
     </span>
     <span class='ocr_line' id='line_1_12' title="bbox 82 1484 2119 1584; baseline -0 -21"><span class='ocrx_word' id='word_1_145' title='bbox 82 1490 317 1563; x_wconf 76' lang='lat' dir='ltr'><strong>crassioribus</strong></span> <span class='ocrx_word' id='word_1_146' title='bbox 336 1489 412 1558; x_wconf 87' lang='lat' dir='ltr'><strong>sive</strong></span> <span class='ocrx_word' id='word_1_147' title='bbox 433 1488 537 1561; x_wconf 86' lang='lat' dir='ltr'><strong>etiam</strong></span> <span class='ocrx_word' id='word_1_148' title='bbox 560 1488 680 1583; x_wconf 81' lang='lat' dir='ltr'><strong>impiis</strong></span> <span class='ocrx_word' id='word_1_149' title='bbox 700 1490 953 1582; x_wconf 82' lang='lat' dir='ltr'><strong>opinionibus,</strong></span> <span class='ocrx_word' id='word_1_150' title='bbox 985 1490 1076 1584; x_wconf 83' lang='lat' dir='ltr'><strong>quae</strong></span> <span class='ocrx_word' id='word_1_151' title='bbox 1128 1488 1327 1573; x_wconf 87' lang='lat' dir='ltr'><strong>obstemus,</strong></span> <span class='ocrx_word' id='word_1_152' title='bbox 1362 1501 1396 1560; x_wconf 91' lang='lat' dir='ltr'><strong>et</strong></span> <span class='ocrx_word' id='word_1_153' title='bbox 1416 1484 1455 1560; x_wconf 92' lang='lat' dir='ltr'><strong>id</strong></span> <span class='ocrx_word' id='word_1_154' title='bbox 1482 1488 1625 1560; x_wconf 89' lang='lat' dir='ltr'><strong>interim</strong></span> <span class='ocrx_word' id='word_1_155' title='bbox 1647 1488 1922 1583; x_wconf 86' lang='lat' dir='ltr'><strong>interpretemur</strong></span> <span class='ocrx_word' id='word_1_156' title='bbox 1943 1514 2017 1562; x_wconf 89' lang='lat' dir='ltr'><strong>esse</strong></span> <span class='ocrx_word' id='word_1_157' title='bbox 2032 1491 2119 1562; x_wconf 92' lang='lat' dir='ltr'><strong>sim-</strong></span> 
     </span>
     <span class='ocr_line' id='line_1_13' title="bbox 81 1584 2118 1684; baseline 0 -21"><span class='ocrx_word' id='word_1_158' title='bbox 81 1616 128 1663; x_wconf 82' lang='lat' dir='ltr'><strong>ex</strong></span> <span class='ocrx_word' id='word_1_159' title='bbox 149 1594 260 1663; x_wconf 81' lang='lat' dir='ltr'><strong>veteri</strong></span> <span class='ocrx_word' id='word_1_160' title='bbox 284 1612 405 1660; x_wconf 89' lang='lat' dir='ltr'><strong>errore</strong></span> <span class='ocrx_word' id='word_1_161' title='bbox 426 1588 652 1684; x_wconf 88' lang='lat' dir='ltr'><strong>Papistarum</strong></span> <span class='ocrx_word' id='word_1_162' title='bbox 672 1591 831 1664; x_wconf 82' lang='lat' dir='ltr'><strong>invectae</strong></span> <span class='ocrx_word' id='word_1_163' title='bbox 847 1604 950 1665; x_wconf 80' lang='lat' dir='ltr'><strong>sunt:</strong></span> <span class='ocrx_word' id='word_1_164' title='bbox 981 1586 1076 1661; x_wconf 89' lang='lat' dir='ltr'><strong>nihil</strong></span> <span class='ocrx_word' id='word_1_165' title='bbox 1129 1584 1321 1680; x_wconf 86' lang='lat' dir='ltr'><strong>plicitatcm</strong></span> <span class='ocrx_word' id='word_1_166' title='bbox 1337 1602 1373 1660; x_wconf 90' lang='lat' dir='ltr'><strong>et</strong></span> <span class='ocrx_word' id='word_1_167' title='bbox 1388 1589 1633 1663; x_wconf 84' lang='lat' dir='ltr'><strong>constantiam.</strong></span> <span class='ocrx_word' id='word_1_168' title='bbox 1688 1587 1853 1667; x_wconf 87' lang='lat' dir='ltr'><strong>Christus</strong></span> <span class='ocrx_word' id='word_1_169' title='bbox 1866 1595 2034 1665; x_wconf 91' lang='lat' dir='ltr'><strong>dominus</strong></span> <span class='ocrx_word' id='word_1_170' title='bbox 2049 1618 2118 1665; x_wconf 55' lang='lat' dir='ltr'><strong>nos</strong></span> 
     </span>
     <span class='ocr_line' id='line_1_14' title="bbox 80 1692 1768 1787; baseline -0.001 -22"><span class='ocrx_word' id='word_1_171' title='bbox 80 1695 323 1778; x_wconf 83' lang='lat' dir='ltr'><strong>involvimus,</strong></span> <span class='ocrx_word' id='word_1_172' title='bbox 364 1693 423 1763; x_wconf 91' lang='lat' dir='ltr'><strong>scd</strong></span> <span class='ocrx_word' id='word_1_173' title='bbox 457 1693 580 1784; x_wconf 85' lang='lat' dir='ltr'><strong>lingna</strong></span> <span class='ocrx_word' id='word_1_174' title='bbox 605 1692 743 1765; x_wconf 88' lang='lat' dir='ltr'><strong>utimur</strong></span> <span class='ocrx_word' id='word_1_175' title='bbox 768 1692 925 1787; x_wconf 87' lang='lat' dir='ltr'><strong>Spiritus</strong></span> <span class='ocrx_word' id='word_1_176' title='bbox 951 1692 1076 1774; x_wconf 88' lang='lat' dir='ltr'><strong>saneti,</strong></span> <span class='ocrx_word' id='word_1_177' title='bbox 1128 1704 1199 1760; x_wconf 88' lang='lat' dir='ltr'><strong>ster</strong></span> <span class='ocrx_word' id='word_1_178' title='bbox 1215 1692 1519 1765; x_wconf 86' lang='lat' dir='ltr'><strong>exuatnosoobis</strong></span> <span class='ocrx_word' id='word_1_179' title='bbox 1534 1692 1768 1769; x_wconf 84' lang='lat' dir='ltr'><strong>etinduatse.</strong></span> 
     </span>
    </p>

    <p class='ocr_par' dir='ltr' id='par_1_4' title="bbox 76 1786 2117 3003">
     <span class='ocr_line' id='line_1_15' title="bbox 82 1786 2117 1892; baseline 0.001 -26"><span class='ocrx_word' id='word_1_180' title='bbox 82 1819 154 1891; x_wconf 76' lang='lat' dir='ltr'><strong>qua</strong></span> <span class='ocrx_word' id='word_1_181' title='bbox 179 1793 396 1866; x_wconf 85' lang='lat' dir='ltr'><strong>Christianis</strong></span> <span class='ocrx_word' id='word_1_182' title='bbox 416 1790 510 1864; x_wconf 92' lang='lat' dir='ltr'><strong>nihil</strong></span> <span class='ocrx_word' id='word_1_183' title='bbox 536 1795 667 1887; x_wconf 87' lang='lat' dir='ltr'><strong>poterit</strong></span> <span class='ocrx_word' id='word_1_184' title='bbox 689 1796 774 1887; x_wconf 84' lang='lat' dir='ltr'><strong>fingi</strong></span> <span class='ocrx_word' id='word_1_185' title='bbox 800 1794 913 1889; x_wconf 87' lang='lat' dir='ltr'><strong>magis</strong></span> <span class='ocrx_word' id='word_1_186' title='bbox 939 1793 1076 1888; x_wconf 90' lang='lat' dir='ltr'><strong>perspi·</strong></span> <span class='ocrx_word' id='word_1_187' title='bbox 1228 1786 1283 1863; x_wconf 90' lang='lat' dir='ltr'><strong>De</strong></span> <span class='ocrx_word' id='word_1_188' title='bbox 1300 1786 1537 1867; x_wconf 84' lang='lat' dir='ltr'><strong>Scholasticis.</strong></span> <span class='ocrx_word' id='word_1_189' title='bbox 1590 1792 1675 1866; x_wconf 86' lang='lat' dir='ltr'><strong>Non</strong></span> <span class='ocrx_word' id='word_1_190' title='bbox 1689 1798 1918 1889; x_wconf 82' lang='lat' dir='ltr'><strong>spectandum</strong></span> <span class='ocrx_word' id='word_1_191' title='bbox 1936 1797 2022 1892; x_wconf 88' lang='lat' dir='ltr'><strong>quid</strong></span> <span class='ocrx_word' id='word_1_192' title='bbox 2032 1792 2117 1869; x_wconf 87' lang='lat' dir='ltr'><strong>Me-</strong></span> 
     </span>
     <span class='ocr_line' id='line_1_16' title="bbox 80 1886 2115 1992; baseline 0 -24"><span class='ocrx_word' id='word_1_193' title='bbox 80 1921 188 1968; x_wconf 87' lang='lat' dir='ltr'><strong>cuum</strong></span> <span class='ocrx_word' id='word_1_194' title='bbox 208 1897 364 1988; x_wconf 80' lang='lat' dir='ltr'><strong>magisve</strong></span> <span class='ocrx_word' id='word_1_195' title='bbox 387 1911 537 1987; x_wconf 58' lang='lat' dir='ltr'><strong>matum.</strong></span> <span class='ocrx_word' id='word_1_196' title='bbox 589 1894 666 1967; x_wconf 86' lang='lat' dir='ltr'><strong>Hac</strong></span> <span class='ocrx_word' id='word_1_197' title='bbox 688 1921 749 1968; x_wconf 83' lang='lat' dir='ltr'><strong>usa</strong></span> <span class='ocrx_word' id='word_1_198' title='bbox 773 1913 823 1967; x_wconf 87' lang='lat' dir='ltr'><strong>cst</strong></span> <span class='ocrx_word' id='word_1_199' title='bbox 840 1898 956 1969; x_wconf 90' lang='lat' dir='ltr'><strong>omnis</strong></span> <span class='ocrx_word' id='word_1_200' title='bbox 974 1910 1073 1967; x_wconf 89' lang='lat' dir='ltr'><strong>vetus</strong></span> <span class='ocrx_word' id='word_1_201' title='bbox 1128 1886 1335 1963; x_wconf 70' lang='lat' dir='ltr'><strong>lancheim</strong></span> <span class='ocrx_word' id='word_1_202' title='bbox 1359 1898 1556 1983; x_wconf 79' lang='lat' dir='ltr'><strong>dauinarit,</strong></span> <span class='ocrx_word' id='word_1_203' title='bbox 1588 1900 1647 1968; x_wconf 87' lang='lat' dir='ltr'><strong>sed</strong></span> <span class='ocrx_word' id='word_1_204' title='bbox 1676 1897 1762 1992; x_wconf 89' lang='lat' dir='ltr'><strong>quid</strong></span> <span class='ocrx_word' id='word_1_205' title='bbox 1788 1900 1951 1970; x_wconf 89' lang='lat' dir='ltr'><strong>damnari</strong></span> <span class='ocrx_word' id='word_1_206' title='bbox 1974 1900 2115 1972; x_wconf 87' lang='lat' dir='ltr'><strong>debeat:</strong></span> 
     </span>
     <span class='ocr_line' id='line_1_17' title="bbox 79 1988 2115 2095; baseline 0.002 -27"><span class='ocrx_word' id='word_1_207' title='bbox 79 2000 144 2070; x_wconf 89' lang='lat' dir='ltr'><strong>illa</strong></span> <span class='ocrx_word' id='word_1_208' title='bbox 166 1994 344 2079; x_wconf 85' lang='lat' dir='ltr'><strong>Ecclesia,</strong></span> <span class='ocrx_word' id='word_1_209' title='bbox 376 2022 482 2090; x_wconf 89' lang='lat' dir='ltr'><strong>qoam</strong></span> <span class='ocrx_word' id='word_1_210' title='bbox 503 1990 539 2069; x_wconf 85' lang='lat' dir='ltr'><strong>ct</strong></span> <span class='ocrx_word' id='word_1_211' title='bbox 561 1988 877 2094; x_wconf 78' lang='lat' dir='ltr'><strong>oecolampadius</strong></span> <span class='ocrx_word' id='word_1_212' title='bbox 898 1999 1074 2092; x_wconf 88' lang='lat' dir='ltr'><strong>approba·</strong></span> <span class='ocrx_word' id='word_1_213' title='bbox 1127 1995 1267 2065; x_wconf 84' lang='lat' dir='ltr'><strong>infinita</strong></span> <span class='ocrx_word' id='word_1_214' title='bbox 1285 1999 1387 2067; x_wconf 84' lang='lat' dir='ltr'><strong>turba</strong></span> <span class='ocrx_word' id='word_1_215' title='bbox 1402 2013 1453 2071; x_wconf 89' lang='lat' dir='ltr'><strong>est</strong></span> <span class='ocrx_word' id='word_1_216' title='bbox 1466 2023 1549 2069; x_wconf 88' lang='lat' dir='ltr'><strong>vere</strong></span> <span class='ocrx_word' id='word_1_217' title='bbox 1562 1996 1868 2087; x_wconf 86' lang='lat' dir='ltr'><strong>Christianorum,</strong></span> <span class='ocrx_word' id='word_1_218' title='bbox 1891 2002 1953 2095; x_wconf 90' lang='lat' dir='ltr'><strong>qui</strong></span> <span class='ocrx_word' id='word_1_219' title='bbox 1969 2002 2115 2092; x_wconf 79' lang='lat' dir='ltr'><strong>dogma·</strong></span> 
     </span>
     <span class='ocr_line' id='line_1_18' title="bbox 79 2093 2115 2196; baseline 0.003 -27"><span class='ocrx_word' id='word_1_220' title='bbox 79 2100 155 2189; x_wconf 84' lang='lat' dir='ltr'><strong>vit,</strong></span> <span class='ocrx_word' id='word_1_221' title='bbox 191 2101 257 2173; x_wconf 90' lang='lat' dir='ltr'><strong>etsi</strong></span> <span class='ocrx_word' id='word_1_222' title='bbox 280 2099 316 2170; x_wconf 90' lang='lat' dir='ltr'><strong>id</strong></span> <span class='ocrx_word' id='word_1_223' title='bbox 340 2093 543 2191; x_wconf 79' lang='lat' dir='ltr'><strong>Zvinglins</strong></span> <span class='ocrx_word' id='word_1_224' title='bbox 570 2116 646 2169; x_wconf 86' lang='lat' dir='ltr'><strong>troo</strong></span> <span class='ocrx_word' id='word_1_225' title='bbox 669 2122 733 2191; x_wconf 92' lang='lat' dir='ltr'><strong>per</strong></span> <span class='ocrx_word' id='word_1_226' title='bbox 755 2100 875 2170; x_wconf 90' lang='lat' dir='ltr'><strong>omnia</strong></span> <span class='ocrx_word' id='word_1_227' title='bbox 904 2098 1075 2191; x_wconf 87' lang='lat' dir='ltr'><strong>probarit,</strong></span> <span class='ocrx_word' id='word_1_228' title='bbox 1125 2096 1173 2166; x_wconf 91' lang='lat' dir='ltr'><strong>tis</strong></span> <span class='ocrx_word' id='word_1_229' title='bbox 1204 2096 1413 2170; x_wconf 87' lang='lat' dir='ltr'><strong>detinentur</strong></span> <span class='ocrx_word' id='word_1_230' title='bbox 1445 2095 1766 2187; x_wconf 88' lang='lat' dir='ltr'><strong>Scholasticorum,</strong></span> <span class='ocrx_word' id='word_1_231' title='bbox 1805 2104 1868 2171; x_wconf 90' lang='lat' dir='ltr'><strong>sed</strong></span> <span class='ocrx_word' id='word_1_232' title='bbox 1903 2103 2115 2196; x_wconf 84' lang='lat' dir='ltr'><strong>depravatis.</strong></span> 
     </span>
     <span class='ocr_line' id='line_1_19' title="bbox 80 2193 2115 2293; baseline -0 -20"><span class='ocrx_word' id='word_1_233' title='bbox 80 2203 172 2273; x_wconf 89' lang='lat' dir='ltr'><strong>sicut</strong></span> <span class='ocrx_word' id='word_1_234' title='bbox 204 2203 278 2272; x_wconf 89' lang='lat' dir='ltr'><strong>illis</strong></span> <span class='ocrx_word' id='word_1_235' title='bbox 306 2200 347 2268; x_wconf 93' lang='lat' dir='ltr'><strong>in</strong></span> <span class='ocrx_word' id='word_1_236' title='bbox 378 2200 502 2270; x_wconf 89' lang='lat' dir='ltr'><strong>multis</strong></span> <span class='ocrx_word' id='word_1_237' title='bbox 534 2221 613 2269; x_wconf 86' lang='lat' dir='ltr'><strong>uon</strong></span> <span class='ocrx_word' id='word_1_238' title='bbox 640 2201 763 2269; x_wconf 89' lang='lat' dir='ltr'><strong>eadem</strong></span> <span class='ocrx_word' id='word_1_239' title='bbox 796 2201 971 2271; x_wconf 87' lang='lat' dir='ltr'><strong>sententia</strong></span> <span class='ocrx_word' id='word_1_240' title='bbox 991 2199 1074 2285; x_wconf 89' lang='lat' dir='ltr'><strong>fuit,</strong></span> <span class='ocrx_word' id='word_1_241' title='bbox 1124 2193 1193 2265; x_wconf 88' lang='lat' dir='ltr'><strong>His</strong></span> <span class='ocrx_word' id='word_1_242' title='bbox 1217 2195 1322 2287; x_wconf 84' lang='lat' dir='ltr'><strong>louge</strong></span> <span class='ocrx_word' id='word_1_243' title='bbox 1344 2200 1467 2270; x_wconf 89' lang='lat' dir='ltr'><strong>malim</strong></span> <span class='ocrx_word' id='word_1_244' title='bbox 1489 2201 1634 2293; x_wconf 86' lang='lat' dir='ltr'><strong>quidem</strong></span> <span class='ocrx_word' id='word_1_245' title='bbox 1656 2201 1971 2289; x_wconf 85' lang='lat' dir='ltr'><strong>consuluissemus,</strong></span> <span class='ocrx_word' id='word_1_246' title='bbox 2004 2203 2033 2273; x_wconf 91' lang='lat' dir='ltr'><strong>si</strong></span> <span class='ocrx_word' id='word_1_247' title='bbox 2051 2203 2115 2272; x_wconf 89' lang='lat' dir='ltr'><strong>de·</strong></span> 
     </span>
     <span class='ocr_line' id='line_1_20' title="bbox 82 2298 2114 2399; baseline 0 -26"><span class='ocrx_word' id='word_1_248' title='bbox 82 2305 177 2399; x_wconf 91' lang='lat' dir='ltr'><strong>quod</strong></span> <span class='ocrx_word' id='word_1_249' title='bbox 194 2326 259 2372; x_wconf 90' lang='lat' dir='ltr'><strong>vos</strong></span> <span class='ocrx_word' id='word_1_250' title='bbox 273 2302 303 2371; x_wconf 90' lang='lat' dir='ltr'><strong>si</strong></span> <span class='ocrx_word' id='word_1_251' title='bbox 320 2323 393 2369; x_wconf 91' lang='lat' dir='ltr'><strong>non</strong></span> <span class='ocrx_word' id='word_1_252' title='bbox 409 2299 574 2386; x_wconf 89' lang='lat' dir='ltr'><strong>aliunde,</strong></span> <span class='ocrx_word' id='word_1_253' title='bbox 605 2322 646 2371; x_wconf 84' lang='lat' dir='ltr'><strong>ex</strong></span> <span class='ocrx_word' id='word_1_254' title='bbox 662 2299 848 2396; x_wconf 84' lang='lat' dir='ltr'><strong>utriusque</strong></span> <span class='ocrx_word' id='word_1_255' title='bbox 865 2316 982 2371; x_wconf 88' lang='lat' dir='ltr'><strong>tamen</strong></span> <span class='ocrx_word' id='word_1_256' title='bbox 996 2322 1075 2369; x_wconf 90' lang='lat' dir='ltr'><strong>mo-</strong></span> <span class='ocrx_word' id='word_1_257' title='bbox 1125 2298 1388 2387; x_wconf 78' lang='lat' dir='ltr'><strong>procationem,</strong></span> <span class='ocrx_word' id='word_1_258' title='bbox 1420 2324 1503 2370; x_wconf 90' lang='lat' dir='ltr'><strong>non·</strong></span> <span class='ocrx_word' id='word_1_259' title='bbox 1517 2302 1679 2391; x_wconf 78' lang='lat' dir='ltr'><strong>dogmata</strong></span> <span class='ocrx_word' id='word_1_260' title='bbox 1702 2325 1791 2396; x_wconf 89' lang='lat' dir='ltr'><strong>quae</strong></span> <span class='ocrx_word' id='word_1_261' title='bbox 1806 2301 1844 2371; x_wconf 92' lang='lat' dir='ltr'><strong>in</strong></span> <span class='ocrx_word' id='word_1_262' title='bbox 1858 2324 1894 2372; x_wconf 87' lang='lat' dir='ltr'><strong>ee</strong></span> <span class='ocrx_word' id='word_1_263' title='bbox 1910 2317 2003 2375; x_wconf 89' lang='lat' dir='ltr'><strong>recta</strong></span> <span class='ocrx_word' id='word_1_264' title='bbox 2020 2318 2114 2391; x_wconf 88' lang='lat' dir='ltr'><strong>sunt,</strong></span> 
     </span>
     <span class='ocr_line' id='line_1_21' title="bbox 79 2390 2115 2499; baseline -0 -22"><span class='ocrx_word' id='word_1_265' title='bbox 79 2404 264 2477; x_wconf 80' lang='lat' dir='ltr'><strong>numeratis</strong></span> <span class='ocrx_word' id='word_1_266' title='bbox 288 2400 429 2471; x_wconf 84' lang='lat' dir='ltr'><strong>videtis.</strong></span> <span class='ocrx_word' id='word_1_267' title='bbox 477 2398 581 2472; x_wconf 88' lang='lat' dir='ltr'><strong>Certe</strong></span> <span class='ocrx_word' id='word_1_268' title='bbox 604 2390 893 2499; x_wconf 76' lang='lat' dir='ltr'><strong>oecolampadii</strong></span> <span class='ocrx_word' id='word_1_269' title='bbox 911 2404 1074 2492; x_wconf 78' lang='lat' dir='ltr'><strong>dialogus</strong></span> <span class='ocrx_word' id='word_1_270' title='bbox 1123 2420 1417 2489; x_wconf 85' lang='lat' dir='ltr'><strong>opugnassemus,</strong></span> <span class='ocrx_word' id='word_1_271' title='bbox 1451 2404 1571 2496; x_wconf 88' lang='lat' dir='ltr'><strong>sicque</strong></span> <span class='ocrx_word' id='word_1_272' title='bbox 1593 2417 1713 2473; x_wconf 87' lang='lat' dir='ltr'><strong>nostra</strong></span> <span class='ocrx_word' id='word_1_273' title='bbox 1735 2404 1855 2475; x_wconf 91' lang='lat' dir='ltr'><strong>omnia</strong></span> <span class='ocrx_word' id='word_1_274' title='bbox 1884 2418 2115 2498; x_wconf 86' lang='lat' dir='ltr'><strong>temperasse-</strong></span> 
     </span>
     <span class='ocr_line' id='line_1_22' title="bbox 80 2496 2114 2599; baseline 0.005 -31"><span class='ocrx_word' id='word_1_275' title='bbox 80 2509 127 2579; x_wconf 61' lang='lat' dir='ltr'><strong>nd</strong></span> <span class='ocrx_word' id='word_1_276' title='bbox 150 2506 307 2597; x_wconf 73' lang='lat' dir='ltr'><strong>palatum</strong></span> <span class='ocrx_word' id='word_1_277' title='bbox 332 2496 506 2596; x_wconf 73' lang='lat' dir='ltr'><strong>Zetngttr·</strong></span> <span class='ocrx_word' id='word_1_278' title='bbox 525 2526 600 2573; x_wconf 88' lang='lat' dir='ltr'><strong>non</strong></span> <span class='ocrx_word' id='word_1_279' title='bbox 618 2502 787 2590; x_wconf 84' lang='lat' dir='ltr'><strong>iaciebat,</strong></span> <span class='ocrx_word' id='word_1_280' title='bbox 819 2504 854 2572; x_wconf 94' lang='lat' dir='ltr'><strong>id</strong></span> <span class='ocrx_word' id='word_1_281' title='bbox 880 2500 976 2599; x_wconf 79' lang='lat' dir='ltr'><strong>quo&#39;d</strong></span> <span class='ocrx_word' id='word_1_282' title='bbox 999 2502 1073 2573; x_wconf 88' lang='lat' dir='ltr'><strong>suis</strong></span> <span class='ocrx_word' id='word_1_283' title='bbox 1122 2521 1221 2586; x_wconf 90' lang='lat' dir='ltr'><strong>mus,</strong></span> <span class='ocrx_word' id='word_1_284' title='bbox 1246 2524 1292 2569; x_wconf 90' lang='lat' dir='ltr'><strong>ne</strong></span> <span class='ocrx_word' id='word_1_285' title='bbox 1306 2501 1379 2571; x_wconf 89' lang='lat' dir='ltr'><strong>ulla</strong></span> <span class='ocrx_word' id='word_1_286' title='bbox 1396 2502 1432 2571; x_wconf 92' lang='lat' dir='ltr'><strong>in</strong></span> <span class='ocrx_word' id='word_1_287' title='bbox 1450 2504 1555 2573; x_wconf 89' lang='lat' dir='ltr'><strong>nobis&#39;</strong></span> <span class='ocrx_word' id='word_1_288' title='bbox 1568 2499 1728 2576; x_wconf 88' lang='lat' dir='ltr'><strong>haereret</strong></span> <span class='ocrx_word' id='word_1_289' title='bbox 1737 2506 1936 2577; x_wconf 91' lang='lat' dir='ltr'><strong>calumniae</strong></span> <span class='ocrx_word' id='word_1_290' title='bbox 1949 2507 2114 2599; x_wconf 90' lang='lat' dir='ltr'><strong>suspicio.</strong></span> 
     </span>
     <span class='ocr_line' id='line_1_23' title="bbox 77 2599 2112 2701; baseline 0 -22"><span class='ocrx_word' id='word_1_291' title='bbox 77 2610 129 2681; x_wconf 84' lang='lat' dir='ltr'><strong>ad</strong></span> <span class='ocrx_word' id='word_1_292' title='bbox 144 2602 346 2675; x_wconf 80' lang='lat' dir='ltr'><strong>Simmiam</strong></span> <span class='ocrx_word' id='word_1_293' title='bbox 369 2603 481 2674; x_wconf 88' lang='lat' dir='ltr'><strong>literis</strong></span> <span class='ocrx_word' id='word_1_294' title='bbox 503 2616 648 2687; x_wconf 84' lang='lat' dir='ltr'><strong>testatus</strong></span> <span class='ocrx_word' id='word_1_295' title='bbox 671 2617 734 2679; x_wconf 85' lang='lat' dir='ltr'><strong>est.</strong></span> <span class='ocrx_word' id='word_1_296' title='bbox 787 2603 856 2676; x_wconf 90' lang='lat' dir='ltr'><strong>Sed</strong></span> <span class='ocrx_word' id='word_1_297' title='bbox 873 2600 960 2677; x_wconf 88' lang='lat' dir='ltr'><strong>haec</strong></span> <span class='ocrx_word' id='word_1_298' title='bbox 978 2628 1070 2701; x_wconf 85' lang='lat' dir='ltr'><strong>quo·</strong></span> <span class='ocrx_word' id='word_1_299' title='bbox 1123 2599 1228 2671; x_wconf 88' lang='lat' dir='ltr'><strong>Nunc</strong></span> <span class='ocrx_word' id='word_1_300' title='bbox 1242 2600 1290 2671; x_wconf 88' lang='lat' dir='ltr'><strong>ita</strong></span> <span class='ocrx_word' id='word_1_301' title='bbox 1306 2605 1534 2675; x_wconf 88' lang='lat' dir='ltr'><strong>tractavimus</strong></span> <span class='ocrx_word' id='word_1_302' title='bbox 1548 2600 1787 2677; x_wconf 78' lang='lat' dir='ltr'><strong>scholasticos</strong></span> <span class='ocrx_word' id='word_1_303' title='bbox 1803 2629 1945 2696; x_wconf 88' lang='lat' dir='ltr'><strong>ornnes,</strong></span> <span class='ocrx_word' id='word_1_304' title='bbox 1979 2624 2112 2680; x_wconf 84' lang='lat' dir='ltr'><strong>uteor-</strong></span> 
     </span>
     <span class='ocr_line' id='line_1_24' title="bbox 79 2703 2112 2805; baseline 0 -27"><span class='ocrx_word' id='word_1_305' title='bbox 79 2732 156 2805; x_wconf 86' lang='lat' dir='ltr'><strong>que</strong></span> <span class='ocrx_word' id='word_1_306' title='bbox 177 2728 247 2793; x_wconf 92' lang='lat' dir='ltr'><strong>res,</strong></span> <span class='ocrx_word' id='word_1_307' title='bbox 285 2707 373 2801; x_wconf 88' lang='lat' dir='ltr'><strong>quid</strong></span> <span class='ocrx_word' id='word_1_308' title='bbox 396 2708 441 2775; x_wconf 89' lang='lat' dir='ltr'><strong>de</strong></span> <span class='ocrx_word' id='word_1_309' title='bbox 466 2704 769 2798; x_wconf 85' lang='lat' dir='ltr'><strong>disputationibus</strong></span> <span class='ocrx_word' id='word_1_310' title='bbox 795 2705 980 2802; x_wconf 90' lang='lat' dir='ltr'><strong>utriusque</strong></span> <span class='ocrx_word' id='word_1_311' title='bbox 999 2710 1071 2775; x_wconf 62' lang='lat' dir='ltr'><strong>stass</strong></span> <span class='ocrx_word' id='word_1_312' title='bbox 1122 2703 1261 2773; x_wconf 88' lang='lat' dir='ltr'><strong>datiset</strong></span> <span class='ocrx_word' id='word_1_313' title='bbox 1279 2704 1383 2774; x_wconf 88' lang='lat' dir='ltr'><strong>bonis</strong></span> <span class='ocrx_word' id='word_1_314' title='bbox 1399 2706 1522 2778; x_wconf 91' lang='lat' dir='ltr'><strong>multis</strong></span> <span class='ocrx_word' id='word_1_315' title='bbox 1537 2730 1610 2776; x_wconf 90' lang='lat' dir='ltr'><strong>non</strong></span> <span class='ocrx_word' id='word_1_316' title='bbox 1633 2710 1933 2779; x_wconf 88' lang='lat' dir='ltr'><strong>contemnendum</strong></span> <span class='ocrx_word' id='word_1_317' title='bbox 1957 2710 2112 2780; x_wconf 85' lang='lat' dir='ltr'><strong>offendi·</strong></span> 
     </span>
     <span class='ocr_line' id='line_1_25' title="bbox 76 2804 2112 2899; baseline -0 -15"><span class='ocrx_word' id='word_1_318' title='bbox 76 2810 253 2884; x_wconf 91' lang='lat' dir='ltr'><strong>tuendum</strong></span> <span class='ocrx_word' id='word_1_319' title='bbox 283 2810 347 2889; x_wconf 93' lang='lat' dir='ltr'><strong>sit,</strong></span> <span class='ocrx_word' id='word_1_320' title='bbox 384 2807 497 2877; x_wconf 90' lang='lat' dir='ltr'><strong>literis</strong></span> <span class='ocrx_word' id='word_1_321' title='bbox 524 2805 671 2896; x_wconf 76' lang='lat' dir='ltr'><strong>usnrtgi</strong></span> <span class='ocrx_word' id='word_1_322' title='bbox 699 2831 773 2877; x_wconf 93' lang='lat' dir='ltr'><strong>non</strong></span> <span class='ocrx_word' id='word_1_323' title='bbox 803 2821 935 2899; x_wconf 88' lang='lat' dir='ltr'><strong>potest,</strong></span> <span class='ocrx_word' id='word_1_324' title='bbox 975 2819 1071 2899; x_wconf 89' lang='lat' dir='ltr'><strong>patet</strong></span> <span class='ocrx_word' id='word_1_325' title='bbox 1121 2804 1243 2897; x_wconf 84' lang='lat' dir='ltr'><strong>culum</strong></span> <span class='ocrx_word' id='word_1_326' title='bbox 1275 2806 1529 2894; x_wconf 87' lang='lat' dir='ltr'><strong>obiecerimus‚</strong></span> <span class='ocrx_word' id='word_1_327' title='bbox 1569 2812 1655 2879; x_wconf 88' lang='lat' dir='ltr'><strong>dum</strong></span> <span class='ocrx_word' id='word_1_328' title='bbox 1687 2811 1811 2882; x_wconf 86' lang='lat' dir='ltr'><strong>vident</strong></span> <span class='ocrx_word' id='word_1_329' title='bbox 1837 2835 1903 2882; x_wconf 87' lang='lat' dir='ltr'><strong>nos</strong></span> <span class='ocrx_word' id='word_1_330' title='bbox 1932 2810 2013 2882; x_wconf 89' lang='lat' dir='ltr'><strong>illos</strong></span> <span class='ocrx_word' id='word_1_331' title='bbox 2036 2836 2112 2883; x_wconf 89' lang='lat' dir='ltr'><strong>non</strong></span> 
     </span>
     <span class='ocr_line' id='line_1_26' title="bbox 78 2906 2113 3003; baseline 0 -20"><span class='ocrx_word' id='word_1_332' title='bbox 78 2912 186 2983; x_wconf 89' lang='lat' dir='ltr'><strong>latius</strong></span> <span class='ocrx_word' id='word_1_333' title='bbox 201 2934 309 3003; x_wconf 90' lang='lat' dir='ltr'><strong>quam</strong></span> <span class='ocrx_word' id='word_1_334' title='bbox 325 2932 389 2979; x_wconf 86' lang='lat' dir='ltr'><strong>vos</strong></span> <span class='ocrx_word' id='word_1_335' title='bbox 405 2908 539 2994; x_wconf 88' lang='lat' dir='ltr'><strong>obiter,</strong></span> <span class='ocrx_word' id='word_1_336' title='bbox 562 2921 601 2979; x_wconf 88' lang='lat' dir='ltr'><strong>ut</strong></span> <span class='ocrx_word' id='word_1_337' title='bbox 614 2907 788 2991; x_wconf 81' lang='lat' dir='ltr'><strong>scribitis,</strong></span> <span class='ocrx_word' id='word_1_338' title='bbox 814 2910 966 2981; x_wconf 86' lang='lat' dir='ltr'><strong>aliorum</strong></span> <span class='ocrx_word' id='word_1_339' title='bbox 982 2908 1070 2979; x_wconf 89' lang='lat' dir='ltr'><strong>scri·</strong></span> <span class='ocrx_word' id='word_1_340' title='bbox 1121 2906 1266 2996; x_wconf 75' lang='lat' dir='ltr'><strong>legisse,</strong></span> <span class='ocrx_word' id='word_1_341' title='bbox 1298 2919 1359 2980; x_wconf 86' lang='lat' dir='ltr'><strong>aut</strong></span> <span class='ocrx_word' id='word_1_342' title='bbox 1381 2911 1573 3000; x_wconf 89' lang='lat' dir='ltr'><strong>prudentes</strong></span> <span class='ocrx_word' id='word_1_343' title='bbox 1586 2910 1805 2984; x_wconf 86' lang='lat' dir='ltr'><strong>&#39;calumniari</strong></span> <span class='ocrx_word' id='word_1_344' title='bbox 1824 2913 1990 2985; x_wconf 83' lang='lat' dir='ltr'><strong>voluisse.</strong></span> <span class='ocrx_word' id='word_1_345' title='bbox 2039 2912 2113 2987; x_wconf 85' lang='lat' dir='ltr'><strong>Sed</strong></span> 
     </span>
    </p>
   </div>
   <div class='ocr_carea' id='block_1_4' title="bbox 76 3004 2161 3112">
    <p class='ocr_par' dir='ltr' id='par_1_5' title="bbox 76 3004 2161 3112">
     <span class='ocr_line' id='line_1_27' title="bbox 76 3004 2161 3112; baseline 0.001 -28"><span class='ocrx_word' id='word_1_346' title='bbox 76 3026 137 3108; x_wconf 87' lang='lat' dir='ltr'><strong>pta</strong></span> <span class='ocrx_word' id='word_1_347' title='bbox 153 3014 327 3105; x_wconf 83' lang='lat' dir='ltr'><strong>legentes,</strong></span> <span class='ocrx_word' id='word_1_348' title='bbox 351 3011 472 3082; x_wconf 88' lang='lat' dir='ltr'><strong>iorsau</strong></span> <span class='ocrx_word' id='word_1_349' title='bbox 493 3006 655 3104; x_wconf 70' lang='lat' dir='ltr'><strong>putecm&#39;</strong></span> <span class='ocrx_word' id='word_1_350' title='bbox 1122 3009 1166 3076; x_wconf 89' lang='lat' dir='ltr'><strong>de</strong></span> <span class='ocrx_word' id='word_1_351' title='bbox 1191 3004 1248 3078; x_wconf 92' lang='lat' dir='ltr'><strong>his</strong></span> <span class='ocrx_word' id='word_1_352' title='bbox 1271 3032 1414 3105; x_wconf 87' lang='lat' dir='ltr'><strong>quoque</strong></span> <span class='ocrx_word' id='word_1_353' title='bbox 1433 3012 1593 3085; x_wconf 83' lang='lat' dir='ltr'><strong>satisfieri</strong></span> <span class='ocrx_word' id='word_1_354' title='bbox 1616 3037 1682 3107; x_wconf 92' lang='lat' dir='ltr'><strong>per</strong></span> <span class='ocrx_word' id='word_1_355' title='bbox 1702 3015 1887 3108; x_wconf 86' lang='lat' dir='ltr'><strong>epistolam</strong></span> <span class='ocrx_word' id='word_1_356' title='bbox 1907 3014 2011 3088; x_wconf 86' lang='lat' dir='ltr'><strong>vobis</strong></span> <span class='ocrx_word' id='word_1_357' title='bbox 2035 3034 2110 3087; x_wconf 81' lang='lat' dir='ltr'><strong>no&#39;n</strong></span> <span class='ocrx_word' id='word_1_358' title='bbox 2148 3106 2161 3112; x_wconf 42' lang='grc'>-</span> 
     </span>
    </p>
   </div>
   <div class='ocr_carea' id='block_1_5' title="bbox 182 3122 1248 3239">
    <p class='ocr_par' dir='ltr' id='par_1_6' title="bbox 182 3122 1248 3239">
     <span class='ocr_line' id='line_1_28' title="bbox 182 3122 1248 3239; baseline -0.039 -2"><span class='ocrx_word' id='word_1_359' title='bbox 182 3162 237 3236; x_wconf 87' lang='lat' dir='ltr'><strong>De</strong></span> <span class='ocrx_word' id='word_1_360' title='bbox 258 3160 523 3234; x_wconf 85' lang='lat' dir='ltr'><strong>commentariis</strong></span> <span class='ocrx_word' id='word_1_361' title='bbox 537 3161 609 3233; x_wconf 88' lang='lat' dir='ltr'><strong>tuis</strong></span> <span class='ocrx_word' id='word_1_362' title='bbox 623 3161 715 3235; x_wconf 85' lang='lat' dir='ltr'><strong>bene</strong></span> <span class='ocrx_word' id='word_1_363' title='bbox 731 3157 838 3236; x_wconf 91' lang='lat' dir='ltr'><strong>hahet</strong></span> <span class='ocrx_word' id='word_1_364' title='bbox 857 3186 924 3239; x_wconf 87' lang='lat' dir='ltr'><strong>ree.</strong></span> <span class='ocrx_word' id='word_1_365' title='bbox 975 3157 1070 3235; x_wconf 58' lang='lat' dir='ltr'><strong>om.</strong></span> <span class='ocrx_word' id='word_1_366' title='bbox 1120 3122 1248 3202; x_wconf 62' lang='grc' dir='ltr'><strong>ΡΜ·</strong></span> 
     </span>
    </p>
   </div>
   <div class='ocr_carea' id='block_1_6' title="bbox 77 3262 2112 3409">
    <p class='ocr_par' dir='ltr' id='par_1_7' title="bbox 77 3262 2112 3409">
     <span class='ocr_line' id='line_1_29' title="bbox 77 3262 2112 3409; baseline 0.017 -53"><span class='ocrx_word' id='word_1_367' title='bbox 77 3291 162 3341; x_wconf 74' lang='lat'><strong>¹⁰⁰⁸</strong></span> <span class='ocrx_word' id='word_1_368' title='bbox 174 3265 380 3352; x_wconf 59' lang='lat' dir='ltr'><strong>minuma</strong></span> <span class='ocrx_word' id='word_1_369' title='bbox 403 3280 443 3338; x_wconf 71' lang='lat'><strong>¹¹²</strong></span> <span class='ocrx_word' id='word_1_370' title='bbox 459 3262 597 3360; x_wconf 58' lang='lat' dir='ltr'><strong>Ubique·</strong></span> <span class='ocrx_word' id='word_1_371' title='bbox 610 3284 678 3337; x_wconf 79' lang='lat'><strong>¹¹⁰⁸</strong></span> <span class='ocrx_word' id='word_1_372' title='bbox 692 3288 756 3337; x_wconf 71' lang='lat'><strong>⁸¹¹⁰</strong></span> <span class='ocrx_word' id='word_1_373' title='bbox 771 3265 910 3359; x_wconf 48' lang='lat' dir='ltr'><strong>spirim</strong></span> <span class='ocrx_word' id='word_1_374' title='bbox 924 3278 1033 3357; x_wconf 50' lang='lat' dir='ltr'><strong>“m</strong></span> <span class='ocrx_word' id='word_1_375' title='bbox 1120 3313 1189 3384; x_wconf 86' lang='lat' dir='ltr'><strong>soh</strong></span> <span class='ocrx_word' id='word_1_376' title='bbox 1202 3313 1271 3405; x_wconf 92' lang='lat' dir='ltr'><strong>piis</strong></span> <span class='ocrx_word' id='word_1_377' title='bbox 1287 3315 1528 3409; x_wconf 89' lang='lat' dir='ltr'><strong>principibus,</strong></span> <span class='ocrx_word' id='word_1_378' title='bbox 1549 3314 1787 3391; x_wconf 89' lang='lat' dir='ltr'><strong>Constantino</strong></span> <span class='ocrx_word' id='word_1_379' title='bbox 1802 3331 1838 3391; x_wconf 88' lang='lat' dir='ltr'><strong>et</strong></span> <span class='ocrx_word' id='word_1_380' title='bbox 1853 3322 2112 3391; x_wconf 86' lang='lat' dir='ltr'><strong>successoribus</strong></span> 
     </span>
    </p>
   </div>
   <div class='ocr_carea' id='block_1_7' title="bbox 56 3414 2113 5259">
    <p class='ocr_par' dir='ltr' id='par_1_8' title="bbox 56 3414 2113 5259">
     <span class='ocr_line' id='line_1_30' title="bbox 180 3414 2113 3533; baseline -0.008 -25"><span class='ocrx_word' id='word_1_381' title='bbox 180 3432 235 3508; x_wconf 83' lang='lat' dir='ltr'><strong>De</strong></span> <span class='ocrx_word' id='word_1_382' title='bbox 257 3426 656 3529; x_wconf 79' lang='lat' dir='ltr'><strong>Wltendergensidus.</strong></span> <span class='ocrx_word' id='word_1_383' title='bbox 710 3430 781 3504; x_wconf 89' lang='lat' dir='ltr'><strong>Hic</strong></span> <span class='ocrx_word' id='word_1_384' title='bbox 796 3430 889 3503; x_wconf 91' lang='lat' dir='ltr'><strong>nihil</strong></span> <span class='ocrx_word' id='word_1_385' title='bbox 904 3433 1001 3505; x_wconf 87' lang='lat' dir='ltr'><strong>aliud</strong></span> <span class='ocrx_word' id='word_1_386' title='bbox 1025 3434 1070 3503; x_wconf 92' lang='lat' dir='ltr'><strong>de</strong></span> <span class='ocrx_word' id='word_1_387' title='bbox 1122 3414 1220 3533; x_wconf 43' lang='lat'><strong>⁰³3¹&amp;</strong></span> <span class='ocrx_word' id='word_1_388' title='bbox 1248 3437 1425 3486; x_wconf 64' lang='lat' dir='ltr'><strong>”mrum</strong></span> <span class='ocrx_word' id='word_1_389' title='bbox 1446 3421 1664 3513; x_wconf 65' lang='lat' dir='ltr'><strong>tynodotum</strong></span> <span class='ocrx_word' id='word_1_390' title='bbox 1681 3421 2001 3493; x_wconf 77' lang='lat' dir='ltr'><strong>consultationibus</strong></span> <span class='ocrx_word' id='word_1_391' title='bbox 2025 3444 2113 3493; x_wconf 90' lang='lat' dir='ltr'><strong>con-</strong></span> 
     </span>
     <span class='ocr_line' id='line_1_31' title="bbox 77 3511 2112 3636; baseline -0.007 -21"><span class='ocrx_word' id='word_1_392' title='bbox 77 3538 183 3614; x_wconf 84' lang='lat' dir='ltr'><strong>vobis</strong></span> <span class='ocrx_word' id='word_1_393' title='bbox 193 3537 370 3610; x_wconf 90' lang='lat' dir='ltr'><strong>contendo</strong></span> <span class='ocrx_word' id='word_1_394' title='bbox 383 3560 489 3631; x_wconf 88' lang='lat' dir='ltr'><strong>quam</strong></span> <span class='ocrx_word' id='word_1_395' title='bbox 503 3548 545 3606; x_wconf 91' lang='lat' dir='ltr'><strong>ut</strong></span> <span class='ocrx_word' id='word_1_396' title='bbox 559 3536 655 3628; x_wconf 89' lang='lat' dir='ltr'><strong>quod</strong></span> <span class='ocrx_word' id='word_1_397' title='bbox 670 3534 847 3605; x_wconf 87' lang='lat' dir='ltr'><strong>damnatis</strong></span> <span class='ocrx_word' id='word_1_398' title='bbox 861 3534 943 3603; x_wconf 90' lang='lat' dir='ltr'><strong>illos</strong></span> <span class='ocrx_word' id='word_1_399' title='bbox 956 3534 1069 3604; x_wconf 86' lang='lat' dir='ltr'><strong>lacere</strong></span> <span class='ocrx_word' id='word_1_400' title='bbox 1121 3526 1259 3600; x_wconf 61' lang='lat' dir='ltr'><strong>‘musta</strong></span> <span class='ocrx_word' id='word_1_401' title='bbox 1292 3529 1328 3586; x_wconf 58' lang='grc' dir='ltr'><strong>ἃ</strong></span> <span class='ocrx_word' id='word_1_402' title='bbox 1341 3511 1600 3636; x_wconf 52' lang='lat' dir='ltr'><strong>haereticorum</strong></span> <span class='ocrx_word' id='word_1_403' title='bbox 1617 3524 1773 3603; x_wconf 66' lang='lat' dir='ltr'><strong>fumet,</strong></span> <span class='ocrx_word' id='word_1_404' title='bbox 1806 3522 1987 3635; x_wconf 36' lang='lat' dir='ltr'><strong>quiaantea</strong></span> <span class='ocrx_word' id='word_1_405' title='bbox 2008 3522 2112 3592; x_wconf 70' lang='lat' dir='ltr'><strong>inva-</strong></span> 
     </span>
     <span class='ocr_line' id='line_1_32' title="bbox 78 3616 2112 3735; baseline -0.011 -22"><span class='ocrx_word' id='word_1_406' title='bbox 78 3642 202 3729; x_wconf 86' lang='lat' dir='ltr'><strong>robis,</strong></span> <span class='ocrx_word' id='word_1_407' title='bbox 229 3662 292 3712; x_wconf 85' lang='lat' dir='ltr'><strong>vos</strong></span> <span class='ocrx_word' id='word_1_408' title='bbox 316 3638 458 3707; x_wconf 85' lang='lat' dir='ltr'><strong>illis‘ne</strong></span> <span class='ocrx_word' id='word_1_409' title='bbox 481 3635 651 3707; x_wconf 73' lang='lat' dir='ltr'><strong>leocritiae</strong></span> <span class='ocrx_word' id='word_1_410' title='bbox 689 3657 817 3725; x_wconf 88' lang='lat' dir='ltr'><strong>nempe</strong></span> <span class='ocrx_word' id='word_1_411' title='bbox 832 3648 871 3705; x_wconf 92' lang='lat' dir='ltr'><strong>ut</strong></span> <span class='ocrx_word' id='word_1_412' title='bbox 887 3633 1068 3723; x_wconf 81' lang='lat' dir='ltr'><strong>incognita</strong></span> <span class='ocrx_word' id='word_1_413' title='bbox 1121 3616 1280 3699; x_wconf 62' lang='lat' dir='ltr'><strong>luerim,</strong></span> <span class='ocrx_word' id='word_1_414' title='bbox 1299 3630 1487 3735; x_wconf 37' lang='lat' dir='ltr'><strong>‘teprffltb</strong></span> <span class='ocrx_word' id='word_1_415' title='bbox 1538 3618 1636 3709; x_wconf 81' lang='lat' dir='ltr'><strong>Quid</strong></span> <span class='ocrx_word' id='word_1_416' title='bbox 1657 3621 1685 3689; x_wconf 74' lang='lat' dir='ltr'><strong>si</strong></span> <span class='ocrx_word' id='word_1_417' title='bbox 1701 3617 1794 3691; x_wconf 77' lang='lat' dir='ltr'><strong>hanc</strong></span> <span class='ocrx_word' id='word_1_418' title='bbox 1808 3635 1843 3693; x_wconf 83' lang='lat' dir='ltr'><strong>et</strong></span> <span class='ocrx_word' id='word_1_419' title='bbox 1864 3624 1970 3693; x_wconf 85' lang='lat' dir='ltr'><strong>nobis</strong></span> <span class='ocrx_word' id='word_1_420' title='bbox 1984 3621 2112 3694; x_wconf 88' lang='lat' dir='ltr'><strong>Domi-</strong></span> 
     </span>
     <span class='ocr_line' id='line_1_33' title="bbox 78 3718 2111 3837; baseline -0.005 -19"><span class='ocrx_word' id='word_1_421' title='bbox 78 3768 183 3825; x_wconf 85' lang='lat' dir='ltr'><strong>causa</strong></span> <span class='ocrx_word' id='word_1_422' title='bbox 203 3764 264 3813; x_wconf 88' lang='lat' dir='ltr'><strong>cos</strong></span> <span class='ocrx_word' id='word_1_423' title='bbox 285 3762 361 3808; x_wconf 88' lang='lat' dir='ltr'><strong>oon</strong></span> <span class='ocrx_word' id='word_1_424' title='bbox 381 3735 636 3810; x_wconf 86' lang='lat' dir='ltr'><strong>condemnetis.</strong></span> <span class='ocrx_word' id='word_1_425' title='bbox 686 3733 777 3805; x_wconf 87' lang='lat' dir='ltr'><strong>Nam</strong></span> <span class='ocrx_word' id='word_1_426' title='bbox 793 3758 914 3805; x_wconf 76' lang='lat' dir='ltr'><strong>neces</strong></span> <span class='ocrx_word' id='word_1_427' title='bbox 930 3734 1069 3827; x_wconf 89' lang='lat' dir='ltr'><strong>scriptis</strong></span> <span class='ocrx_word' id='word_1_428' title='bbox 1120 3735 1190 3784; x_wconf 78' lang='lat'>¹¹⁰⁸</span> <span class='ocrx_word' id='word_1_429' title='bbox 1221 3728 1370 3836; x_wconf 42' lang='lat' dir='ltr'><strong>illlum</strong></span> <span class='ocrx_word' id='word_1_430' title='bbox 1401 3718 1531 3837; x_wconf 49' lang='lat' dir='ltr'><strong>fitia?</strong></span> <span class='ocrx_word' id='word_1_431' title='bbox 1579 3718 1787 3792; x_wconf 67' lang='lat' dir='ltr'><strong>Pmimum</strong></span> <span class='ocrx_word' id='word_1_432' title='bbox 1810 3735 1882 3810; x_wconf 63' lang='lat'><strong>0⁸12</strong></span> <span class='ocrx_word' id='word_1_433' title='bbox 1920 3738 2111 3795; x_wconf 56' lang='lat' dir='ltr'><strong>”1⁰³¹ssss</strong></span> 
     </span>
     <span class='ocr_line' id='line_1_34' title="bbox 78 3814 2111 3939; baseline -0.003 -25"><span class='ocrx_word' id='word_1_434' title='bbox 78 3872 141 3919; x_wconf 79' lang='lat' dir='ltr'><strong>uec</strong></span> <span class='ocrx_word' id='word_1_435' title='bbox 170 3868 214 3914; x_wconf 84' lang='lat' dir='ltr'><strong>ex</strong></span> <span class='ocrx_word' id='word_1_436' title='bbox 245 3843 394 3910; x_wconf 83' lang='lat' dir='ltr'><strong>fratrum</strong></span> <span class='ocrx_word' id='word_1_437' title='bbox 416 3838 523 3907; x_wconf 85' lang='lat' dir='ltr'><strong>vestri</strong></span> <span class='ocrx_word' id='word_1_438' title='bbox 548 3859 631 3907; x_wconf 83' lang='lat' dir='ltr'><strong>vere</strong></span> <span class='ocrx_word' id='word_1_439' title='bbox 658 3835 855 3907; x_wconf 87' lang='lat' dir='ltr'><strong>amantium</strong></span> <span class='ocrx_word' id='word_1_440' title='bbox 888 3836 1068 3931; x_wconf 82' lang='lat' dir='ltr'><strong>colloquio</strong></span> <span class='ocrx_word' id='word_1_441' title='bbox 1120 3814 1335 3939; x_wconf 56' lang='lat' dir='ltr'><strong>Gfflmssffe</strong></span> <span class='ocrx_word' id='word_1_442' title='bbox 1355 3821 1553 3913; x_wconf 66' lang='lat' dir='ltr'><strong>prmeipm,</strong></span> <span class='ocrx_word' id='word_1_443' title='bbox 1586 3823 1648 3918; x_wconf 87' lang='lat' dir='ltr'><strong>qui</strong></span> <span class='ocrx_word' id='word_1_444' title='bbox 1669 3826 1713 3893; x_wconf 89' lang='lat' dir='ltr'><strong>ad</strong></span> <span class='ocrx_word' id='word_1_445' title='bbox 1728 3822 1993 3916; x_wconf 81' lang='lat' dir='ltr'><strong>Septentriones</strong></span> <span class='ocrx_word' id='word_1_446' title='bbox 2015 3838 2111 3907; x_wconf 73' lang='lat' dir='ltr'><strong>tunt,</strong></span> 
     </span>
     <span class='ocr_line' id='line_1_35' title="bbox 56 3912 2112 4029; baseline -0 -31"><span class='ocrx_word' id='word_1_447' title='bbox 56 3952 67 3959; x_wconf 83' lang='grc'><strong><em>’</em></strong></span> <span class='ocrx_word' id='word_1_448' title='bbox 78 3944 261 4022; x_wconf 63' lang='lat' dir='ltr'><strong>mfinefig</strong></span> <span class='ocrx_word' id='word_1_449' title='bbox 293 3963 432 4011; x_wconf 59' lang='lat' dir='ltr'><strong>cauum</strong></span> <span class='ocrx_word' id='word_1_450' title='bbox 467 3934 560 4011; x_wconf 60' lang='lat' dir='ltr'><strong>hanc</strong></span> <span class='ocrx_word' id='word_1_451' title='bbox 586 3959 807 4029; x_wconf 48' lang='lat' dir='ltr'><strong>columem,</strong></span> <span class='ocrx_word' id='word_1_452' title='bbox 873 3937 942 4010; x_wconf 68' lang='lat' dir='ltr'><strong>sed</strong></span> <span class='ocrx_word' id='word_1_453' title='bbox 977 3933 1069 4008; x_wconf 72' lang='lat' dir='ltr'><strong>mihi</strong></span> <span class='ocrx_word' id='word_1_454' title='bbox 1119 3912 1306 4009; x_wconf 62' lang='lat' dir='ltr'><strong>Evillsseill</strong></span> <span class='ocrx_word' id='word_1_455' title='bbox 1335 3922 1631 4011; x_wconf 64' lang='lat' dir='ltr'><strong>praedicationem</strong></span> <span class='ocrx_word' id='word_1_456' title='bbox 1666 3925 1857 4019; x_wconf 78' lang='lat' dir='ltr'><strong>publicitus</strong></span> <span class='ocrx_word' id='word_1_457' title='bbox 1892 3928 2112 4009; x_wconf 70' lang='lat' dir='ltr'><strong>admiffl&#39;ini,</strong></span> 
     </span>
     <span class='ocr_line' id='line_1_36' title="bbox 78 4021 2112 4141; baseline -0.005 -17"><span class='ocrx_word' id='word_1_458' title='bbox 78 4074 177 4125; x_wconf 87' lang='lat' dir='ltr'><strong>nunc</strong></span> <span class='ocrx_word' id='word_1_459' title='bbox 188 4043 297 4119; x_wconf 92' lang='lat' dir='ltr'><strong>huius</strong></span> <span class='ocrx_word' id='word_1_460' title='bbox 312 4040 437 4113; x_wconf 89' lang='lat' dir='ltr'><strong>iudicii</strong></span> <span class='ocrx_word' id='word_1_461' title='bbox 454 4040 523 4110; x_wconf 88' lang='lat' dir='ltr'><strong>mei</strong></span> <span class='ocrx_word' id='word_1_462' title='bbox 539 4053 692 4111; x_wconf 82' lang='lat' dir='ltr'><strong>extrema</strong></span> <span class='ocrx_word' id='word_1_463' title='bbox 708 4038 798 4111; x_wconf 91' lang='lat' dir='ltr'><strong>ratio</strong></span> <span class='ocrx_word' id='word_1_464' title='bbox 822 4041 1009 4111; x_wconf 82' lang='lat' dir='ltr'><strong>reddenda·</strong></span> <span class='ocrx_word' id='word_1_465' title='bbox 1023 4040 1070 4111; x_wconf 93' lang='lat' dir='ltr'><strong>sit</strong></span> <span class='ocrx_word' id='word_1_466' title='bbox 1120 4041 1187 4091; x_wconf 70' lang='lat'><strong>¹¹⁰⁶</strong></span> <span class='ocrx_word' id='word_1_467' title='bbox 1203 4021 1484 4141; x_wconf 34' lang='lat' dir='ltr'><strong>munlffflodbssis</strong></span> <span class='ocrx_word' id='word_1_468' title='bbox 1516 4039 1556 4097; x_wconf 64' lang='lat'><strong>¹¹⁸</strong></span> <span class='ocrx_word' id='word_1_469' title='bbox 1579 4041 1694 4098; x_wconf 62' lang='lat' dir='ltr'><strong>mmm</strong></span> <span class='ocrx_word' id='word_1_470' title='bbox 1709 4050 1858 4118; x_wconf 65' lang='lat' dir='ltr'><strong>“dnum</strong></span> <span class='ocrx_word' id='word_1_471' title='bbox 1874 4022 2032 4098; x_wconf 60' lang='lat' dir='ltr'>D‘W&#39;ssss</span> <span class='ocrx_word' id='word_1_472' title='bbox 2052 4051 2112 4098; x_wconf 70' lang='lat'><strong>⁰0·</strong></span> 
     </span>
     <span class='ocr_line' id='line_1_37' title="bbox 78 4114 2111 4243; baseline -0.001 -42"><span class='ocrx_word' id='word_1_473' title='bbox 78 4176 142 4225; x_wconf 63' lang='grc'><strong>,0,</strong></span> <span class='ocrx_word' id='word_1_474' title='bbox 162 4173 237 4220; x_wconf 65' lang='grc' dir='ltr'><strong>ῃοῃ</strong></span> <span class='ocrx_word' id='word_1_475' title='bbox 261 4140 383 4215; x_wconf 62' lang='lat' dir='ltr'><strong>mim„</strong></span> <span class='ocrx_word' id='word_1_476' title='bbox 403 4142 526 4237; x_wconf 62' lang='lat' dir='ltr'><strong>inique</strong></span> <span class='ocrx_word' id='word_1_477' title='bbox 550 4143 588 4212; x_wconf 75' lang='grc' dir='ltr'><strong>ῑῃ</strong></span> <span class='ocrx_word' id='word_1_478' title='bbox 608 4140 708 4230; x_wconf 60' lang='lat' dir='ltr'><strong>mm,</strong></span> <span class='ocrx_word' id='word_1_479' title='bbox 741 4166 848 4237; x_wconf 65' lang='lat' dir='ltr'><strong>qum</strong></span> <span class='ocrx_word' id='word_1_480' title='bbox 867 4141 922 4212; x_wconf 68' lang='lat'><strong>1113</strong></span> <span class='ocrx_word' id='word_1_481' title='bbox 938 4140 977 4211; x_wconf 69' lang='lat'><strong>5„</strong></span> <span class='ocrx_word' id='word_1_482' title='bbox 995 4166 1068 4225; x_wconf 57' lang='grc' dir='ltr'><strong>Μ,</strong></span> <span class='ocrx_word' id='word_1_483' title='bbox 1120 4124 1183 4193; x_wconf 91' lang='lat' dir='ltr'><strong>dat</strong></span> <span class='ocrx_word' id='word_1_484' title='bbox 1216 4114 1450 4243; x_wconf 62' lang='lat' dir='ltr'><strong>Christus-no</strong></span> <span class='ocrx_word' id='word_1_485' title='bbox 1475 4127 1610 4198; x_wconf 87' lang='lat' dir='ltr'><strong>iuniori</strong></span> <span class='ocrx_word' id='word_1_486' title='bbox 1623 4125 1659 4223; x_wconf 78' lang='lat'><strong>³)</strong></span> <span class='ocrx_word' id='word_1_487' title='bbox 1689 4129 1845 4223; x_wconf 90' lang='lat' dir='ltr'><strong>principi</strong></span> <span class='ocrx_word' id='word_1_488' title='bbox 1875 4129 2111 4221; x_wconf 87' lang='lat' dir='ltr'><strong>pientissimo,</strong></span> 
     </span>
     <span class='ocr_line' id='line_1_38' title="bbox 77 4224 2110 4344; baseline -0.002 -16"><span class='ocrx_word' id='word_1_489' title='bbox 77 4251 194 4327; x_wconf 78' lang='lat' dir='ltr'><strong>allecti</strong></span> <span class='ocrx_word' id='word_1_490' title='bbox 210 4247 293 4321; x_wconf 90' lang='lat' dir='ltr'><strong>estis</strong></span> <span class='ocrx_word' id='word_1_491' title='bbox 309 4261 343 4318; x_wconf 89' lang='lat' dir='ltr'><strong>et</strong></span> <span class='ocrx_word' id='word_1_492' title='bbox 358 4244 495 4319; x_wconf 88' lang='lat' dir='ltr'><strong>iniurii.</strong></span> <span class='ocrx_word' id='word_1_493' title='bbox 544 4240 640 4315; x_wconf 88' lang='lat' dir='ltr'><strong>Boni</strong></span> <span class='ocrx_word' id='word_1_494' title='bbox 654 4241 828 4314; x_wconf 89' lang='lat' dir='ltr'><strong>consulite</strong></span> <span class='ocrx_word' id='word_1_495' title='bbox 842 4269 899 4313; x_wconf 92' lang='lat' dir='ltr'><strong>me</strong></span> <span class='ocrx_word' id='word_1_496' title='bbox 915 4244 1068 4315; x_wconf 87' lang='lat' dir='ltr'><strong>scrihere</strong></span> <span class='ocrx_word' id='word_1_497' title='bbox 1119 4229 1541 4344; x_wconf 56' lang='lat' dir='ltr'><strong>nullitffmfflfflffifflm</strong></span> <span class='ocrx_word' id='word_1_498' title='bbox 1551 4224 1716 4303; x_wconf 64' lang='lat' dir='ltr'><strong>b⁰⁸¹3¹⁰m</strong></span> <span class='ocrx_word' id='word_1_499' title='bbox 1726 4246 1838 4303; x_wconf 67' lang='lat' dir='ltr'><strong>¹⁰i¹¹¹¹¹</strong></span> <span class='ocrx_word' id='word_1_500' title='bbox 1849 4232 2110 4325; x_wconf 59' lang='lat' dir='ltr'><strong>Pfflpedilel&#39;ii·</strong></span> 
     </span>
     <span class='ocr_line' id='line_1_39' title="bbox 78 4321 2109 4453; baseline -0.002 -26"><span class='ocrx_word' id='word_1_501' title='bbox 78 4354 176 4453; x_wconf 86' lang='lat' dir='ltr'><strong>quod</strong></span> <span class='ocrx_word' id='word_1_502' title='bbox 190 4349 322 4434; x_wconf 90' lang='lat' dir='ltr'><strong>sentio,</strong></span> <span class='ocrx_word' id='word_1_503' title='bbox 347 4361 514 4419; x_wconf 90' lang='lat' dir='ltr'><strong>etcoram</strong></span> <span class='ocrx_word' id='word_1_504' title='bbox 533 4342 689 4417; x_wconf 84' lang='lat' dir='ltr'><strong>Domino</strong></span> <span class='ocrx_word' id='word_1_505' title='bbox 707 4344 839 4417; x_wconf 89' lang='lat' dir='ltr'><strong>sentio:</strong></span> <span class='ocrx_word' id='word_1_506' title='bbox 865 4345 1068 4417; x_wconf 88' lang='lat' dir='ltr'><strong>mitioribus</strong></span> <span class='ocrx_word' id='word_1_507' title='bbox 1119 4321 1216 4395; x_wconf 62' lang='grc' dir='ltr'><strong>ΗΜ</strong></span> <span class='ocrx_word' id='word_1_508' title='bbox 1238 4348 1267 4394; x_wconf 81' lang='lat'><strong>⁸¹</strong></span> <span class='ocrx_word' id='word_1_509' title='bbox 1290 4350 1409 4418; x_wconf 62' lang='grc' dir='ltr'><strong>ΡΜ]</strong></span> <span class='ocrx_word' id='word_1_510' title='bbox 1428 4327 1608 4418; x_wconf 67' lang='lat' dir='ltr'>D⁰¹¹¹3¹¹¹¹⁸</span> <span class='ocrx_word' id='word_1_511' title='bbox 1631 4333 1789 4417; x_wconf 61' lang='lat' dir='ltr'><strong>dedffils</strong></span> <span class='ocrx_word' id='word_1_512' title='bbox 1830 4358 1937 4404; x_wconf 60' lang='grc' dir='ltr'><strong>(ΜΕ</strong></span> <span class='ocrx_word' id='word_1_513' title='bbox 1959 4356 2109 4425; x_wconf 64' lang='lat' dir='ltr'><strong>“dnum</strong></span> 
     </span>
     <span class='ocr_line' id='line_1_40' title="bbox 76 4423 2110 4555; baseline -0.001 -49"><span class='ocrx_word' id='word_1_514' title='bbox 76 4448 421 4555; x_wconf 59' lang='lat' dir='ltr'><strong>quidemvosverffi,</strong></span> <span class='ocrx_word' id='word_1_515' title='bbox 438 4459 473 4519; x_wconf 63' lang='lat'><strong>01</strong></span> <span class='ocrx_word' id='word_1_516' title='bbox 486 4470 561 4517; x_wconf 71' lang='lat' dir='ltr'><strong>non</strong></span> <span class='ocrx_word' id='word_1_517' title='bbox 577 4462 649 4519; x_wconf 61' lang='lat' dir='ltr'><strong>[am</strong></span> <span class='ocrx_word' id='word_1_518' title='bbox 665 4470 767 4537; x_wconf 68' lang='lat'><strong>⁰09⁰</strong></span> <span class='ocrx_word' id='word_1_519' title='bbox 783 4460 841 4516; x_wconf 62' lang='lat' dir='ltr'><strong>aur</strong></span> <span class='ocrx_word' id='word_1_520' title='bbox 863 4463 933 4516; x_wconf 58' lang='lat' dir='ltr'><strong>pam</strong></span> <span class='ocrx_word' id='word_1_521' title='bbox 950 4446 1067 4539; x_wconf 52' lang='lat' dir='ltr'><strong>palam</strong></span> <span class='ocrx_word' id='word_1_522' title='bbox 1118 4448 1223 4496; x_wconf 86' lang='lat' dir='ltr'><strong>suum</strong></span> <span class='ocrx_word' id='word_1_523' title='bbox 1246 4423 1391 4499; x_wconf 88' lang='lat' dir='ltr'><strong>Christo</strong></span> <span class='ocrx_word' id='word_1_524' title='bbox 1411 4435 1640 4505; x_wconf 85' lang='lat' dir='ltr'><strong>consecrabit.</strong></span> <span class='ocrx_word' id='word_1_525' title='bbox 1697 4432 1738 4504; x_wconf 90' lang='lat' dir='ltr'><strong>ld</strong></span> <span class='ocrx_word' id='word_1_526' title='bbox 1758 4436 1895 4526; x_wconf 85' lang='lat' dir='ltr'><strong>pridem</strong></span> <span class='ocrx_word' id='word_1_527' title='bbox 1918 4438 1999 4508; x_wconf 84' lang='lat' dir='ltr'><strong>lecit</strong></span> <span class='ocrx_word' id='word_1_528' title='bbox 2016 4431 2110 4505; x_wconf 80' lang='lat' dir='ltr'><strong>Sue-</strong></span> 
     </span>
     <span class='ocr_line' id='line_1_41' title="bbox 77 4532 2109 4643; baseline -0.013 -11"><span class='ocrx_word' id='word_1_529' title='bbox 77 4560 161 4632; x_wconf 88' lang='lat' dir='ltr'><strong>illos</strong></span> <span class='ocrx_word' id='word_1_530' title='bbox 180 4554 332 4627; x_wconf 87' lang='lat' dir='ltr'><strong>laeditis.</strong></span> <span class='ocrx_word' id='word_1_531' title='bbox 388 4549 459 4623; x_wconf 85' lang='lat' dir='ltr'><strong>Sed</strong></span> <span class='ocrx_word' id='word_1_532' title='bbox 482 4549 568 4643; x_wconf 84' lang='lat' dir='ltr'><strong>quid</strong></span> <span class='ocrx_word' id='word_1_533' title='bbox 591 4548 700 4642; x_wconf 89' lang='lat' dir='ltr'><strong>possit</strong></span> <span class='ocrx_word' id='word_1_534' title='bbox 717 4548 870 4619; x_wconf 87' lang='lat' dir='ltr'><strong>atrocius</strong></span> <span class='ocrx_word' id='word_1_535' title='bbox 887 4562 1006 4619; x_wconf 89' lang='lat' dir='ltr'><strong>tamen</strong></span> <span class='ocrx_word' id='word_1_536' title='bbox 1022 4549 1067 4619; x_wconf 76' lang='lat' dir='ltr'><strong>de</strong></span> <span class='ocrx_word' id='word_1_537' title='bbox 1120 4550 1204 4605; x_wconf 68' lang='lat' dir='ltr'><strong>‘ms</strong></span> <span class='ocrx_word' id='word_1_538' title='bbox 1244 4545 1443 4624; x_wconf 78' lang='lat' dir='ltr'><strong>sequnntur</strong></span> <span class='ocrx_word' id='word_1_539' title='bbox 1471 4559 1567 4604; x_wconf 87' lang='lat' dir='ltr'><strong>nune</strong></span> <span class='ocrx_word' id='word_1_540' title='bbox 1591 4534 1744 4630; x_wconf 76' lang='lat' dir='ltr'><strong>Augias</strong></span> <span class='ocrx_word' id='word_1_541' title='bbox 1776 4548 1810 4606; x_wconf 82' lang='lat' dir='ltr'><strong>et</strong></span> <span class='ocrx_word' id='word_1_542' title='bbox 1845 4532 1994 4617; x_wconf 75' lang='lat' dir='ltr'><strong>Scottis,</strong></span> <span class='ocrx_word' id='word_1_543' title='bbox 2034 4562 2109 4607; x_wconf 89' lang='lat' dir='ltr'><strong>uon</strong></span> 
     </span>
     <span class='ocr_line' id='line_1_42' title="bbox 75 4632 2111 4751; baseline -0.006 -18"><span class='ocrx_word' id='word_1_544' title='bbox 75 4662 128 4733; x_wconf 90' lang='lat' dir='ltr'><strong>eis</strong></span> <span class='ocrx_word' id='word_1_545' title='bbox 149 4656 239 4745; x_wconf 89' lang='lat' dir='ltr'><strong>dici,</strong></span> <span class='ocrx_word' id='word_1_546' title='bbox 272 4678 379 4750; x_wconf 88' lang='lat' dir='ltr'><strong>quam</strong></span> <span class='ocrx_word' id='word_1_547' title='bbox 400 4652 551 4745; x_wconf 84' lang='lat' dir='ltr'><strong>prodere</strong></span> <span class='ocrx_word' id='word_1_548' title='bbox 574 4650 753 4723; x_wconf 81' lang='lat' dir='ltr'><strong>veritatem</strong></span> <span class='ocrx_word' id='word_1_549' title='bbox 773 4644 925 4721; x_wconf 83' lang='lat' dir='ltr'><strong>Christi:</strong></span> <span class='ocrx_word' id='word_1_550' title='bbox 957 4650 1067 4742; x_wconf 89' lang='lat' dir='ltr'><strong>impia</strong></span> <span class='ocrx_word' id='word_1_551' title='bbox 1119 4632 1275 4720; x_wconf 61' lang='lat' dir='ltr'><strong>⁹⁰¹8²¹⁸i⁸</strong></span> <span class='ocrx_word' id='word_1_552' title='bbox 1297 4634 1474 4751; x_wconf 60' lang='grc' dir='ltr'><strong>Ιξθῗθῃῑῖὓθ</strong></span> <span class='ocrx_word' id='word_1_553' title='bbox 1495 4661 1603 4728; x_wconf 63' lang='lat'>“80⁸-</span> <span class='ocrx_word' id='word_1_554' title='bbox 1656 4638 1723 4710; x_wconf 64' lang='lat' dir='ltr'><strong>liii</strong></span> <span class='ocrx_word' id='word_1_555' title='bbox 1741 4639 1770 4706; x_wconf 61' lang='grc' dir='ltr'><strong>*ἶ</strong></span> <span class='ocrx_word' id='word_1_556' title='bbox 1789 4636 1965 4707; x_wconf 66' lang='grc' dir='ltr'><strong>ὓῦῐῦῑΰΰδ</strong></span> <span class='ocrx_word' id='word_1_557' title='bbox 1982 4638 2111 4709; x_wconf 55' lang='lat' dir='ltr'><strong>mabri</strong></span> 
     </span>
     <span class='ocr_line' id='line_1_43' title="bbox 74 4738 2112 4859; baseline -0.012 -24"><span class='ocrx_word' id='word_1_558' title='bbox 74 4758 265 4859; x_wconf 85' lang='lat' dir='ltr'><strong>tyrannide</strong></span> <span class='ocrx_word' id='word_1_559' title='bbox 286 4754 487 4850; x_wconf 87' lang='lat' dir='ltr'><strong>opprimere</strong></span> <span class='ocrx_word' id='word_1_560' title='bbox 511 4746 705 4824; x_wconf 83' lang='lat' dir='ltr'><strong>Ecclesiam</strong></span> <span class='ocrx_word' id='word_1_561' title='bbox 728 4745 881 4836; x_wconf 90' lang='lat' dir='ltr'><strong>Christi,</strong></span> <span class='ocrx_word' id='word_1_562' title='bbox 913 4767 947 4825; x_wconf 76' lang='lat' dir='ltr'><strong>et</strong></span> <span class='ocrx_word' id='word_1_563' title='bbox 964 4777 1067 4822; x_wconf 72' lang='lat' dir='ltr'><strong>men.</strong></span> <span class='ocrx_word' id='word_1_564' title='bbox 1118 4754 1162 4801; x_wconf 81' lang='lat' dir='ltr'><strong>cx</strong></span> <span class='ocrx_word' id='word_1_565' title='bbox 1182 4748 1281 4823; x_wconf 87' lang='lat' dir='ltr'><strong>parte</strong></span> <span class='ocrx_word' id='word_1_566' title='bbox 1304 4746 1397 4805; x_wconf 82' lang='lat' dir='ltr'><strong>rutra</strong></span> <span class='ocrx_word' id='word_1_567' title='bbox 1428 4738 1614 4837; x_wconf 85' lang='lat' dir='ltr'><strong>biennium</strong></span> <span class='ocrx_word' id='word_1_568' title='bbox 1640 4739 1810 4823; x_wconf 84' lang='lat' dir='ltr'><strong>coniecit,</strong></span> <span class='ocrx_word' id='word_1_569' title='bbox 1843 4763 1916 4833; x_wconf 88' lang='lat' dir='ltr'><strong>quo</strong></span> <span class='ocrx_word' id='word_1_570' title='bbox 1940 4739 2112 4812; x_wconf 88' lang='lat' dir='ltr'><strong>nimirum</strong></span> 
     </span>
     <span class='ocr_line' id='line_1_44' title="bbox 75 4837 2110 4957; baseline -0.006 -20"><span class='ocrx_word' id='word_1_571' title='bbox 75 4859 189 4937; x_wconf 88' lang='lat' dir='ltr'><strong>daciis</strong></span> <span class='ocrx_word' id='word_1_572' title='bbox 221 4856 386 4932; x_wconf 86' lang='lat' dir='ltr'><strong>insectari</strong></span> <span class='ocrx_word' id='word_1_573' title='bbox 423 4855 606 4924; x_wconf 91' lang='lat' dir='ltr'><strong>ministros</strong></span> <span class='ocrx_word' id='word_1_574' title='bbox 635 4848 783 4945; x_wconf 84' lang='lat' dir='ltr'><strong>Christi.</strong></span> <span class='ocrx_word' id='word_1_575' title='bbox 848 4850 1067 4941; x_wconf 82' lang='lat' dir='ltr'><strong>Admittunt,</strong></span> <span class='ocrx_word' id='word_1_576' title='bbox 1117 4839 1425 4957; x_wconf 56' lang='grc' dir='ltr'><strong>θξΰθὸδθῐΰξξῑᾶῑξθ</strong></span> <span class='ocrx_word' id='word_1_577' title='bbox 1442 4840 1657 4931; x_wconf 58' lang='grc' dir='ltr'><strong>θ’θΡῙῗδθῖηῐθ</strong></span> <span class='ocrx_word' id='word_1_578' title='bbox 1674 4837 1960 4933; x_wconf 58' lang='lat' dir='ltr'><strong>Ridnffi&#39;tsslit‘</strong></span> <span class='ocrx_word' id='word_1_579' title='bbox 1976 4842 2110 4915; x_wconf 58' lang='lat'>“80⁰⁴</span> 
     </span>
     <span class='ocr_line' id='line_1_45' title="bbox 77 4940 2106 5061; baseline -0.009 -23"><span class='ocrx_word' id='word_1_580' title='bbox 77 4960 307 5061; x_wconf 87' lang='lat' dir='ltr'><strong>prohdolor,</strong></span> <span class='ocrx_word' id='word_1_581' title='bbox 331 4959 384 5029; x_wconf 89' lang='lat' dir='ltr'><strong>illi</strong></span> <span class='ocrx_word' id='word_1_582' title='bbox 402 4960 498 5027; x_wconf 80' lang='lat' dir='ltr'><strong>uode</strong></span> <span class='ocrx_word' id='word_1_583' title='bbox 510 4957 629 5027; x_wconf 83' lang='lat' dir='ltr'><strong>forsan</strong></span> <span class='ocrx_word' id='word_1_584' title='bbox 646 4957 748 5027; x_wconf 80' lang='lat' dir='ltr'><strong>vohis</strong></span> <span class='ocrx_word' id='word_1_585' title='bbox 763 4954 808 5025; x_wconf 89' lang='lat' dir='ltr'><strong>sit</strong></span> <span class='ocrx_word' id='word_1_586' title='bbox 821 4948 949 5025; x_wconf 87' lang='lat' dir='ltr'><strong>harum</strong></span> <span class='ocrx_word' id='word_1_587' title='bbox 965 4978 1065 5025; x_wconf 86' lang='lat' dir='ltr'><strong>occa·</strong></span> <span class='ocrx_word' id='word_1_588' title='bbox 1118 4946 1188 5003; x_wconf 61' lang='grc' dir='ltr'>Μ</span> <span class='ocrx_word' id='word_1_589' title='bbox 1203 4949 1237 5005; x_wconf 65' lang='lat'><strong>²¹</strong></span> <span class='ocrx_word' id='word_1_590' title='bbox 1251 4960 1439 5028; x_wconf 63' lang='grc' dir='ltr'><strong>ΡῙἪηξπκὶε</strong></span> <span class='ocrx_word' id='word_1_591' title='bbox 1461 4942 1610 5010; x_wconf 60' lang='lat' dir='ltr'><strong>ductim</strong></span> <span class='ocrx_word' id='word_1_592' title='bbox 1627 4940 1858 5013; x_wconf 65' lang='lat' dir='ltr'><strong>POmtfflnittt</strong></span> <span class='ocrx_word' id='word_1_593' title='bbox 1872 4957 1908 5016; x_wconf 68' lang='lat' dir='ltr'><strong>ti</strong></span> <span class='ocrx_word' id='word_1_594' title='bbox 1923 4944 2106 5031; x_wconf 73' lang='lat' dir='ltr'><strong>Witlem·</strong></span> 
     </span>
     <span class='ocr_line' id='line_1_46' title="bbox 76 5034 2108 5158; baseline -0.002 -17"><span class='ocrx_word' id='word_1_595' title='bbox 76 5069 148 5156; x_wconf 90' lang='lat' dir='ltr'><strong>sio,</strong></span> <span class='ocrx_word' id='word_1_596' title='bbox 175 5081 297 5158; x_wconf 84' lang='lat' dir='ltr'><strong>atquo</strong></span> <span class='ocrx_word' id='word_1_597' title='bbox 314 5061 479 5133; x_wconf 83' lang='lat' dir='ltr'><strong>fortiores</strong></span> <span class='ocrx_word' id='word_1_598' title='bbox 503 5056 605 5127; x_wconf 83' lang='lat' dir='ltr'><strong>vobis</strong></span> <span class='ocrx_word' id='word_1_599' title='bbox 622 5056 811 5140; x_wconf 86' lang='lat' dir='ltr'><strong>videmini,</strong></span> <span class='ocrx_word' id='word_1_600' title='bbox 846 5050 1066 5144; x_wconf 90' lang='lat' dir='ltr'><strong>hocoppor-</strong></span> <span class='ocrx_word' id='word_1_601' title='bbox 1116 5034 1260 5125; x_wconf 85' lang='lat' dir='ltr'><strong>hergae,</strong></span> <span class='ocrx_word' id='word_1_602' title='bbox 1295 5040 1465 5109; x_wconf 60' lang='lat' dir='ltr'><strong>dsshffl&#39;lss</strong></span> <span class='ocrx_word' id='word_1_603' title='bbox 1479 5043 1600 5134; x_wconf 72' lang='lat' dir='ltr'><strong>mi‘1¹¹⁰</strong></span> <span class='ocrx_word' id='word_1_604' title='bbox 1614 5044 1787 5134; x_wconf 58' lang='lat' dir='ltr'><strong>impilm</strong></span> <span class='ocrx_word' id='word_1_605' title='bbox 1805 5069 1964 5138; x_wconf 58' lang='lat' dir='ltr'><strong>‘Pelates</strong></span> <span class='ocrx_word' id='word_1_606' title='bbox 2000 5068 2108 5138; x_wconf 65' lang='lat' dir='ltr'><strong>‘lum</strong></span> 
     </span>
     <span class='ocr_line' id='line_1_47' title="bbox 73 5136 2109 5259; baseline -0.002 -43"><span class='ocrx_word' id='word_1_607' title='bbox 73 5172 170 5244; x_wconf 54' lang='lat' dir='ltr'>lebat</span> <span class='ocrx_word' id='word_1_608' title='bbox 193 5166 401 5259; x_wconf 53' lang='lat' dir='ltr'><strong>dipigpnfiu,</strong></span> <span class='ocrx_word' id='word_1_609' title='bbox 422 5184 564 5245; x_wconf 60' lang='lat' dir='ltr'><strong>curm,</strong></span> <span class='ocrx_word' id='word_1_610' title='bbox 598 5182 644 5227; x_wconf 65' lang='lat' dir='ltr'><strong>ne</strong></span> <span class='ocrx_word' id='word_1_611' title='bbox 667 5158 755 5253; x_wconf 65' lang='lat' dir='ltr'>quid</span> <span class='ocrx_word' id='word_1_612' title='bbox 780 5171 918 5246; x_wconf 57' lang='lat' dir='ltr'><strong>praem·</strong></span> <span class='ocrx_word' id='word_1_613' title='bbox 941 5179 1064 5226; x_wconf 64' lang='lat' dir='ltr'><strong>mum</strong></span> <span class='ocrx_word' id='word_1_614' title='bbox 1115 5148 1154 5206; x_wconf 90' lang='lat' dir='ltr'><strong>ut</strong></span> <span class='ocrx_word' id='word_1_615' title='bbox 1177 5137 1222 5207; x_wconf 91' lang='lat' dir='ltr'><strong>de</strong></span> <span class='ocrx_word' id='word_1_616' title='bbox 1244 5162 1353 5228; x_wconf 80' lang='lat' dir='ltr'><strong>regno</strong></span> <span class='ocrx_word' id='word_1_617' title='bbox 1374 5136 1506 5211; x_wconf 85' lang='lat' dir='ltr'><strong>Christi</strong></span> <span class='ocrx_word' id='word_1_618' title='bbox 1530 5144 1566 5211; x_wconf 91' lang='lat' dir='ltr'><strong>in</strong></span> <span class='ocrx_word' id='word_1_619' title='bbox 1583 5147 1716 5217; x_wconf 89' lang='lat' dir='ltr'><strong>nostris</strong></span> <span class='ocrx_word' id='word_1_620' title='bbox 1730 5148 1836 5217; x_wconf 89' lang='lat' dir='ltr'><strong>modo</strong></span> <span class='ocrx_word' id='word_1_621' title='bbox 1853 5146 2109 5238; x_wconf 84' lang='lat' dir='ltr'><strong>angulissolli·</strong></span> 
     </span>
    </p>
   </div>
   <div class='ocr_carea' id='block_1_8' title="bbox 73 5252 1064 5342">
    <p class='ocr_par' dir='ltr' id='par_1_9' title="bbox 73 5252 1064 5342">
     <span class='ocr_line' id='line_1_48' title="bbox 73 5252 1064 5342; baseline -0.012 -2"><span class='ocrx_word' id='word_1_622' title='bbox 73 5272 131 5341; x_wconf 79' lang='lat' dir='ltr'><strong>rel</strong></span> <span class='ocrx_word' id='word_1_623' title='bbox 154 5285 279 5342; x_wconf 85' lang='lat' dir='ltr'><strong>contra</strong></span> <span class='ocrx_word' id='word_1_624' title='bbox 302 5264 563 5338; x_wconf 87' lang='lat' dir='ltr'><strong>inimicissimos</strong></span> <span class='ocrx_word' id='word_1_625' title='bbox 583 5258 676 5330; x_wconf 87' lang='lat' dir='ltr'><strong>volis</strong></span> <span class='ocrx_word' id='word_1_626' title='bbox 699 5257 882 5333; x_wconf 82' lang='lat' dir='ltr'><strong>accideret.</strong></span> <span class='ocrx_word' id='word_1_627' title='bbox 933 5252 1064 5328; x_wconf 86' lang='lat' dir='ltr'><strong>Errare</strong></span> 
     </span>
    </p>
   </div>
   <div class='ocr_carea' id='block_1_9' title="bbox 71 5361 2109 5562">
    <p class='ocr_par' dir='ltr' id='par_1_10' title="bbox 71 5361 2109 5562">
     <span class='ocr_line' id='line_1_49' title="bbox 73 5361 2109 5499; baseline 0.022 -56"><span class='ocrx_word' id='word_1_628' title='bbox 73 5398 138 5464; x_wconf 69' lang='lat' dir='ltr'><strong>ego</strong></span> <span class='ocrx_word' id='word_1_629' title='bbox 158 5398 300 5493; x_wconf 59' lang='lat' dir='ltr'>P⁰⁸fum</span> <span class='ocrx_word' id='word_1_630' title='bbox 325 5375 410 5490; x_wconf 62' lang='lat' dir='ltr'><strong>tium</strong></span> <span class='ocrx_word' id='word_1_631' title='bbox 436 5364 596 5485; x_wconf 53' lang='lat' dir='ltr'><strong>exielinto</strong></span> <span class='ocrx_word' id='word_1_632' title='bbox 621 5363 661 5433; x_wconf 89' lang='lat' dir='ltr'><strong>in</strong></span> <span class='ocrx_word' id='word_1_633' title='bbox 688 5361 849 5480; x_wconf 60' lang='lat' dir='ltr'><strong>utri-‘equ‘</strong></span> <span class='ocrx_word' id='word_1_634' title='bbox 870 5382 961 5482; x_wconf 60' lang='lat' dir='ltr'><strong>“fea</strong></span> <span class='ocrx_word' id='word_1_635' title='bbox 1000 5384 1069 5473; x_wconf 53' lang='grc' dir='ltr'><strong>(Ψ</strong></span> <span class='ocrx_word' id='word_1_636' title='bbox 1094 5370 1099 5379; x_wconf 30' lang='lat'><strong><em>⁴</em></strong></span> <span class='ocrx_word' id='word_1_637' title='bbox 1146 5414 1366 5488; x_wconf 49' lang='lat' dir='ltr'><strong>”Christianus</strong></span> <span class='ocrx_word' id='word_1_638' title='bbox 1384 5417 1445 5471; x_wconf 81' lang='lat' dir='ltr'><strong>llos</strong></span> <span class='ocrx_word' id='word_1_639' title='bbox 1463 5372 1620 5490; x_wconf 72' lang='lat' dir='ltr'><strong>Eulaliae,</strong></span> <span class='ocrx_word' id='word_1_640' title='bbox 1643 5439 1671 5478; x_wconf 86' lang='lat' dir='ltr'><strong>a.</strong></span> <span class='ocrx_word' id='word_1_641' title='bbox 1692 5423 1769 5479; x_wconf 68' lang='lat' dir='ltr'><strong>lidi.</strong></span> <span class='ocrx_word' id='word_1_642' title='bbox 1793 5422 1848 5478; x_wconf 79' lang='lat' dir='ltr'><strong>lies</strong></span> <span class='ocrx_word' id='word_1_643' title='bbox 1868 5424 1975 5485; x_wconf 79' lang='lat' dir='ltr'><strong>Druias</strong></span> <span class='ocrx_word' id='word_1_644' title='bbox 1994 5386 2109 5499; x_wconf 71' lang='lat' dir='ltr'><strong>electus,</strong></span> 
     </span>
     <span class='ocr_line' id='line_1_50' title="bbox 71 5460 1981 5562; baseline 0.007 -23"><span class='ocrx_word' id='word_1_645' title='bbox 71 5500 137 5547; x_wconf 73' lang='lat' dir='ltr'><strong>vos</strong></span> <span class='ocrx_word' id='word_1_646' title='bbox 156 5498 311 5545; x_wconf 73' lang='lat' dir='ltr'><strong>tns&#39;tcem</strong></span> <span class='ocrx_word' id='word_1_647' title='bbox 334 5496 372 5542; x_wconf 87' lang='lat' dir='ltr'><strong>tn</strong></span> <span class='ocrx_word' id='word_1_648' title='bbox 395 5466 553 5540; x_wconf 71' lang='lat' dir='ltr'><strong>Dutnttto</strong></span> <span class='ocrx_word' id='word_1_649' title='bbox 575 5462 759 5559; x_wconf 73' lang='lat' dir='ltr'><strong>compieclt</strong></span> <span class='ocrx_word' id='word_1_650' title='bbox 782 5463 949 5539; x_wconf 72' lang='lat' dir='ltr'><strong>debedlts.</strong></span> <span class='ocrx_word' id='word_1_651' title='bbox 1002 5460 1064 5532; x_wconf 77' lang='lat' dir='ltr'><strong>in·</strong></span> <span class='ocrx_word' id='word_1_652' title='bbox 1184 5498 1212 5544; x_wconf 80' lang='lat' dir='ltr'><strong>et</strong></span> <span class='ocrx_word' id='word_1_653' title='bbox 1228 5506 1255 5544; x_wconf 78' lang='lat' dir='ltr'><strong>a.</strong></span> <span class='ocrx_word' id='word_1_654' title='bbox 1275 5482 1351 5544; x_wconf 73' lang='grc'><strong>1586.</strong></span> <span class='ocrx_word' id='word_1_655' title='bbox 1369 5506 1456 5562; x_wconf 78' lang='lat' dir='ltr'><strong>reguo</strong></span> <span class='ocrx_word' id='word_1_656' title='bbox 1476 5489 1578 5560; x_wconf 82' lang='lat' dir='ltr'><strong>potitus</strong></span> <span class='ocrx_word' id='word_1_657' title='bbox 1596 5502 1654 5560; x_wconf 84' lang='lat' dir='ltr'><strong>est,</strong></span> <span class='ocrx_word' id='word_1_658' title='bbox 1680 5491 1793 5549; x_wconf 78' lang='lat' dir='ltr'><strong>devietis</strong></span> <span class='ocrx_word' id='word_1_659' title='bbox 1809 5493 1981 5558; x_wconf 80' lang='lat' dir='ltr'><strong>adversariis.</strong></span> 
     </span>
    </p>
   </div>
   <div class='ocr_carea' id='block_1_10' title="bbox 0 0 2378 6022">
    <p class='ocr_par' dir='ltr' id='par_1_11' title="bbox 0 0 2378 6022">
     <span class='ocr_line' id='line_1_51' title="bbox 0 0 2378 6022; baseline 0 3"><span class='ocrx_word' id='word_1_660' title='bbox 0 0 2378 6022; x_wconf 95' lang='lat' dir='ltr'><strong> </strong></span> 
     </span>
    </p>
   </div>
   <div class='ocr_carea' id='block_1_11' title="bbox 1221 3198 2246 3291">
    <p class='ocr_par' dir='ltr' id='par_1_12' title="bbox 1221 3198 2246 3291">
     <span class='ocr_line' id='line_1_52' title="bbox 1221 3198 2246 3291; baseline 0.008 -9"><span class='ocrx_word' id='word_1_661' title='bbox 1221 3206 1276 3282; x_wconf 90' lang='lat' dir='ltr'><strong>Dc</strong></span> <span class='ocrx_word' id='word_1_662' title='bbox 1290 3212 1454 3284; x_wconf 88' lang='lat' dir='ltr'><strong>concilio.</strong></span> <span class='ocrx_word' id='word_1_663' title='bbox 1494 3209 1596 3286; x_wconf 90' lang='lat' dir='ltr'><strong>Olim</strong></span> <span class='ocrx_word' id='word_1_664' title='bbox 1612 3212 1790 3287; x_wconf 86' lang='lat' dir='ltr'><strong>Dominus</strong></span> <span class='ocrx_word' id='word_1_665' title='bbox 1803 3210 1997 3288; x_wconf 86' lang='lat' dir='ltr'><strong>Ecclesiam</strong></span> <span class='ocrx_word' id='word_1_666' title='bbox 2010 3239 2112 3291; x_wconf 90' lang='lat' dir='ltr'><strong>suam</strong></span> <span class='ocrx_word' id='word_1_667' title='bbox 2244 3198 2246 3203; x_wconf 32' lang='lat'><strong><em>¹</em></strong></span> 
     </span>
    </p>
   </div>
  </div>
 </body>
</html>
