4748 6022
247 277 321 346 ιιι
815 261 1239 360 ouansrronns

250 448 438 525 dederent,
464 465 501 510 se
517 443 657 512 turham
673 444 772 512 illam
787 442 977 512 mulierum
994 456 1027 511 et
1045 463 1236 533 puerorum

253 547 524 618 interfecturum
551 567 635 616 esse.
696 544 752 614 lbi
773 546 912 635 sapiens
934 540 1013 613 Rex
1038 544 1237 634 respondit:

252 645 350 720 Mihi
367 671 449 715 vero
473 669 520 715 ne
537 647 682 738 quidem
707 648 915 717 universum
930 665 1081 733 regnum
1098 645 1238 736 Neapo-

127 825 131 830 ,
253 754 405 823 litanum
430 748 520 818 tanti
545 760 613 833 est,
637 761 678 818 ut
699 749 762 818 tali
785 748 1005 818 crudelitatis
1027 747 1141 838 specie
1160 746 1240 814 vin-

254 878 332 925 cere
351 853 470 921 velim.
522 845 576 919 Ac
592 875 675 920 mox
692 850 790 919 dedit
805 852 992 929 mandata,
1019 862 1060 920 ut
1074 848 1130 916 illi
1146 849 1241 917 mul-

255 955 403 1028 titudini
419 967 638 1045 parceretur,
663 966 698 1022 et
714 953 816 1023 iussit
832 977 907 1020 eam
930 952 969 1018 in
986 950 1111 1021 vicinis
1137 952 1242 1043 oppi-

256 1053 550 1146 dishospitaliter
564 1054 687 1147 excipi.
739 1052 836 1124 Vicit
858 1048 946 1123 haec
969 1053 1158 1124 admiratio
1185 1053 1242 1122 iu-

258 1159 378 1231 sticiae
393 1157 595 1252 defensores
608 1157 748 1250 oppidi,
770 1170 905 1248 patres,
920 1156 1086 1241 maritos,
1113 1178 1243 1244 cogna-

258 1277 314 1333 tos
336 1258 434 1330 illius
456 1259 598 1344 turbae,
624 1284 704 1328 cum
729 1258 964 1352 lacrymantes
987 1259 1031 1327 de
1056 1258 1245 1327 moenibus

260 1374 456 1456 spectarent
478 1355 546 1430 hoc
570 1385 716 1452 agmen,
743 1375 777 1430 et
797 1360 1036 1450 intelligerent
1055 1357 1165 1449 Regis
1189 1361 1244 1428 in-

260 1465 415 1548 sticiam‚
450 1486 490 1532 ac
514 1463 631 1534 statim
652 1464 742 1533 facta
766 1478 818 1532 est
841 1463 988 1533 deditio.
1040 1460 1137 1531 Haec
1159 1462 1245 1530 belli

258 1556 337 1637 iura
354 1565 587 1637 consideravit
595 1563 744 1657 Sparta,
765 1590 843 1635 cum
859 1565 1010 1634 absolvit
1021 1558 1246 1648 Anaxilanm,

259 1670 323 1764 qui
338 1668 480 1760 publice
495 1681 675 1738 accusatus
688 1668 779 1748 fuit,
805 1667 900 1760 quod
918 1665 1074 1736 Bizantii
1093 1667 1245 1735 deditio-

260 1794 342 1841 nem
359 1770 507 1840 fecisset.

323 1872 326 1877 ’
361 1869 451 1942 Cum
469 1869 564 1939 enim
580 1869 714 1940 iudices
729 1871 913 1955 audirent,
939 1893 1020 1939 eum
1037 1893 1111 1938 non
1124 1870 1247 1940 fraude

263 1974 388 2043 fecisse
411 1972 648 2057 deditionem,
682 1974 742 2041 sed
763 1985 901 2042 motum
926 1971 1018 2041 tristi
1048 1971 1247 2063 spectaculo

260 2077 458 2146 multorum
475 2075 568 2144 fame
583 2074 833 2159 morientium,
861 2073 1147 2166 pronunciarunt
1168 2097 1247 2142 enm

261 2177 355 2247 iuste
377 2177 516 2260 secisse,
543 2176 626 2269 qnia
648 2176 820 2268 tantisper
840 2175 1048 2245 defensione
1073 2175 1247 2246 utendum

264 2281 327 2365 sit,
351 2282 465 2351 donec
481 2278 615 2347 bellum
634 2292 685 2349 est
702 2302 783 2347 cum
799 2272 979 2361 hostibus,
1005 2302 1078 2346 non
1101 2302 1180 2347 cum
1197 2278 1246 2346 ci·

264 2383 387 2467 vibus,
414 2395 447 2450 et
463 2403 544 2449 cnm
557 2391 684 2449 natura
701 2374 900 2454 hominum.
947 2377 1026 2450 Etsi
1045 2380 1153 2469 igitur
1161 2378 1249 2449 Per-

263 2484 326 2553 sici
342 2482 456 2573 Reges
474 2477 605 2575 Bogsn
620 2482 831 2561 laudarunt,
860 2496 893 2552 et
920 2482 1069 2572 posteris
1093 2481 1250 2572 praemia

230 2643 243 2653 ,
263 2585 484 2664 tribuerunt,
511 2585 606 2677 quod
624 2585 767 2668 urbem,
795 2584 853 2651 cui
866 2586 1085 2674 praefuerat,
1105 2582 1249 2653 maluis-

264 2703 315 2758 set
339 2687 545 2769 incendere,
576 2686 670 2754 etin
695 2709 735 2756 ea
756 2684 958 2754 universam
982 2685 1250 2754 multitudinem

264 2785 447 2858 hominem
469 2801 503 2859 et
525 2811 599 2856 sese
630 2786 782 2856 flammis
804 2789 974 2878 perdere,
1008 2810 1115 2880 quam
1139 2788 1252 2857 facere

264 2889 502 2976 deditionem,
526 2901 645 2958 tamen
662 2887 830 2981 Spartani
846 2888 971 2961 iudicii
996 2888 1168 2961 sententia
1184 2885 1253 2960 ho·

194 3017 198 3023 ·
265 2993 475 3065 nestiorest.
526 2990 635 3063 Dixi:

275 3229 328 3244 η
867 3224 1230 3239 man-*-

274 3388 341 3460 No.
357 3387 423 3460 26.

264 3483 434 3511 w

1019 3397 1066 3460 31.
1082 3393 1145 3456 lan.
1157 3392 1252 3457 1544.

1029 3488 1241 3522 Μ

340 3598 371 3654 ln
383 3597 544 3670 Quaestion.
556 3617 583 3671 p.
599 3595 656 3651 511³
672 3616 713 3669 sq.
732 3608 758 3652 et
774 3598 804 3653 in
818 3599 923 3652 Consil.
940 3598 1009 3655 Mel.
1024 3599 1055 3653 P.
1071 3600 1090 3657 Ι.
1103 3615 1132 3668 p.
1144 3598 1202 3655 577.

265 3760 467 3844 Quaestio,
493 3757 810 3851 recitataoMop.
837 3759 888 3829 St
896 3755 1144 3850 gismundo
1169 3762 1254 3830 Ge·

367 3863 462 3948 loo,
492 3863 666 3954 Unyoro,
694 3855 729 3927 d.
756 3855 818 3931 31.
842 3862 999 3929 Ιαιιιιαι.
1030 3857 1139 3934 1544.

265 3997 359 4082 Non
382 4007 518 4097 ingenii
541 4021 603 4078 aut
625 4006 808 4077 doctrinae
825 4007 975 4087 fiducia,
1002 4002 1065 4076 has
1086 4003 1176 4077 mihi
1197 4009 1253 4077 di-

266 4112 369 4181 cendi
396 4125 511 4200 partes
533 4134 656 4194 sumo,
688 4111 748 4179 sed
770 4122 810 4179 ut
833 4104 1091 4181 honestissimis
1115 4106 1254 4179 Acade-

265 4213 359 4280 miae
374 4213 512 4301 legibus
526 4212 777 4303 obtemperem.
831 4207 885 4281 Ac
900 4235 1043 4303 prorsus
1060 4213 1110 4283 ita
1126 4213 1253 4293 sentio,

1294 261 1699 339 acanntutcan.
2203 266 2283 341 744

1287 452 1427 522 ament,
1453 462 1605 531 quarum
1625 437 1782 527 cognitio
1809 451 1902 507 certe
1925 438 2039 508 lucem
2057 439 2286 529 multisgra-

1287 539 1442 611 cissimis
1474 543 1629 612 materiis
1655 542 1781 609 adfert.
1841 539 2022 613 Viderunt
2045 540 2286 634 Moscopulus

1289 639 1553 740 etPhilelphus,
1571 639 1663 738 πρὸς
1671 667 1751 711 cum
1762 640 1973 712 Accusativo
1988 669 2061 713 non
2080 670 2154 714 esse
2173 649 2286 739 apud,

1289 748 1349 816 sed
1366 768 1448 815 cum
1466 742 1619 829 Dativo,
1644 758 1685 814 ut
1698 740 1791 840 πρὸς
1803 746 1886 824 ταῖς
1901 741 2054 832 πύλαις,
2081 749 2177 817 iuxta
2197 774 2286 839 por-

1290 863 1361 932 tas,
1399 850 1494 938 apud
1517 842 1779 941 Thucydidem.
1837 843 1887 916 Et
1906 871 2043 939 semper
2071 850 2122 919 ita
2151 848 2289 920 Graeci

1290 952 1499 1041 loquuntur.
1552 949 1700 1040 Semper
1714 949 1819 1017 etiam
1843 974 1924 1019 cum
1940 950 2153 1023 Accusativo
2172 954 2289 1024 intel-

1292 1053 1409 1143 ligunt
1434 1045 1507 1123 Ad.
1558 1048 1607 1120 Et
1621 1052 1766 1144 quidem
1788 1072 1891 1142 saepe
1908 1056 1953 1121 de
1974 1053 2154 1148 colloquio
2176 1080 2289 1126 usur-

1292 1167 1397 1246 pant,
1432 1169 1473 1225 ut
1499 1148 1720 1243 Xenophon:
1754 1147 1973 1252 διαλέγομαι
2002 1149 2094 1251 πρός
2124 1179 2175 1229 σε.
2239 1154 2292 1228 Et

1294 1251 1543 1351 Thucydides:
1569 1247 1703 1353 λόγους
1725 1253 1921 1327 ἐποιοῦντο
1944 1253 2037 1353 πρὸς
2057 1253 2146 1338 τοὺς
2168 1282 2289 1356 στρα-

1292 1354 1442 1455 τηγοὺς.
1482 1355 1713 1448 Moscopulus
1729 1357 1841 1446 igitur
1856 1360 2014 1451 quaerit,
2031 1361 2165 1432 deloco
2178 1361 2291 1432 loan-

1295 1460 1371 1545 nis,
1402 1460 1490 1554 quid
1512 1460 1560 1528 sit
1582 1455 1674 1554 πρὸς
1694 1453 1763 1531 τὸν
1786 1454 1893 1531 θεὸν.
1945 1459 1994 1533 Et
2018 1463 2292 1556 interpretatur,

1294 1566 1492 1647 secundum
1514 1558 1644 1634 Deum.
1695 1561 1750 1632 Ac
1780 1557 1976 1632 Iohannem
2009 1565 2060 1635 sie
2094 1567 2291 1660 loquuturn

1296 1687 1389 1745 esse,
1417 1662 1611 1747 existimat,
1635 1675 1675 1733 ut
1698 1663 1929 1752 significaret,
1955 1659 2071 1764 λόγον
2092 1690 2166 1737 esse
2193 1668 2291 1737 ima-

1296 1767 1414 1855 ginem
1428 1766 1563 1836 aeterni
1582 1765 1699 1856 patris.
1745 1763 1837 1834 Nam
1851 1789 1955 1857 saepe
1963 1765 2070 1865 Πρὸς
2085 1793 2166 1839 cum
2181 1793 2291 1840 aecu-

1296 1868 1409 1937 sativo
1427 1868 1599 1958 significat
1622 1869 1895 1952 convenienter,
1922 1882 1958 1939 et
1972 1873 2064 1962 apud
2082 1872 2290 1956 Isocratem,

1299 1972 1384 2039 dare
1407 1970 1562 2061 praemia
1587 1964 1679 2063 πρὸς
1692 1965 1737 2040 τὸ
1753 1975 1954 2065 προσῆκον.
2005 1969 2052 2043 Et
2073 1975 2167 2062 apud
2190 1973 2288 2059 Ari-

1298 2073 1476 2143 stotelem:
1519 2070 1651 2142 Civitas
1674 2072 1780 2143 situm
1806 2067 1936 2144 habeat
1958 2071 2049 2169 πρὸς
2069 2069 2206 2168 αὐτὴν,
2243 2075 2285 2142 id

1298 2186 1365 2259 est,
1382 2173 1673 2259 convenientem,
1689 2197 1754 2262 pro
1770 2169 1878 2244 κατὰ.
1910 2173 1992 2246 Non
2006 2178 2165 2268 vitupero
2180 2176 2287 2267 equi-

1298 2277 1378 2345 dem
1396 2273 1489 2345 hane
1502 2275 1705 2366 Moscopuli
1730 2276 2081 2368 interpretationem,
2107 2276 2180 2347 imo
2196 2279 2288 2346 dili-

1299 2379 1454 2467 gentiam
1468 2379 1595 2462 laudo,
1622 2379 1718 2470 quod
1742 2402 1822 2465 cqm
1839 2379 1976 2450 videret
1997 2382 2037 2449 in
2054 2378 2204 2475 Syntaxi
2229 2380 2286 2448 la-

1297 2496 1372 2568 tere
1397 2480 1533 2573 aliquid
1554 2481 1693 2564 arcani,
1719 2483 1956 2572 quaerendam
1981 2507 2054 2552 esse
2078 2497 2211 2552 certam
2239 2482 2290 2550 si-

1302 2576 1730 2672 gnificationemcensuit.

1404 2680 1634 2775 Philelphum
1652 2685 1755 2774 plane
1770 2685 1903 2767 reiicio,
1919 2687 1981 2778 qui
1997 2686 2085 2754 duas
2100 2698 2289 2774 corrupte-

1302 2789 1353 2856 las
1378 2784 1418 2854 in
1442 2781 1510 2855 hoe
1533 2799 1630 2879 textu
1646 2787 1938 2856 comminiscitur.
1987 2784 2131 2857 Mavult
2151 2781 2290 2886 Λόγον

1301 2888 1392 2959 verti
1408 2889 1601 2972 rationem,
1624 2902 1657 2958 et
1679 2883 1771 2982 πρὸς
1794 2889 2048 2980 interpretatur
2071 2913 2191 2980 penes.
2241 2885 2293 2960 Et

1302 2992 1449 3061 verbum
1481 3005 1556 3062 erat
1578 3014 1684 3081 penes
1708 2989 1845 3075 Deum,
1877 2991 1913 3059 id
1943 3003 2012 3076 est,
2047 2992 2086 3060 in
2116 3005 2293 3084 potestate

1302 3093 1386 3177 Dei,
1412 3108 1453 3163 ut
1470 3094 1636 3164 dicimus:
1663 3090 1773 3162 Liber
1793 3105 1845 3164 est
1864 3116 1972 3184 penes
1988 3116 2065 3174 me,
2091 3093 2130 3162 id
2148 3107 2219 3178 est,
2249 3095 2292 3162 in

1291 3207 1471 3293 potestate
1496 3219 1584 3266 mea.
1647 3193 1726 3265 Non
1751 3195 2078 3287 interpretationem
2102 3192 2197 3265 hanc
2224 3198 2294 3264 ad·

1302 3297 1426 3380 mitto,
1453 3311 1487 3368 et
1503 3299 1666 3388 vitupero
1685 3297 1880 3371 audaciam.
1933 3295 2081 3369 Constat
2096 3297 2214 3383 enim,
2230 3295 2294 3366 lo-

1304 3393 1458 3468 hannem
1476 3399 1608 3469 intueri
1627 3399 1782 3489 primum
1800 3411 1904 3490 caput
1919 3397 2058 3495 Moysi,
2084 3396 2214 3469 deDeo
2232 3400 2294 3470 lo-

1304 3515 1443 3595 quente.
1499 3500 1582 3571 Non
1614 3501 1723 3589 igitur
1746 3499 1956 3585 Rationem,
1990 3503 2052 3570 sed
2076 3500 2294 3572 Sermonem

1304 3626 1366 3674 seu
1389 3605 1537 3673 verbum
1560 3604 1676 3672 voluit
1694 3603 1864 3693 intelligi,
1890 3626 1970 3672 curn
1992 3605 2058 3674 ait:
2086 3601 2129 3673 ln
2150 3604 2296 3696 princi-

1304 3706 1364 3795 pio
1391 3719 1467 3776 erat
1490 3697 1606 3804 λόγος.
1664 3700 1714 3776 Et
1734 3708 1778 3774 de
1804 3704 1959 3774 Persona
1989 3706 2101 3795 magis
2123 3708 2296 3796 congruit

1305 3801 1436 3902 Apud,
1464 3831 1569 3899 quam
1597 3800 1722 3879 Penes.
1774 3805 1847 3877 Nec
1862 3831 2012 3900 usquam
2028 3804 2177 3878 Graecis
2200 3804 2297 3903 πρὸς

1305 3910 1478 3999 significat
1499 3910 1611 3992 idem,
1634 3910 1730 4002 quod
1748 3931 1876 4003 penes,
1898 3911 1993 4002 qnod
2018 3934 2080 4002 per
2101 3905 2161 3982 ἐπὶ
2187 3913 2295 3981 reddi

1304 4005 1429 4103 potest.
1479 4009 1551 4082 Sed
1569 4006 1698 4080 horum
1722 4011 1853 4081 iudicia
1874 4013 2112 4104 repetentiin
2134 4028 2293 4083 mentem

1304 4114 1421 4198 venit,
1454 4138 1527 4182 non
1553 4113 1735 4205 corrumpi
1764 4114 1975 4184 sententiam
1999 4109 2192 4200 Iohannis,
2225 4117 2291 4183 sed

1304 4215 1495 4294 illustrari,
1522 4216 1792 4285 si'communem
1803 4213 1960 4286 Graecae
1975 4217 2118 4307 linguae
2138 4241 2293 4287 consue-

265 4308 335 4383 hoe
357 4315 473 4404 ipsum
501 4314 676 4394 officium,
707 4313 892 4397 videlicet,
920 4309 1079 4388 honestis
1115 4315 1254 4406 legibus
1304 4319 1464 4388 tudinem
1492 4340 1699 4412 sequamur,
1724 4342 1763 4387 ac
1788 4319 2047 4408 intelligamus,
2073 4313 2136 4390 καὶ
2162 4311 2294 4417 Λόγος

266 4439 408 4507 parere,
435 4439 523 4507 quae
540 4429 692 4508 prosunt
708 4416 852 4502 studiis,
879 4416 983 4506 longe
1007 4419 1122 4486 maius
1148 4420 1254 4487 decus
1302 4412 1351 4513 ἦα
1365 4413 1457 4516 πρὸς
1469 4416 1538 4492 τὸν
1552 4416 1665 4504 θεὸν,
1691 4415 1865 4490 Etsermo
1883 4435 1954 4491 erat
1974 4417 2155 4494 adlleum.
2192 4418 2294 4492 Haec

266 4542 357 4603 esse,
381 4541 487 4610 qnam
504 4518 561 4584 vel
576 4514 771 4586 Pericleam
788 4519 1040 4611 eloquentiam.
1091 4514 1171 4587 Erit
1186 4519 1254 4608 igi·
1303 4522 1548 4613 interpretatio
1574 4536 1608 4592 et
1621 4522 1794 4591 Personas
1818 4523 2006 4608 discernit,
2032 4537 2067 4593 et
2092 4547 2168 4592 non
2192 4524 2295 4594 ocio-

266 4635 338 4712 tur‘
358 4616 592 4690 humanitatis
626 4631 781 4705 vestrae,
814 4620 969 4690 vicissim
1002 4614 1071 4690 hoc
1097 4619 1252 4690 officium
1305 4646 1378 4693 sam
1404 4625 1613 4693 sententiam
1641 4624 1817 4708 continet,
1849 4626 1910 4693 sed
1931 4625 2229 4695 deliberationem
2258 4641 2295 4696 et

265 4724 434 4818 probare,
461 4737 496 4792 et
513 4722 713 4793 orationem
730 4723 819 4792 boni
834 4723 1029 4793 consulere.
1305 4725 1523 4821 colloquium
1542 4725 1727 4814 significat.
1780 4723 1826 4796 Se
1842 4727 2037 4818 adspiciens
2054 4726 2159 4798 Pater
2176 4744 2295 4800 aeter-

368 4825 572 4918 Proponam
599 4824 709 4917 igitur
733 4825 976 4917 quaestionem
1010 4839 1186 4909 veterem,
1218 4839 1254 4897 et
1303 4850 1389 4912 nus,
1415 4852 1456 4897 ao
1478 4850 1553 4896 sese
1574 4828 1820 4912 considerans,
1845 4821 2020 4900 ac'secum
2040 4831 2211 4923 loquens,
2239 4833 2294 4921 gi-

266 4928 432 5018 agitatam
455 4951 475 4995 a
499 4929 640 4998 duobus
667 4928 880 4998 doctissimis
905 4926 1008 5013 viris,
1041 4926 1253 5021 Moscopulo
1303 4931 1451 5020 gnitsui
1473 4931 1675 5021 imaginem.
1729 4926 1794 5001 Est
1821 4931 1931 5021 igitur
1949 4935 1992 5001 ad
2017 4928 2132 5002 Deum
2161 4957 2293 5005 sermo.

267 5043 301 5100 et
318 5022 527 5117 Philelpho,
552 5022 613 5097 De
628 5026 836 5124 porticula:
863 5023 955 5124 πρὸς
971 5025 1157 5103 streete.
1197 5026 1253 5099 Et
1302 5031 1399 5103 Haec
1416 5035 1591 5103 illustrius
1613 5033 1858 5122 significantur
1875 5035 2048 5125 particula
2075 5027 2154 5120 Ad,
2182 5062 2292 5129 quarn

267 5127 413 5202 verbum
436 5137 515 5198 erat
538 5125 645 5224 apud
667 5127 802 5209 Deum.
854 5130 948 5203 Sunt
975 5145 1010 5202 et
1031 5133 1102 5202 alia
1128 5133 1166 5201 in
1188 5133 1252 5203 illo
1302 5137 1477 5228 particula
1488 5129 1611 5232 Apud.
1662 5133 1785 5229 Neque
1805 5151 1921 5206 tamen
1939 5136 1977 5205 in
1994 5137 2146 5208 lectione
2161 5140 2292 5209 usitata

264 5237 340 5326 ipso
360 5231 506 5304 exordio
523 5228 687 5317 loannis,
707 5260 797 5328 quae
814 5234 890 5304 sine
904 5236 1044 5307 erudita
1061 5232 1253 5306 Gramma·
1303 5239 1491 5332 quicquam
1514 5253 1633 5324 muto,
1666 5253 1847 5331 totamque
1875 5233 1967 5307 hanc
2001 5240 2293 5328 disputationem,

264 5340 333 5409 tica
354 5362 427 5408 non
446 5346 596 5429 possunt
617 5334 804 5426 explicari,
831 5340 926 5431 quod
946 5340 1086 5409 eo'dico
1101 5353 1141 5410 ut
1165 5341 1252 5408 ado·
1274 5295 1278 5382 l
1303 5342 1347 5409 ad
1369 5342 1590 5411 eruditorum
1618 5342 1750 5411 indicia
1773 5354 1807 5409 et
1824 5363 2008 5408 censuram
2035 5343 2167 5416 defero.
2220 5343 2295 5414 Nec

264 5440 436 5512 lescentes
453 5434 540 5511 haec
555 5437 759 5509 communia
776 5438 980 5529 linguarum
1000 5443 1117 5514 studia
1141 5441 1252 5532 magis
1274 5389 1278 5531 l
1303 5442 1374 5512 alio
1398 5444 1548 5513 consilio
1570 5438 1656 5514 haec
1680 5443 1858 5529 recensui,
1890 5444 1960 5512 nisi
1989 5458 2029 5515 ut
2052 5448 2294 5534 ostenderem,
