4748 6022
169 255 251 391 sos
740 302 1166 401 ouausrrouus

171 499 175 507 '
281 486 336 560 Te
358 498 476 557 autem
497 479 670 556 adhortor
691 484 735 552 ad
756 478 863 553 huius
877 482 1092 576 quaestionis
1110 505 1169 550 ex-

1219 301 1622 385 ACADEMICAE.
2084 377 2105 401 χ
2128 312 2208 393 000

1218 492 1377 571 tempore
1406 480 1696 574 respirationem,
1727 481 1959 554 certissimam
1988 506 2029 554 ac
2058 484 2217 557 subitam

114 568 115 572 Ἰ
177 567 428 686 plicationem,
453 588 617 660 etlilium
634 586 705 655 Dei
720 582 917 656 Dominum
935 599 1096 654 nostrum
1115 582 1170 653 le-
1216 596 1366 654 mortem
1382 584 1748 655 afferreanimalibus·

182 717 260 764 sum
280 687 463 764 Christum
488 715 552 761 oro
573 702 648 760 toto
671 701 830 781 pectore,
855 701 895 756 ut
915 710 981 754 nos
998 699 1109 776 regat,
1132 699 1169 755 et

66 828 69 833 ·
181 796 297 866 lucem
315 792 473 865 veritatis
489 817 562 863 non
579 792 670 860 sinat
687 789 855 878 extingui.
907 786 1004 858 Dixi.

794 1055 1160 1072 manen-m

931 1255 962 1323 6.
976 1252 1058 1318 Nor.
1075 1252 1169 1317 1550.

949 1365 1161 1399 m

191 1251 260 1323 No.
285 1252 350 1328 46.

189 1364 360 1394 m

249 1476 284 1531 ln
303 1474 462 1546 Quaestiou.
478 1496 508 1551 p.
524 1479 611 1538 tots.

182 1657 355 1738 Quaestio
382 1678 406 1726 α
431 1658 578 1729 Paulo
604 1655 746 1729 libero
772 1652 873 1753 filio,
904 1654 1168 1729 nondumooto

88 1810 99 1836 ,
180 1778 385 1846 annorum,
410 1765 596 1858 recitato,
622 1760 1168 1831 cumacuuncioreturlloctor

154 1858 158 1863 ’
181 1860 583 1965 ortisMedicoeMop.
598 1865 777 1934 Paulus
796 1859 1028 1953 rodanus,
1044 1864 1169 1934 Solis-

347 1960 544 2059 burpenss's
552 2012 565 2052 ,
593 1988 656 2035 on.
672 1962 783 2038 155⁰.
802 1963 840 2035 d.
855 1961 893 2038 6.
908 1967 1001 2035 Nou.

177 2111 271 2199 Non
288 2126 385 2195 decet
402 2150 514 2195 meam
533 2140 700 2206 aetatem,
725 2149 847 2196 causas
861 2121 969 2196 huius
986 2125 1095 2195 moris
1111 2125 1168 2194 in·

179 2229 339 2319 quirere,
352 2252 427 2297 -cur
450 2228 605 2297 Maiores
623 2228 732 2297 nostri
751 2228 930 2297 soluerint
946 2227 1097 2314 Pueros,
1129 2229 1168 2296 in

177 2323 245 2398 hos
262 2328 381 2399 coetus
398 2331 683 2400 doctissimorum
700 2332 859 2401 virorum
882 2334 1074 2422 productos
1089 2355 1168 2398 ver-

170 2429 366 2515 hofacere:
395 2431 466 2503 Sed
483 2456 632 2525 aequum
651 2447 719 2516 est,
742 2458 798 2501 me
813 2447 1014 2501 reverenter
1030 2433 1168 2501 obtem·

177 2556 300 2621 pcrare
317 2534 378 2613 iis,
407 2559 558 2628 quorum
574 2530 787 2605 authoritate
803 2528 873 2603 huc
892 2537 1079 2603 ascendere
1094 2532 1167 2603 ius-

169 2657 351 2717 sussum,
382 2659 470 2727 quos
489 2637 718 2725 magnifacere
733 2661 789 2704 me
805 2634 919 2702 divini
936 2635 1092 2704 mandati
1108 2659 1168 2703 co-

171 2737 228 2826 git
251 2735 437 2815 severitas.⁴
488 2735 606 2826 Quare
623 2740 750 2807 omissa
773 2737 925 2824 longiori
943 2738 1167 2807 excusatione

176 2831 285 2905 huius
306 2836 375 2903 mei
396 2838 500 2921 facti,
531 2839 685 2928 primum
711 2839 776 2908 tihi
800 2837 990 2909 clarissime
1012 2835 1167 2907 Domine

172 2933 311 3007 'Ductor
322 2931 457 3023 Paule,
480 2953 623 3034 propter
638 2941 845 3020 amicitiam,
872 2965 962 3032 quae
977 2964 1054 3008 meo
1068 2937 1166 3008 Patri

175 3051 293 3111 tecum
311 3053 382 3124 est,
406 3043 565 3122 gratulor
581 3041 686 3110 istum
703 3037 893 3127 honorem,
918 3066 1023 3135 quern
1039 3054 1073 3111 et
1090 3042 1165 3134 pie-

176 3155 228 3210 tas
251 3157 285 3210 et
306 3142 458 3212 eruditio
485 3156 545 3213 tna
568 3159 738 3213 meretur:
774 3159 808 3213 et
824 3167 949 3234 precor
964 3138 1101 3229 Deum,
1127 3159 1166 3214 ut

175 3254 236 3312 tua
266 3244 382 3312 studia
412 3259 446 3313 et
474 3244 727 3315 medicationes
754 3246 829 3337 ipsc
850 3246 1041 3315 clementer
1068 3258 1165 3334 regat

66 3425 69 3428 ¹
176 3368 217 3413 ac
237 3344 413 3428 fortunet,
439 3360 473 3416 et
496 3347 657 3432 adiuvet,
690 3363 728 3417 ut
746 3349 806 3417 has
823 3370 995 3436 organum
1012 3347 1164 3418 salutare

175 3447 358 3538 plurimis,
384 3463 479 3517 tuam
496 3473 598 3539 opem
612 3451 783 3519 medicam
799 3450 1082 3542 implorantibus.
1141 3453 1146 3458 ’

273 3562 412 3634 Deinde
427 3591 489 3657 pro
505 3560 704 3636 scholarum
721 3593 817 3636 more
826 3567 1065 3661 quaestionem
1081 3593 1164 3660 pro-

173 3691 291 3760 pono,
324 3683 575 3757 congruentem
598 3692 678 3737 cum
702 3670 942 3760 disputatione
965 3684 1025 3739 trra
1045 3673 1163 3761 proxi-

174 3795 249 3852 ma,
275 3769 314 3837 in
338 3795 405 3862 qua
429 3772 559 3847 diceris
579 3793 716 3854 causas,
741 3773 930 3854 utilitates,
963 3785 996 3839 et
1012 3773 1162 3862 impedi-

173 3886 292 3955 rpenta
311 3871 552 3963 respirationis
566 3874 667 3941 docte
683 3874 890 3964 explicasse,
915 3874 1100 3943 videliceta

275 4003 334 4076 An
357 4019 449 4074 recu
470 4004 597 4074 assera
622 4004 781 4075 <laterna
806 4021 840 4075 a
868 3988 949 4089 tur,
974 4006 1106 4074 socrum
1125 4007 1162 4076 r„

171 4123 273 4179 utero
295 4121 454 4176 materno
478 4133 550 4176 non
576 4109 766 4199 respirare,
805 4122 952 4177 attracto
975 4132 1037 4197 per
1061 4132 1163 4178 nares

169 4224 233 4279 'aut
248 4233 286 4276 os
302 4213 400 4289 aere,
426 4211 485 4277 sed
512 4213 701 4299 temperari
718 4214 869 4278 calorem
884 4211 1000 4278 cordis
1016 4211 1078 4279 illo
1095 4236 1162 4302 pn-

172 4312 312 4380 rissimu
334 4311 504 4397 sanguine
527 4327 560 4380 et
580 4313 725 4402 spiritu,
751 4315 812 4407 qui
829 4314 967 4382 duabus
985 4316 1101 4397 veuis,
1128 4328 1162 4384 et

166 4414 322 4485 ¹lotidem
339 4413 475 4481 arteriis
491 4437 530 4479 ex
548 4429 704 4484 materna
720 4416 799 4482 alvo
820 4441 880 4503 per
896 4416 1104 4484 unibilicum
1123 4417 1159 4483 in

169 4540 299 4586 venam
314 4538 434 4583 cavam
445 4529 480 4584 et
493 4529 626 4582 auctam
644 4516 789 4584 infantis
805 4512 1003 4598 invehitur,
1028 4533 1062 4585 et
1075 4517 1161 4585 inde

162 4642 234 4711 per
250 4633 384 4687 meatus
400 4618 589 4710 quosdam,
613 4619 837 4708 peculiariter
852 4621 895 4687 ad
915 4618 951 4684 id
970 4620 1096 4701 fartos,
1121 4619 1159 4687 in

168 4722 376 4814 pulmonem
392 4719 613 4802 infunditur,
648 4734 751 4813 atque
768 4722 806 4790 iu
823 4721 1031 4790 dilatatione
1044 4720 1160 4789 cordis

168 4824 253 4894 inde
275 4819 481 4893 exhauritur
504 4821 540 4890 iu
565 4825 747 4893 sinistrum
770 4822 1006 4892 ventriculum
1031 4823 1159 4906 cordis,

167 4938 273 5017 atque
290 4925 355 5007 ita,
386 4938 426 4993 ut
446 4925 512 5014 ipsi
536 4926 679 5009 dicunt,
707 4939 858 5014 praestat
875 4926 969 4993 idem
985 4924 1084 4992 cordi
1101 4924 1159 4991 in-

166 5028 275 5098 fantis
291 5025 328 5093 in
344 5039 464 5104 utero,
490 5031 586 5119 quod
602 5029 732 5098 adultis
749 5024 914 5098 externus
929 5026 992 5094 aiis
1009 5049 1072 5116 prr
1086 5029 1159 5118 spi·

164 5131 340 5209 rationem
359 5140 538 5200 attractus.

267 5264 364 5335 llaec
385 5262 559 5333 sententia
583 5244 807 5334 Medicorum
836 5264 978 5333 videtur
1001 5287 1158 5354 pugnare

1318 729 1410 803 Cum
1425 733 1535 821 igitur
1550 734 1667 803 infans
1682 733 1720 802 in
1737 747 1838 804 utero
1855 733 1950 803 vivat
1965 747 1999 805 et
2014 749 2218 824 moveatur,

1218 847 1253 905 et
1269 831 1426 904 inclusus
1446 835 1500 904 illi
1517 860 1579 905 ceu
1596 836 1722 920 furno,
1749 835 1963 905 calidissimo
1986 839 2114 907 matris
2136 850 2216 909 ute·

1218 959 1278 1016 ro,
1308 935 1419 1024 magis
1440 938 1544 1006 etiam
1567 935 1832 1026 refrigeratione
1856 936 2014 1026 indigere
2035 939 2216 1022 videatur,

1218 1060 1323 1129 quam
1346 1037 1432 1106 editi
1456 1038 1492 1106 in
1518 1033 1610 1106 hanc
1633 1038 1767 1122 lucem,
1793 1038 1857 1108 ubi
1873 1038 2218 1113 circumfunduntur

1218 1144 1297 1207 aere
1323 1138 1470 1228 frigido:
1493 1141 1694 1240 quomodp
1724 1139 1800 1209 fieri
1824 1154 1956 1230 potest,
1989 1153 2028 1210 ut
2052 1166 2116 1212 cor
2140 1164 2217 1215 nou

1219 1240 1458 1327 stranguletur
1485 1240 1546 1309 illa
1568 1242 1707 1311 assidua
1731 1241 1904 1326 tostione,
1938 1254 1972 1311 et
1995 1243 2216 1316 dissolvatur

1217 1342 1248 1410 si
1263 1337 1519 1411 nullam'habct
1533 1366 1573 1410 ex
1589 1342 1770 1434 pulmonis
1783 1355 1818 1413 et
1835 1337 1990 1413 thoracis
2005 1346 2216 1417 ventilatio⁴

1218 1466 1263 1511 ne
1286 1443 1611 1533 refrigerationem,
1636 1458 1671 1514 et
1691 1443 1881 1535 fuliginum
1905 1469 1947 1517 ex
1961 1445 2107 1518 sinistro
2124 1462 2217 1518 vcn-

1217 1544 1345 1616 triculo
1364 1544 1602 1634 egestionem?

1318 1691 1397 1765 Hoc
1426 1706 1518 1763 certe
1543 1694 1717 1785 explicatu
1738 1686 1884 1763 difficile
1909 1708 1979 1776 est,
2011 1696 2117 1767 etiam
2143 1698 2216 1790 ipsi

1218 1794 1377 1879 Galeno,
1399 1795 1461 1888 qui
1475 1795 1542 1865 etsi
1557 1796 1644 1864 salse
1658 1797 1794 1866 deridet
1809 1818 1887 1881 eos,
1912 1797 1973 1890 qui
1988 1793 2080 1868 hanc
2095 1800 2212 1891 ipsius

1217 1897 1426 1966 seutentiam
1441 1896 1672 1989 impugnant,
1690 1898 1822 1967 similes
1836 1919 1895 1967 eos
1909 1921 1981 1968 esse
1994 1901 2117 1969 dicens
2132 1902 2214 1972 cui·

1215 2000 1297 2071 dam
1323 1997 1500 2087 Agasoui,
1539 1999 1622 2092 qui,
1655 2023 1735 2069 cum
1760 2000 1869 2068 asinis
1895 2001 1968 2068 suis
1996 2003 2213 2089 nruneratia,

1216 2100 1378 2170 sensisset
1399 2125 1511 2169 unum
1534 2124 1682 2170 numero
1707 2102 1846 2185 abesse,
1883 2100 2009 2182 iratus,
2042 2126 2212 2174 accusare

1217 2202 1354 2271 viciuos
1376 2201 1463 2271 furti
1486 2201 1595 2293 cepit,
1629 2202 1762 2274 oblitus
1781 2225 1819 2273 se
1840 2203 1903 2275 ,illi
1924 2203 2023 2272 asino
2042 2203 2212 2290 insidere,

1216 2328 1322 2397 quem
1342 2302 1510 2373 amissum
1533 2306 1716 2375 credebat:
1750 2303 1888 2374 Tamen
1910 2305 2085 2391 eiusmodi
2103 2326 2212 2375 mon·

1217 2417 1305 2476 strat
1326 2418 1478 2488 meatus,
1509 2429 1573 2496 per
1591 2430 1680 2497 quos
1697 2406 1795 2474 illam
1818 2404 2076 2497 mitigationem
2093 2418 2211 2477 aestus

1216 2509 1256 2576 in
1271 2508 1376 2577 corde
1390 2506 1508 2598 perfici
1522 2506 1625 2587 dicit,
1651 2507 1916 2590 utdifficilesit,
1939 2507 2099 2602 assequi,
2122 2510 2210 2602 quid

1218 2609 1322 2694 velit,
1346 2624 1382 2679 et
1397 2610 1453 2677 vix
1470 2608 1514 2678 sit
1529 2610 1718 2692 credibile,
1741 2611 1883 2680 remita
1900 2633 1937 2680 se
1951 2605 2096 2685 habere.
2194 2704 2198 2713 Ι

1318 2756 1388 2829 Sed
1412 2753 1497 2828 huic
1511 2761 1703 2831 sententiae
1719 2760 1848 2835 Galeni
1870 2761 2113 2850 suffragantur
2126 2759 2209 2829 dili-

1216 2860 1391 2948 gentiores
1406 2859 1628 2947 Anatomici,
1654 2865 1716 2956 qui
1733 2878 1827 2932 certo
1842 2864 2040 2948 affirmant,
2067 2861 2208 2931 nullum

1217 2963 1460 3052 respirationis
1480 2977 1616 3032 mutum
1643 2965 1681 3033 iu
1704 2967 1801 3035 foetu
1826 2986 2012 3057 apparere,
2047 2964 2209 3057 quaudiu

1217 3064 1416 3153 panniculis
1430 3063 1504 3133 suis
1520 3064 1678 3136 inclusus
1692 3080 1850 3149 tenetur,
1877 3092 1956 3136 curn
1969 3081 2089 3136 tamen
2106 3065 2210 3156 pelli·

1215 3166 1374 3234 cularuur
1397 3179 1493 3235 tanta
1517 3167 1563 3235 sit
1587 3170 1737 3239 tenuitas
1759 3183 1793 3238 et
1817 3169 2067 3259 perspicuitas,
2094 3168 2208 3236 mitte

1215 3283 1332 3337 motus
1352 3263 1522 3352 thoracis,
1555 3268 1586 3337 si
1610 3271 1690 3363 quis
1713 3286 1817 3356 esset,
1850 3272 1959 3340 latere
1977 3270 2208 3362 aspicientem

1214 3393 1289 3438 non
1307 3385 1424 3462 queat.

1316 3518 1386 3590 Sed
1411 3519 1473 3589 nbi
1491 3520 1646 3612 primum
1667 3519 1835 3605 lacerata,
1859 3533 1918 3588 aut
1939 3545 2086 3614 quoquo
2101 3523 2207 3592 modo

1214 3622 1383 3712 patefacta
1400 3623 1532 3692 fuerint
1546 3623 1746 3705 involucra,
1777 3622 1824 3690 ita
1842 3638 1881 3692 ut
1898 3615 1993 3692 hunc
2009 3638 2207 3693 extremum

1212 3730 1328 3792 aerem
1346 3725 1472 3793 sentiat
1487 3727 1617 3794 foetus:
1643 3739 1730 3794 tunc
1743 3724 1833 3793 miro
1848 3732 1881 3793 et
1894 3726 2083 3795 manifesto
2100 3750 2209 3796 cona-

1214 3841 1250 3894 tu
1266 3825 1388 3894 dicunt
1405 3827 1574 3896 infantem
1592 3826 1806 3895 contendere
1826 3830 1869 3894 ad
1887 3839 2022 3895 motum
2039 3822 2207 3916 thoracis,

1214 3940 1249 3995 et
1263 3928 1389 4016 cupido
1404 3923 1576 3997 attrahere
1598 3933 1733 4010 aerem,
1759 3941 1926 4020 tanquam
1943 3942 2081 4018 gratum
2102 3931 2208 4000 refri-

1213 4029 1369 4117 gerium,
1393 4045 1426 4100 et
1443 4055 1520 4098 mox
1539 4028 1669 4097 deinde
1688 4030 1843 4118 vagitum
1860 4032 1982 4111 edere,
2006 4056 2087 4099 cum
2102 4044 2205 4100 autea

1213 4132 1250 4199 in
1267 4146 1367 4200 utero
1385 4130 1533 4200 iacuerit
1548 4133 1624 4201 sine
1640 4155 1740 4214 voce,
1765 4132 1810 4199 ad
1834 4131 1933 4200 cuius
1953 4132 2205 4200 formationem

1212 4235 1456 4303 adiumentum
1485 4231 1708 4324 spirationis,
1724 4228 1777 4302 'et
1803 4236 2017 4324 compressio
2045 4227 2205 4302 thoracis

1212 4336 1419 4427 requiritur.
1457 4420 1460 4427 ι

1310 4483 1401 4557 Cum
1412 4487 1520 4577 igitur
1533 4486 1688 4554 difficilis
1698 4479 1838 4555 sithaec
1849 4487 2023 4579 quaestio,
2048 4501 2083 4558 et
2097 4488 2206 4579 digna
2263 4571 2268 4580 ι

1211 4587 1460 4678 explicatione,
1484 4614 1548 4657 oro
1565 4603 1598 4659 te
1612 4587 1805 4656 clarissime
1820 4585 1973 4658 Domine
1987 4587 2140 4676 Ductor,
2166 4605 2207 4661 ut

1210 4689 1314 4756 nobis
1335 4689 1533 4759 illustribus
1558 4690 1758 4758 rationibus
1781 4693 1963 4775 ostendas,
1983 4705 2106 4761 utrum
2122 4718 2205 4761 sen-

1209 4791 1318 4859 tentia
1332 4787 1463 4860 Galeni
1479 4815 1560 4861 vera
1579 4791 1644 4875 sit,
1670 4806 1704 4861 et
1718 4794 1898 4884 quomodo
1915 4793 2032 4861 infans
2047 4793 2087 4861 iu
2102 4808 2205 4865 utero

1209 4891 1328 4961 vivere
1348 4893 1457 4984 possit
1480 4895 1555 4962 sine
1570 4893 1818 4984 respiratione,
1843 4919 1912 4986 qna
1933 4894 2020 4964 alias
2035 4895 2207 4987 impedita

1209 4996 1334 5087 exiguo
1349 5010 1527 5087 tempore,
1552 4989 1734 5065 homiuem
1751 4996 1908 5088 extingui
1924 5021 2064 5067 necesse
2078 5013 2143 5069 est.

1310 5165 1462 5256 Quodsi
1482 5178 1576 5235 recte
1593 5162 1685 5249 uixit
1701 5162 1880 5244 Galenus,
1908 5161 2003 5237 haud
2021 5170 2135 5241 dubie
2150 5174 2206 5241 in-

1208 5288 1292 5356 gens
1303 5267 1514 5338 miraculum
1527 5281 1598 5354 est,
1623 5267 1686 5335 illa
1702 5267 1847 5338 infantis
1859 5270 1896 5337 iu
1916 5284 2018 5340 utero
2031 5272 2127 5358 vita,
2150 5298 2207 5344 re·

165 5395 245 5441 cum
263 5371 323 5451 iis,
345 5392 435 5458 quae
450 5368 678 5435 ‹licunturde
693 5367 818 5435 officiis
832 5381 865 5436 et
877 5367 1082 5438 necessitate
1099 5392 1157 5437 re-
1206 5369 1400 5459 spiratione
1420 5394 1554 5441 carens.
1611 5366 1658 5440 Et
1679 5369 1771 5439 sicut
1786 5384 1857 5440 tota
1883 5371 2030 5440 infantis
2045 5374 2086 5442 in
2104 5389 2208 5446 utero

76 5562 80 5567 ,
164 5470 386 5567 spirationis,
415 5471 477 5539 uhi
500 5471 824 5554 omnesfatentur,
848 5470 1013 5540 omissam
1029 5470 1155 5560 exiguo
1204 5470 1391 5555 formatio,
1413 5472 1583 5561 nutritio,
1602 5473 1890 5561 amuservatio,
1917 5487 1969 5546 est
1982 5477 2104 5566 imago
2121 5479 2208 5572 pul-
