4748 6022
76 280 154 357 sm
590 272 596 282 ’
819 284 1146 363 caunmum
1194 283 1302 363 mn.
1329 284 1358 368 1.
1483 234 1487 242 ’
2037 293 2114 367 aas

76 454 149 529 Sed
163 480 185 527 o
199 474 364 525 censores
380 474 522 544 asperos
534 469 569 526 et
584 478 782 546 pergraves,
1125 456 1256 530 Facere
1271 457 1422 530 actionis
1437 450 1504 528 hoc
1520 457 1599 528 loco
1614 455 1824 550 periculum.

52 617 58 624 .
78 556 154 650 Qui
167 559 265 652 quod
280 549 551 647 reprehendunt
565 558 604 626 in
621 552 759 629 theatro
774 561 905 631 ludunt
920 561 1031 632 dorni.
1127 560 1306 632 Germana
1322 559 1441 633 Plauti
1457 573 1510 631 est
1525 583 1631 654 quam
1649 563 1756 632 modo
1772 559 2028 643 exhibebimus.

76 656 128 735 Et
141 660 260 732 curios
274 659 463 744 simulant,
488 659 618 731 vivunt
632 655 874 749 bacchanalia,
1124 662 1236 736 Cuius
1254 664 1414 733 ferebant
1428 686 1489 733 ore
1503 662 1758 733 facundissimo

74 759 376 856 Ludunt'poiitae.
425 759 476 831 At
490 761 590 832 lusus
605 762 661 830 illi
675 763 766 836 seria
1125 765 1250 836 Musas
1264 766 1372 836 fuisse
1386 765 1541 835 libenter
1556 788 1681 835 usuras
1694 767 1805 856 probe

75 866 243 952 Ducunt,
269 863 446 956 simulque
461 888 603 935 morum
618 866 764 938 tradunt
784 867 918 957 optima
1125 867 1165 940 si
1182 868 1327 961 quando
1342 869 1542 938 decressent
1557 868 1666 938 latine
1684 869 1813 942 dicere.

77 970 183 1042 Vitae
201 979 401 1061 praecepta,
425 981 466 1038 ut
479 961 573 1036 nihil
589 967 717 1037 melius
732 966 845 1039 Solon
1124 968 1334 1063 Nomenque
1348 969 1431 1040 fecit
1445 970 1639 1059 gloriosum
1659 969 1809 1041 militem

77 1073 155 1145 Aut
168 1072 323 1142 sanctius
338 1067 469 1138 tabulis
487 1069 706 1161 inscripserit
722 1072 853 1144 aeneis.
1124 1070 1233 1143 Poeta
1247 1071 1407 1152 fabulae,
1433 1085 1679 1162 argumentum
1697 1096 1738 1141 ex
1753 1074 1895 1145 servulo

77 1178 149 1247 Sed
165 1198 325 1266 asperam
338 1185 456 1240 tamen
473 1170 640 1243 virtutem
656 1173 831 1244 condiunt
1128 1173 1356 1264 lntelligetis,
1380 1174 1442 1244 ille
1458 1173 1607 1265 sumpsit
1619 1168 1690 1244 hoc
1704 1175 1785 1260 sibi,

78 1274 358 1349 Iucundioribus
372 1272 568 1360 illecebris,
592 1287 633 1345 ut
647 1277 764 1346 solent
1125 1273 1174 1349 Ut
1190 1289 1311 1347 narret
1326 1275 1400 1368 ipse
1407 1328 1420 1361 ,
1447 1301 1531 1345 nam
1546 1275 1798 1366 crepitaculum
1818 1290 1870 1347 est
1886 1302 2035 1370 merum,

79 1379 216 1450 Medici
233 1377 352 1449 daturi
371 1377 491 1465 pueris
506 1391 594 1448 tetra
608 1373 809 1470 absynthia,
1126 1376 1234 1467 Quod
1249 1402 1324 1447 non
1341 1378 1481 1449 molesti
1497 1377 1553 1448 bis
1568 1400 1709 1463 sumus,
1732 1373 1825 1446 mihi
1840 1381 1987 1469 gratiam

78 1479 171 1553 Cum
186 1481 290 1550 melle
306 1479 403 1549 dulci
419 1490 453 1548 el
470 1502 610 1550 saccaro
627 1479 770 1550 irritant
787 1480 917 1568 gulam.
1125 1477 1291 1567 Debetis,
1317 1481 1413 1551 ultro
1427 1481 1492 1574 qui
1508 1480 1650 1575 loquaci
1664 1481 1805 1550 servulo

79 1583 268 1655 Facessant
283 1604 366 1672 ergo
381 1579 497 1674 iniqui
513 1582 647 1652 iudices
664 1576 747 1651 hinc
760 1581 884 1672 procul
1124 1579 1235 1653 Cessi.
1287 1580 1357 1653 Sed
1376 1607 1454 1653 eece
1470 1583 1620 1652 militem
1636 1582 1843 1673 delegimus,

80 1683 131 1758 Ut
147 1686 375 1780 aequioribus
389 1685 571 1775 spectandi
588 1687 673 1754 dent
686 1684 816 1755 locum.
1126 1683 1176 1757 Ut
1189 1686 1229 1753 in
1245 1679 1315 1754 hoc
1331 1686 1497 1756 iuventus
1511 1698 1632 1755 nostra
1645 1683 1810 1776 inspiciat
1827 1686 1951 1757 sedulo

80 1784 155 1859 Nos
168 1788 302 1881 publici
318 1786 504 1880 nostrique
520 1811 622 1857 causa
639 1788 816 1856 commodi
1126 1782 1359 1879 Exemplum,
1387 1802 1422 1858 et
1437 1782 1618 1859 intueatur
1628 1783 1692 1857 hic
1708 1785 1898 1877 imaginem

82 1888 335 1963 Terentianam
351 1912 493 1980 agemus
508 1882 725 1961 Eunuchum
740 1892 861 1967 modo,
1126 1887 1279 1959 Perinde
1291 1915 1332 1961 ac
1348 1891 1386 1959 in
1402 1890 1534 1961 tabella
1550 1889 1798 1960 adumbratam
1815 1912 1927 1961 suam.

81 1989 163 2081 Qua
178 1995 366 2065 barbaram
380 1988 579 2061 Thrasonis
593 1991 830 2079 arrogantiam
1125 1989 1198 2061 Nec
1211 1992 1266 2061 lac
1280 1992 1376 2062 enim
1392 1992 1495 2073 lacti,
1521 2015 1586 2060 nec
1601 2015 1670 2061 ovo
1689 2003 1743 2061 est
1757 2015 1866 2061 ovum
1879 1992 1991 2084 magis

81 2093 298 2192 Fastumque
312 2097 455 2164 inanem
473 2093 609 2165 irridet.
661 2089 730 2160 Hic
745 2104 795 2162 est
812 2112 954 2160 cernere
1127 2091 1273 2174 Simile,
1296 2091 1382 2164 huic
1396 2094 1518 2186 inepto
1534 2093 1642 2162 militi
1658 2116 1766 2186 quarn
1783 2107 1867 2164 sunt
1885 2098 1993 2165 modo

80 2194 235 2270 Perinde
253 2200 345 2269 acin
363 2193 506 2285 speculo
520 2192 744 2288 ardelionum
758 2193 962 2282 imaginem,
1127 2193 1294 2284 Quicum
1311 2196 1474 2264 meliores
1491 2195 1611 2265 literas
1626 2194 1826 2278 fastidiunt,

82 2297 158 2388 Qui
173 2301 333 2371 caudices
347 2295 519 2388 fungique
533 2319 613 2365 cum
631 2295 720 2364 meri
740 2296 842 2376 sient,
1126 2295 1262 2369 Rerum
1278 2297 1438 2366 omnium
1457 2309 1576 2367 tamen
1591 2295 1773 2365 scientiam
1791 2295 1861 2366 sibi

80 2398 222 2471 Primas
236 2414 354 2470 tamen
366 2398 436 2468 sibi
451 2421 569 2468 rerum
586 2396 720 2490 ubique
736 2398 937 2469 vendicant.
1127 2389 1307 2470 Audacter
1321 2412 1506 2489 arrogant,
1529 2411 1564 2467 et
1578 2398 1673 2468 inter
1686 2397 1814 2489 pocula

79 2500 283 2574 Proventus
295 2496 404 2572 huius
418 2500 558 2590 generis
572 2512 624 2570 est
642 2500 845 2570 uberrimus
1127 2498 1170 2569 ln
1187 2500 1421 2595 compitisque
1436 2500 1622 2570 venditant
1637 2522 1740 2569 suurn
1757 2491 1888 2594 σοφός,

79 2603 162 2675 Hoc
177 2605 315 2686 seculo,
340 2626 420 2673 cum
434 2625 472 2671 se
485 2601 591 2673 titulo
610 2600 814 2692 sapientiae,
1128 2601 1264 2693 Vulgus
1280 2598 1505 2694 prophanum
1520 2615 1554 2672 et
1569 2601 1794 2691 improbum,
1819 2613 1925 2694 atque
1941 2599 2042 2672 sutile

81 2707 272 2780 Musarum
287 2705 420 2798 ubique
437 2705 642 2789 venditant,
666 2699 786 2776 hostes
800 2703 867 2774 leri
1127 2700 1349 2791 'Phrasones,
1373 2719 1479 2798 atque
1493 2700 1785 2798 Pyrgopolinices
1800 2703 1888 2772 meri

81 2806 273 2904 Prophana
292 2807 485 2901 divinaque
499 2807 647 2878 miscent
662 2807 796 2880 omnia.
1126 2806 1337 2898 Dignissimi
1353 2806 1434 2900 quis
1449 2807 1559 2875 latera
1574 2805 1661 2875 liant
1674 2804 1782 2875 lorea.

83 2910 159 2983 Vos
174 2937 256 3004 ergo
272 2911 405 2998 favete,
429 2921 640 3000 spectatores
655 2908 794 3000 optimi,
1128 2907 1198 2980 Sed
1214 2933 1334 2981 eccum
1355 2908 1526 2993 militem,
1551 2908 1666 2977 favete
1683 2905 1874 2991 actoribus,

85 3011 257 3087 Adfertur
271 3013 370 3084 utilis
384 3026 418 3084 et
437 3012 592 3083 iucunda
606 3011 739 3081 fabula.
1128 3008 1176 3084 Et
1192 3014 1273 3083 date
1290 3010 1469 3083 iuventuti
1487 3009 1667 3082 crescendi
1682 3009 1833 3102 copiam.

2097 1850 2116 1883 ι’

1892 3215 2120 3230 *Q

108 3390 176 3464 No·
192 3387 254 3464 44·
865 3387 931 3466 (m
947 3385 1058 3467 1525.)
1152 3348 1220 3420 Nu.
1235 3347 1299 3422 45.
1915 3351 1981 3429 (en.
2000 3355 2110 3437 1525.)

89 3488 261 3519 w
857 3443 1307 3513 ww
1912 3443 2122 3480 Q

153 3612 184 3666 n
197 3608 332 3682 samana
343 3608 434 3663 secer.
450 3617 477 3661 a
489 3605 517 3659 tn
530 3619 593 3673 opp.
607 3599 668 3654 u...
686 3598 719 3653 r.
733 3597 768 3653 v.
787 3616 813 3670 p.
825 3596 885 3652 ssa.
910 3595 991 3668 apua
1007 3594 1074 3651 Vin·
1199 3558 1549 3701 *lifflii'iiii‘m
1568 3558 1598 3612 ³¹¹
1619 3575 1682 3631 ⁰ee·
1700 3558 1761 3614 1³2⁸·
1778 3558 1814 3614 T·
1831 3558 1863 3617 V·
1880 3578 1907 3631 r.
1919 3561 1983 3621 329.
2006 3576 2033 3619 a
2050 3571 2122 3640 ‚pua

185 3680 306 3735 centium
326 3696 352 3749 p.
369 3675 427 3731 121.

283 3853 526 3948 Proloquere
550 3846 710 3920 militem
735 3845 879 3917 Plauti.
1298 3785 1474 3881 ΜΨ
1496 3786 1538 3856 'd'
1561 3780 1750 3856 mrim
1776 3787 1957 3859 Terentii.

1129 3939 1275 4008 Vestrae
1292 3935 1462 4030 periclum
1480 3935 1627 4005 fecimus
1642 3935 1834 4027 patientiae

1128 4039 1221 4131 Cum
1238 4062 1354 4131 nuper
1370 4038 1409 4106 in
1424 4061 1527 4107 scena
1546 4033 1773 4108 exhibuimus
1788 4033 1951 4110 militem.
2028 4096 2032 4103 .

1130 4142 1351 4234 Animosque
1365 4139 1471 4211 nobis
1485 4140 1623 4211 addidit
1640 4152 1753 4209 vester
1768 4140 1881 4224 favor,

1130 4245 1179 4319 Ut
1196 4267 1271 4313 non
1287 4243 1464 4334 patiamur
1481 4264 1621 4311 scenam
1639 4242 1880 4326 consilescere,

1130 4347 1200 4419 Sed
1215 4370 1261 4415 ne
1276 4345 1418 4415 mirere.
1471 4342 1572 4433 Quid
1588 4368 1738 4436 pompae
1755 4333 1968 4433 Teologicae

1129 4447 1221 4521 Cum
1239 4446 1381 4517 comicis
1397 4444 1508 4516 iocis?
1534 4469 1651 4516 merae
1666 4459 1751 4517 sunt
1763 4447 1917 4529 fabulae,

1133 4551 1173 4622 ln
1191 4550 1337 4642 pulpitis
1349 4542 1426 4643 ut¹)
1442 4549 1594 4638 agebant
1609 4544 1716 4618 hodie
1732 4543 1921 4638 Theologi,

1129 4650 1177 4722 Et
1191 4647 1414 4722 chirothecae
1429 4662 1463 4720 et
1479 4650 1605 4721 annuli
1623 4663 1708 4721 sunt
1719 4649 1874 4731 fabulae,

1131 4754 1270 4825 Nomen
1285 4752 1451 4844 Magistri
1467 4752 1581 4822 nostri
1600 4751 1705 4840 plane
1719 4750 1872 4828 fabulae,
1929 4763 1932 4767 ’

1130 4854 1315 4925 Postremo
1332 4855 1394 4949 qui
1410 4853 1584 4924 conduxit
1596 4849 1624 4944 ²)
1644 4873 1788 4941 operam
1806 4844 1913 4921 huius
1928 4853 2043 4944 gregis

1132 4952 1340 5046 Theologus
1351 4969 1421 5039 est,
1448 4977 1583 5047 suoque
1599 4953 1702 5022 iussit
1718 4951 1877 5022 fabulam

1130 5057 1310 5128 Prolixior
1323 5072 1363 5129 ut
1379 5057 1470 5126 risus
1487 5055 1578 5123 foret
1599 5053 1813 5145 praescripto
1830 5055 1897 5144 agi,

1131 5157 1181 5231 Ut
1196 5173 1236 5229 nt
1253 5158 1491 5250 placebimus,
1517 5156 1685 5248 imputari
1702 5158 1779 5229 vult
1794 5157 1874 5227 sibi.

83 4011 232 4083 Deserta
249 4025 351 4074 scena
367 4015 402 4071 et
416 4013 513 4070 muta
530 3995 741 4091 aliquandiu
756 3995 862 4081 stetit,

85 4114 254 4205 Salesque
268 4103 497 4187 refrixerant,
523 4113 558 4172 et
571 4099 698 4170 comici
714 4099 794 4182 ioci,

85 4212 178 4286 Cum
192 4208 338 4282 barbari
354 4205 558 4277 obruissent
573 4201 729 4272 tenebris
744 4200 875 4279 literas,

85 4316 157 4389 Sed
166 4308 205 4412 *)
219 4326 407 4406 postquam
423 4298 528 4399 eaput
546 4304 689 4394 erigunt
703 4303 916 4382 comoediae,

84 4419 215 4489 Favete
229 4437 358 4509 quaeso
372 4412 412 4480 in
428 4410 544 4480 lucem
562 4420 601 4478 ut
615 4429 686 4476 una
702 4406 862 4497 prodeat,

85 4520 269 4590 Praestare
285 4517 324 4586 id
338 4537 488 4608 aequum
507 4523 577 4593 est,
603 4531 666 4579 vos
681 4507 813 4601 quibus
828 4507 924 4599 ipsae
941 4504 1064 4580 literae

88 4622 218 4713 lugens
233 4620 339 4689 decus
353 4638 537 4708 peperere,
561 4610 635 4682 Nec
650 4609 881 4693 committere,

36 4770 39 4774 >
86 4723 215 4797 Audax
230 4735 271 4791 ut
285 4721 488 4810 inceptum,
514 4738 553 4784 ac
572 4737 705 4785 novum
722 4712 842 4783 fraudi
857 4711 923 4784 siet

86 4827 221 4905 Nobis,
248 4845 348 4892 amor
365 4843 454 4914 quos
471 4819 655 4886 literamm
669 4815 837 4907 perpulit,

86 4928 277 5002 Renovare
291 4923 446 5016 priscum
463 4940 618 5000 morem,
644 4928 678 4986 et
691 4910 761 4986 hoc
776 4915 974 5006 spectaculo

86 5030 210 5103 Ludos
226 5030 362 5105 facere,
388 5017 475 5088 haee
493 5029 534 5086 ut
549 5016 685 5101 studia,
712 5030 747 5088 et
762 5030 857 5087 aetas
875 5018 1065 5107 postulant.

86 5133 263 5224 lllamque
278 5149 343 5196 vos
358 5124 456 5194 decet
467 5120 589 5203 favore
605 5118 782 5209 prosequi.

85 5236 219 5309 Audite
231 5252 328 5300 nunc
344 5226 383 5296 in
400 5247 469 5319 qua
483 5220 635 5292 velimus
650 5216 771 5287 fabula

1051 5452 1054 5457 ,
1170 5386 1198 5446 l)
1217 5385 1261 5446 ut]
1278 5381 1339 5438 Bas,
1356 5393 1436 5448 quas.

121 5481 155 5541 *l
173 5475 235 5529 3¹⁸¹
255 5469 314 5526 S‘d
330 5474 394 5526 Μ’·
1166 5467 1199 5529 2)
1218 5465 1280 5521 Bas.
1298 5463 1434 5519 eondrbr‘t.

86 5557 268 5624 Mrnxrrn.
285 5554 391 5618 Oeen.
406 5549 487 5614 vor.
503 5544 549 5611 X.
854 5606 856 5610 μ
1600 5536 1664 5608 32.
