4748 6022
211 240 286 315 591

220 408 357 506 Eptpr.
384 407 425 474 io
440 402 644 473 Homerum
668 389 718 464 od
739 361 943 463 literarum
963 391 1213 458 iuventutem.

222 585 405 655 Nocturna
420 570 555 639 virsate
571 587 703 645 manu,
727 571 861 627 versate
877 556 1023 640 diurna,

272 674 446 758 Mamali,
468 673 634 748 iuvenes,
660 663 749 734 utile
758 658 785 757 ¹)
804 658 894 728 vatis
910 678 1001 746 opus

224 785 412 857 Humanae
430 774 612 866 speculum
630 767 723 836 vitae
743 763 838 856 quod
858 759 1008 842 dicitur,
1035 757 1160 850 inquo

277 884 436 957 Affectus
453 874 578 968 populi
595 867 738 941 cernitis
753 881 858 957 atque
871 858 1027 943 Ducum,

229 990 409 1078 Quodque
433 977 541 1049 simul
564 979 758 1052 monstrat,
791 987 881 1058 quae
914 962 986 1033 sint
1009 960 1215 1031 discrimina

739 1090 892 1144 morum,

281 1188 381 1277 Quae
394 1183 451 1250 lex
468 1177 631 1249 distinxit
645 1197 716 1241 non
735 1162 940 1263 violanda²)
958 1163 1040 1250 Dei,

232 1292 333 1381 Quae
350 1289 495 1357 deceant
516 1277 697 1359 homines,
727 1269 881 1340 habeant
895 1292 986 1364 quae
1005 1261 1135 1360 facta³)
1162 1287 1217 1333 se-

739 1376 874 1447 cunctos

281 1487 458 1568 Eventus,
483 1483 575 1551 iusto
590 1475 619 1571 ⁴)
635 1490 758 1548 cuncta
778 1485 919 1562 regente
936 1468 1025 1549 Deo,

231 1590 280 1664 Et
296 1614 385 1684 quae
401 1589 471 1658 sint
491 1607 628 1652 stimma
646 1605 730 1648 cura
749 1577 938 1668 studioque
955 1570 1122 1653 cavenda,

284 1693 385 1781 Quae
402 1687 564 1780 sequitur
581 1681 667 1773 loesi
684 1679 834 1748 vindicis
852 1678 902 1745 ira
920 1674 1001 1747 Dei.

235 1797 287 1866 Ne
302 1793 446 1870 dubita,
472 1810 609 1876 semper
624 1783 763 1856 delicta
774 1780 905 1849 atrocia
924 1769 1092 1867 poenas⁸)

284 1893 331 1964 Et
346 1894 481 1971 subitas
498 1889 612 1957 clades
630 1898 707 1976 post
725 1883 816 1952 mala
832 1882 922 1948 facta
938 1869 1085 1971 sequi⁶).

191 2021 192 2024 ’
232 1995 335 2067 Hanc
350 1997 552 2088 quicunque
569 1983 689 2078 tegu’)
705 1983 903 2057 doctrinam
919 1978 1108 2050 transferat
1121 1983 1197 2043 arte

284 2101 340 2168 Ad
358 2119 449 2177 sese,
475 2105 516 2162 ut
532 2112 648 2159 mores
666 2084 750 2156 hinc
768 2098 864 2173 regat
880 2084 954 2172 ipse
972 2102 1067 2152 suos.

139 2192 142 2197 ¹
233 2199 361 2272 Civilis
380 2199 470 2265 vitae
485 2214 646 2262 normam
663 2179 863 2280 viditque⁸)
881 2186 1054 2274 docetque

286 2300 501 2395 Quanquam
518 2292 630 2364 oculis
649 2290 768 2360 senior
784 2299 905 2382 captus
916 2283 1095 2354 Homerus
1111 2291 1198 2354 erat.

1104 2499 1220 2512 -ι-

240 2515 609 2541 W-

1044 2669 1094 2713 an.
1112 2645 1207 2712 1545.

1024 2737 1228 2776 m

261 2663 330 2734 No.
345 2663 452 2780 290.κ

239 2757 430 2795 m

305 2857 385 2929 Apud
401 2853 531 2906 Vincent·
555 2868 582 2919 p.
602 2845 661 2900 tta.
679 2873 713 2885 —
748 2839 909 2895 Melanthoo
929 2838 1076 2922 hooanno
1095 2841 1228 2893 enarravit

340 2923 462 2995 Lycurgi
478 2920 631 2974 orationem
644 2923 743 2972 contra
759 2911 931 2966 Leocratesn.
967 2909 1030 2962 th.
1045 2927 1106 2980 epp.
1125 2910 1186 2964 Vol.
1195 2909 1227 2966 V,

341 3015 371 3066 p.
387 2992 448 3047 886.

209 3214 216 3225 .
243 3163 378 3232 Versus
404 3156 446 3223 in
468 3131 640 3222 oratione
659 3145 817 3238 Lycurpo‘
834 3147 966 3212 contro
982 3141 1228 3213 Leocrotenss

281 3307 408 3384 Ὅταν
422 3298 496 3404 γὰρ
512 3289 815 3442 ὀργὴὲἳαιμόνων
829 3287 977 3388 βλάπτῃ
993 3286 1077 3364 τινὰ

289 3403 413 3503 τούτῳ
431 3409 581 3499 πρῶτον
595 3400 845 3494 ε5αφαιρεῖται
862 3400 1014 3491 φρενῶν

290 3508 359 3585 τὸν
373 3512 469 3583 νοῦν
484 3501 551 3577 τὸν
567 3495 726 3584 ἐσθλόν,
752 3501 802 3578 alc
819 3492 858 3569 di
874 3494 942 3589 τὴν
953 3489 1068 3588 χείρω
1082 3491 1203 3591 τρέπει

293 3605 469 3714 γνώμην,
496 3604 541 3680 ἵν’
560 3600 639 3696 aidp
664 3595 783 3696 μηδὲν
798 3590 853 3672 nir
871 3593 1091 3694 ἁμαρτάνει.

670 3779 706 3840 lcl
729 3792 788 3840 cst:

289 3923 405 3995 lratus
423 3917 467 3986 ad
486 3934 636 4005 poenam
651 3906 747 3978 Deus
762 3907 790 3975 si
808 3928 897 3999 quos
913 3898 1034 3984 trahit,
1119 3981 1120 3985 ρ

290 4026 443 4099 Auferre
459 4028 613 4086 mentem
630 4011 760 4082 talibus
776 4009 930 4100 primum
948 4007 1048 4080 solet.

289 4124 558 4213 Caliginemque
574 4114 813 4195 offundit,>ut
827 4120 933 4179 ruant
949 4131 1031 4177 suas

288 4226 464 4298 Fureuter
483 4221 521 4286 in
539 4217 673 4300 clades,
698 4214 767 4284 sibi
791 4234 877 4305 quas
894 4210 994 4279 noxii

289 4317 564 4399 Accersiveruut
578 4317 673 4387 ultro
691 4316 848 4386 consiliis
864 4314 977 4381 malis.

239 4493 461 4515 ---—--·

274 4587 306 4657 1)
325 4585 451 4644 iuvenes,
464 4575 543 4642 utile]
565 4574 681 4642 Autogr.
699 4587 774 4649 nronq
792 4569 960 4649 coenobita
978 4577 1045 4636 puto
1064 4566 1092 4649 in
1115 4566 1228 4648 autogr.

310 4669 385 4706 nuno
398 4665 448 4703 vos
465 4665 523 4701 esse
542 4659 667 4697 errorem
687 4640 881 4706 describentis,
899 4647 925 4689 et
945 4637 1012 4690 otet-
1028 4654 1166 4708 senpsrsse
1185 4643 1227 4692 tu·

308 4736 401 4774 venes.

274 4810 307 4873 2]
326 4810 442 4878 Autogr.
462 4805 578 4857 vr'oloto.

268 4895 301 4962 d)
322 4896 437 4962 autogr,
448 4891 528 4959 soto.

272 4981 302 5049 4)
322 4981 394 5031 iusto
413 4974 511 5027 habent
525 4973 641 5042 Autogc.
663 4975 691 5020 et
705 4965 769 5021 eod.
782 4962 864 5021 tlon.
880 4965 926 5022 90.
946 4992 980 5007 -
1017 4965 1096 5022 Vine.
1116 4967 1196 5027 iuste.
1250 4967 1252 4971 ’

273 5067 300 5134 5)
323 5067 438 5131 Autogr.
453 5068 480 5111 et
493 5057 557 5111 cod.
573 5057 653 5110 Mon.
667 5053 711 5106 90.
722 5069 842 5120 poenae.

255 5197 257 5200 ,
272 5154 301 5222 6)
324 5151 439 5272 Aptogr.
458 5152 485 5199 et
501 5139 564 5197 cod.
578 5138 712 5194 Mom90.
733 5147 759 5191 et
771 5140 882 5192 subotae
900 5139 997 5192 stodes
1010 5155 1082 5193 mox
1095 5141 1232 5196 comitare

311 5238 344 5273 80
370 5228 414 5271 nl·

272 5305 302 5372 7)
322 5306 437 5372 Autogr.
454 5300 538 5364 leget.

274 5389 304 5456 8)
323 5390 441 5458 Autogr.
459 5385 599 5451 videtque.

925 156 1259 287 ctuuruun
1307 199 1417 279 mn.
1441 169 1533 276 nr.

1263 373 1331 448 No.
1358 373 1462 488 22¹⁶.

1268 466 1449 507 Μ
2043 462 2263 498 Μ’

1340 567 1423 640 Apud
1439 567 1565 623 vincent.
1579 583 1607 636 p.
1626 563 1675 620 tta
1688 581 1729 634 sq.

1269 733 1405 802 Versus
1437 723 1633 817 Euripidis
1667 727 1709 793 in
1735 723 1895 819 Lycorpi
1926 725 2097 794 oratione
2126 732 2262 796 contro

1645 828 1879 896 Leoorotem.
2136 830 2140 844 *

1269 981 1310 1054 Si
1324 980 1403 1075 quis
1419 974 1628 1046 beneficium
1646 987 1699 1044 est
1715 974 1863 1043 daturus
1878 973 2025 1060 civibus,

1270 1083 1310 1154 ld
1326 1081 1460 1172 gratius
1476 1079 1514 1146 fit
1530 1077 1670 1145 liberali
1687 1087 1828 1166 pectore

1269 1182 1317 1258 Ec
1334 1194 1459 1276 sponte
1475 1203 1556 1248 cum
1575 1181 1695 1248 datur:
1723 1179 1847 1247 datum
1862 1178 2048 1261 morosius,

1269 1287 1472 1377 Lenteque,
1497 1303 1572 1349 non
1598 1275 1744 1350 habebit
1770 1280 1881 1348 ullam
1908 1281 2068 1371 gratiam.

1269 1386 1366 1477 Ergo
1385 1386 1510 1455 volens
1525 1397 1666 1473 gnatam
1686 1377 2007 1473 exhibetopatriae,

1271 1490 1322 1563 Ut
1338 1489 1398 1557 fiat
1419 1484 1533 1555 hostia
1552 1508 1617 1576 pro
1636 1485 1747 1554 salute
1766 1483 1920 1574 publica.

1274 1591 1504 1682 Montemque
1529 1610 1653 1656 causae
1678 1598 1887 1678 permovent
1912 1608 2035 1675 graves
2062 1584 2201 1677 meam,¹

1168 1712 1170 1715 ’
1273 1694 1369 1767 Urbs
1386 1704 1505 1760 nostra
1524 1680 1645 1759 multis
1660 1686 1839 1757 antecellit
1854 1688 2009 1773 cacteris,

1273 1797 1503 1887 Nequaquam
1521 1791 1615 1858 enim
1631 1789 1804 1859 confluxit
1819 1785 1887 1859 huc
1906 1815 1946 1858 ex
1963 1792 2114 1862 dissonis

1275 1896 1432 1969 Confusa
1449 1893 1641 1963 multitudo
1661 1892 1843 1982 gentibus,
1869 1915 1993 1981 gerens

1275 1999 1467 2089 Moresque
1483 2009 1697 2085 naturasque
1713 1993 1901 2062 dissimiles
1917 1994 2003 2063 sibi:

1276 2101 1346 2173 Sed
1363 2111 1473 2167 mater
1487 2092 1573 2165 haec
1588 2109 1639 2165 est
1654 2120 1725 2164 una
1741 2095 1846 2165 tellus
1862 2093 2008 2186 Atticm,
2118 2167 2122 2175 s

1278 2202 1407 2293 Stirpis
1424 2212 1580 2268 vetustae
1596 2199 1746 2281 civium,
1774 2222 1815 2265 ex
1832 2192 1900 2267 hoc
1914 2223 2020 2291 quam
2040 2201 2115 2270 solo

1278 2303 1411 2376 Mundi
1427 2296 1686 2372 architectatrix
1706 2299 1838 2370 creavit
1854 2323 1954 2369 mens
1967 2298 2047 2382 Dei,
2125 2341 2134 2368 ι

1277 2404 1430 2481 Virtutis
1443 2425 1540 2473 acres
1556 2403 1714 2470 inserens
1728 2401 1889 2470 stimulos
1906 2415 2011 2472 satae.

1160 2542 1165 2551 ¹
1278 2509 1348 2581 Sed
1367 2506 1558 2576 condidere
1572 2507 1679 2573 urbes
1696 2502 1815 2573 coloni
1828 2515 1991 2588 caeteras,

1278 2609 1412 2681 Passim
1429 2606 1577 2699 profecti
1592 2606 1725 2676 dissitis
1738 2601 1955 2695 regionibns,

1278 2712 1360 2784 Non
1375 2718 1607 2800 congruentes
1623 2709 1822 2792 mentibus,
1847 2707 1946 2778 lusor
1962 2709 2059 2782 velut

1280 2814 1318 2886 Si
1337 2814 1527 2883 discolores
1546 2812 1584 2878 in
1600 2810 1726 2879 fritillo
1748 2809 1892 2881 misceat

1280 2917 1399 2988 Telos.
1451 2912 1500 2984 At
1518 2911 1652 2984 Urbem
1671 2912 1831 3005 quisquis
1849 2925 2025 2992 externam
2043 2916 2177 2998 incolit,
2248 2948 2254 2957 ·

1283 3019 1329 3090 Ut
1345 3020 1382 3086 in
1401 3016 1514 3105 tigillo
1532 3018 1648 3084 nodus
1663 3037 1765 3105 asper
1780 3015 1950 3099 eminens,

1280 3119 1353 3191 Ceu
1369 3119 1508 3205 tignum
1523 3120 1567 3186 ad
1585 3118 1748 3187 ordinem
1764 3117 1915 3196 aedificii
1931 3140 2004 3186 non
2024 3121 2204 3212 quadrans

1281 3222 1364 3293 Non
1379 3221 1441 3289 ille
1458 3233 1576 3289 mente
1592 3219 1679 3287 civis
1697 3231 1765 3302 est,
1788 3222 1848 3288 sed
1866 3219 2022 3294 nomine.

1280 3325 1407 3394 Nostra
1425 3342 1506 3409 ergo
1523 3344 1587 3412 pro
1603 3320 1734 3411 patria,
1759 3322 1924 3389 verendis
1940 3322 2090 3410 legibus,

1281 3423 1328 3496 Et
1346 3424 1537 3495 constituta
1551 3422 1710 3492 moribus
1724 3423 1830 3493 bonis
1846 3423 1945 3492 decet

1281 3527 1418 3597 Pericla
1435 3524 1553 3609 adire,
1581 3538 1616 3594 et
1631 3529 1766 3616 perpeti
1783 3549 1969 3594 aerumnas
1986 3548 2119 3615 graves,

1281 3627 1501 3720 Causamqne
1517 3650 1625 3720 quare
1641 3649 1865 3718 procreamus
1881 3628 2014 3697 liberos

1281 3730 1383 3800 ilanc
1402 3753 1474 3798 esse
1492 3729 1716 3820 praecipuam
1733 3732 1932 3820 putandum
1948 3744 2017 3816 est,
2035 3745 2074 3801 ut
2084 3730 2151 3802 Dei

1282 3831 1415 3903 Notitia
1433 3830 1546 3901 luceat
1560 3831 1690 3900 futuris
1705 3832 1842 3916 seculis,

1283 3935 1499 4025 Semperque
1516 3934 1677 4001 custodes
1693 3934 1785 4004 sient
1801 3934 2004 4026 superstites

1282 4034 1497 4106 Coelestium
1515 4035 1653 4123 legum,
1680 4049 1783 4127 atque
1798 4036 2011 4127 templorum
2029 4034 2108 4109 Dei.

1284 4135 1358 4226 Qui
1373 4135 1411 4204 in
1427 4135 1540 4227 patria
1556 4150 1723 4207 tueantur
1740 4133 1803 4207 bas
1821 4162 1876 4207 res
1890 4141 2053 4229 optimas,

1207 4256 1210 4260 ’
1284 4239 1332 4311 Et
1348 4238 1572 4328 disciplinam
1591 4239 1741 4323 civium,
1767 4254 1802 4310 ct
1820 4263 1934 4309 mores
1951 4242 2064 4310 bonos

1284 4341 1365 4413 Non
1383 4340 1491 4431 impia
1508 4341 1644 4413 feritate
1663 4342 1774 4410 deleri
1794 4344 1922 4412 sinant.

1284 4443 1355 4513 Nec
1373 4443 1510 4530 franget
1525 4444 1620 4512 ullus
1638 4439 1705 4512 hoc
1721 4458 1880 4513 nostrum
1896 4457 2017 4534 pectus
2035 4445 2154 4530 timor,

1285 4544 1429 4614 Violare
1445 4545 1537 4633 leges
1552 4558 1592 4614 ut
1608 4546 1713 4614 velim
1732 4546 1982 4630 sanctissimas,

1285 4645 1386 4736 Quae
1402 4644 1559 4733 singulos
1575 4649 1740 4734 prodesse
1758 4649 1893 4738 patriae
1906 4647 2042 4733 iubent,

1284 4747 1375 4819 Cum
1391 4759 1504 4815 morte
1519 4746 1612 4816 filiae
1628 4748 1735 4818 unius
1754 4750 1914 4839 periculo

1284 4849 1389 4921 Nunc
1407 4848 1550 4918 liberari
1565 4861 1637 4921 tota
1652 4851 1762 4942 possit
1778 4853 1914 4927 civitas.
1936 4913 1943 4927 .

1284 4950 1375 5022 Nam
1390 4974 1446 5019 me
1461 4951 1564 5023 docet
1580 4955 1797 5035 numeratio,
1821 4968 1861 5024 ut
1874 4976 2009 5024 servem
2028 4954 2139 5045 magis

1286 5053 1368 5143 Quo
1386 5053 1465 5146 plus
1480 5053 1641 5140 videmus
1656 5078 1746 5140 esse,
1772 5081 1877 5150 quam
1896 5057 1994 5150 quod
2012 5067 2063 5124 est
2080 5057 2212 5130 minus.

1285 5153 1403 5226 Unam
1420 5157 1566 5226 domum
1584 5157 1677 5242 labi,
1703 5159 1822 5229 minus
1836 5172 1930 5227 certe
1947 5171 1999 5228 est
2013 5159 2111 5244 mali,

1286 5255 1402 5343 Quam
1421 5258 1597 5329 civitatem
1613 5284 1716 5330 ruere
1733 5274 1841 5331 totam
1857 5260 2030 5332 funditus.

1286 5355 1326 5426 Si
1343 5383 1409 5452 pro
1424 5360 1542 5450 puella
1559 5384 1701 5453 germen
1718 5374 1804 5432 esset
1821 5363 2016 5434 masculum
