4748 6022
57 242 130 318 ιιι
243 210 249 221 ’
431 234 1394 318 senteraxnvrruueroorrnu
1424 237 1727 324 uersxnrn.
2016 253 2093 333 ιιι

62 437 131 504 quo
151 408 211 479 ille
227 407 264 476 in
281 407 420 480 ribo'ac
435 384 522 501 polu
539 409 696 479 suaviter
709 406 762 480 uti
777 406 924 480 solebat.
976 402 1056 474 Hoc
1108 433 1193 474 vore.
1217 409 1285 499 legi
1306 435 1346 477 cx
1365 420 1517 503 utroque
1532 423 1738 484 testamento
1753 419 1946 510 quaedam,
1969 423 2099 517 quibus

60 515 174 603 igitur
196 511 333 582 iuscolo
357 510 464 581 allato
480 505 639 580 exhausit
654 507 848 581 cochlearia
868 510 955 592 tria,
982 509 1056 576 col·
1107 511 1260 580 maxime
1274 515 1489 581 delectarum
1506 537 1578 582 esse
1593 531 1706 586 norat.

60 616 213 686 laudans
239 614 386 703 insuper
410 637 516 706 quam
540 613 674 682 bonum
693 613 810 709 inquit
832 605 900 681 hoc
917 621 969 680 est
982 609 1055 679 ius-
1208 613 1434 704 Legebantur
1450 638 1531 704 ergo
1550 627 1625 684 tum
1641 633 1674 688 et
1690 616 1825 709 abipso
1845 622 1886 692 l).
1904 622 2048 697 Pastore
2063 643 2098 700 et

61 718 198 788 culum.
255 713 326 784 Hic
348 715 448 784 cibus
477 716 510 784 ei
533 715 680 785 ultimus
702 715 790 800 tuit,
823 712 1055 807 nequeenim
1107 738 1171 805 per
1185 715 1278 785 vices
1300 713 1503 784 aDiaconis
1521 715 1691 807 Megistro
1711 717 1935 805 Fructulus,
1965 743 2000 798 et
2015 729 2097 799 Ma-

61 834 173 912 potus
197 831 257 887 aut
271 816 341 885 cibi
356 818 544 911 quicquam
562 816 713 906 gustavit
731 810 876 908 posthac
892 813 1055 906 amplius.
1107 818 1216 906 gistro
1242 817 1410 887 Sturione
1433 816 1563 887 Psalmi
1588 821 1725 913 aliquot
1746 838 1784 890 ut
1806 828 1868 898 24.
1889 824 1953 900 25.
1978 846 2010 900 et
2034 834 2097 906 26.

61 919 236 993 Reiectus
255 919 479 989 mediocriter
495 919 582 1007 erigi
599 943 635 989 se
652 918 752 988 iubet
763 913 824 1015 οἱ),
851 932 885 987 et
902 915 1055 1007 postulat
1107 916 1233 988 Esaiae
1259 911 1363 1008 capu't
1382 915 1444 989 53.
1468 935 1502 990 et
1530 915 1697 994 lobannis
1722 940 1822 1014 caput
1854 928 1921 1019 17,
1954 933 1997 999 ad
2019 930 2096 1004 Ro-

63 1020 208 1094 chartas
222 1023 258 1090 in
278 1020 405 1113 quibus
424 1021 624 1091 testamenti
641 1020 914 1110 descriptionem
932 1018 1056 1086 incoa-
1108 1044 1233 1090 manos
1256 1033 1360 1110 capnt
1383 1019 1418 1091 5.
1444 1036 1478 1091 et
1501 1023 1600 1112 plura
1625 1025 1690 1093 alia
1713 1050 1752 1095 ex
1766 1023 1892 1113 Esaia,
1929 1027 2096 1117 lobanne,

62 1137 139 1208 rat,
173 1136 213 1195 ut
235 1146 324 1217 quae
345 1122 578 1211 cogitaverat,
611 1136 645 1194 et
669 1123 864 1215 dequibus
893 1120 1055 1211 pridiana
1108 1121 1276 1206 Psalmis,
1308 1117 1528 1215 etEpistolis
1550 1124 1663 1199 Pauli.
1716 1126 1858 1215 Quibus
1883 1133 1992 1202 linitis
2015 1159 2094 1202 cum

65 1227 126 1296 die
142 1222 189 1320 ⁴⁸)
212 1236 357 1296 testatus
379 1227 511 1310 luerat,
535 1249 574 1295 ea
597 1224 848 1315 perscribenda
866 1236 1055 1293 testamen·
1109 1225 1396 1294 consiluissemus
1426 1249 1567 1309 omnes,
1600 1224 1679 1318 lpse
1706 1252 1844 1319 semper
1870 1248 1937 1318 est,
1966 1237 2094 1328 inquit,

66 1342 144 1399 tum
158 1327 372 1412 absolveret,
399 1352 478 1396 cum
495 1327 540 1396 ad
557 1348 633 1395 eam
653 1350 728 1396 rem
746 1323 788 1420 ⁴⁸)
811 1349 848 1395 se
865 1346 1055 1414 compone·
1108 1323 1197 1396 milri
1225 1327 1262 1393 in
1288 1326 1408 1394 animo
1434 1329 1527 1396 etin
1551 1343 1739 1420 conspectu
1761 1333 1895 1402 dicturo
1926 1331 2094 1405 lobannis
2166 1354 2172 1372 ¹

67 1443 125 1500 ret
146 1442 179 1499 et
203 1443 347 1521 cuperet
369 1428 512 1522 quidem
534 1429 706 1513 scribere,
731 1426 824 1497 vires
838 1439 954 1496 autem
970 1423 1056 1492 defi·
1108 1431 1152 1498 dc
1167 1426 1260 1496 Filio
1275 1424 1359 1496 Dei:
1394 1427 1554 1499 Mundus
1570 1455 1649 1499 eum
1673 1435 1910 1523 nonrecepit‚
1943 1436 2016 1525 Qui
2032 1463 2096 1507 au-

69 1545 207 1616 terent,
232 1554 315 1618 ego,
339 1530 471 1625 inquit,
495 1531 719 1601 festinatione
734 1528 920 1608 excludor,
945 1524 1057 1614 sigui·
1109 1545 1180 1602 tern
1201 1532 1410 1619 receperunt
1434 1555 1533 1615 eum,
1563 1532 1636 1601 illis
1659 1535 1757 1604 dedit
1778 1549 1982 1625 potestatem
2004 1539 2096 1609 filios

65 1633 192 1704 ficabat
206 1648 323 1704 autem
337 1633 510 1702 letiferam
525 1633 755 1718 debilitatem,
780 1637 962 1726 qua'mors
976 1650 1056 1696 eum
1109 1629 1176 1701 Dei
1203 1631 1298 1713 fieri,
1337 1634 1397 1725 qui
1431 1633 1579 1703 credunt
1613 1634 1649 1702 in
1674 1636 1819 1704 nomine
1846 1639 1931 1707 eius.
1997 1638 2093 1709 Haec

67 1747 318 1820 anteverteret,
352 1748 393 1805 ut
416 1735 565 1824 cogitata
589 1735 805 1826 perscribere
829 1755 904 1802 non
928 1740 1058 1822 posset,
1110 1735 1203 1804 clara
1224 1756 1308 1800 voce
1332 1758 1412 1803 cum
1436 1735 1721 1824 pronunciasset,
1754 1752 1873 1829 postea
1895 1741 1993 1809 labra
2015 1766 2097 1810 rnr-

68 1861 140 1931 quo
165 1837 410 1907 animadverso
437 1862 543 1908 nemo
572 1838 725 1928 emplius
750 1836 938 1930 quicquam
969 1830 1058 1900 scri·
1110 1859 1169 1906 sus
1182 1829 1225 1926 ⁴⁸)
1241 1835 1288 1905 ita
1306 1837 1469 1905 movebat
1484 1842 1681 1928 quadrante
1697 1834 1823 1923 borae,
1848 1855 1887 1911 ut
1903 1842 1965 1933 qui
1980 1856 2098 1912 oraret

68 1939 203 2031 ptionis
224 1940 305 2009 talis
326 1940 432 2010 abeo
457 1940 652 2031 expectavit
669 1951 729 2008 aut
745 1935 931 2025 expetivit,
956 1954 1059 2024 prae·
1112 1938 1226 2008 tacite.
1277 1934 1377 2006 Hora
1401 1938 1469 2006 iam
1486 1939 1600 2029 prima
1617 1941 1860 2030 pomeridiana
1877 1944 2099 2028 imminente,

70 2039 192 2110 sertim
220 2065 300 2111 cerm
326 2042 490 2132 pridiana
513 2041 572 2110 die
594 2038 755 2110 oratione
778 2038 907 2107 diserta
929 2037 973 2102 de
996 2058 1057 2103 sua
1111 2062 1192 2107 cum
1213 2053 1377 2108 curarent
1398 2040 1442 2108 ad
1465 2040 1633 2111 lectulum
1652 2044 1885 2132 praeceptoris
1901 2047 1955 2113 sui
1972 2048 1998 2114 ii
2017 2071 2099 2137 pro-

68 2140 245 2213 sententia
276 2155 381 2237 atque
406 2143 608 2223 voluntate,
647 2151 680 2208 et
706 2142 750 2208 de
777 2137 944 2205 omnibus
970 2156 1060 2226 quae
1098 2141 1259 2231 'sessores
1282 2141 1440 2208 urdversi
1461 2165 1614 2232 quorum
1635 2154 1718 2210 sunt
1734 2146 1997 2231 pomeridianas
2015 2171 2100 2237 ope-

68 2245 268 2335 scripturus
290 2257 366 2313 erat
382 2237 445 2336 ⁴⁸),
479 2255 624 2312 testatus
647 2254 754 2320 esset,
780 2251 814 2308 et
841 2261 882 2306 ex
907 2235 951 2304 iis
969 2256 1059 2327 quae
1113 2262 1172 2307 rae
1187 2239 1366 2330 publicae,
1391 2264 1506 2333 neque
1526 2242 1588 2311 tali
1605 2255 1764 2333 tempore
1779 2247 1823 2311 ab
1837 2260 1979 2332 aegroto
2003 2270 2099 2315 rece-

67 2347 138 2416 iam
165 2344 358 2437 perscripta
379 2358 499 2428 erant,
523 2342 696 2432 explicere
720 2352 853 2412 caetera
871 2360 942 2406 non
961 2336 1060 2403 vide·
1113 2342 1270 2410 dendnm
1287 2340 1355 2410 sibi
1371 2356 1546 2431 putarent,
1572 2342 1661 2414 etin
1681 2346 1947 2434 perturbatione
1961 2347 2099 2416 animo-

68 2461 170 2518 retur
202 2445 355 2514 difficile.
417 2443 514 2515 Ilaec
540 2444 629 2514 iacta
654 2445 751 2512 fuere
774 2440 913 2510 circiter
933 2432 1059 2506 horam
1113 2466 1193 2511 rum
1223 2442 1375 2511 maxima
1404 2444 1447 2510 ad
1471 2443 1745 2534 praelectionum
1767 2470 1892 2536 operas
1916 2448 2100 2517 obeundas

69 2549 246 2619 decimam
271 2546 491 2618 matutinam.
543 2544 684 2620 Rursus
704 2545 823 2637 itaque
836 2540 1062 2621 decumbens,
1113 2566 1219 2612 nemo
1243 2543 1391 2612 idoneus
1414 2567 1488 2612 esse
1511 2559 1646 2635 posset,
1672 2546 1790 2614 subito
1814 2548 2102 2619 conscribebatnr

70 2651 208 2720 iacebat
248 2648 294 2716 ita
332 2648 474 2719 nudatis
513 2659 554 2716 ut
589 2648 724 2717 solebat
760 2643 925 2716 cruribus
961 2637 1061 2731 quasi
1114 2645 1270 2738 aliquid,
1296 2656 1383 2715 etut
1399 2667 1538 2716 necesse
1556 2660 1631 2716 erat
1645 2646 1741 2733 fieri,
1767 2650 2009 2736 tumultuarie,
2035 2674 2102 2719 no-

68 2752 134 2846 qui
156 2765 289 2823 aestum
317 2753 482 2833 sentiret,
508 2772 588 2818 cum
612 2763 765 2818 extrema
786 2746 817 2815 ei
838 2742 1059 2835 iampridem
1114 2747 1211 2839 mine
1240 2745 1421 2828 omnium,
1463 2772 1534 2840 quo
1557 2749 1698 2839 publice
1721 2751 1903 2841 proposito
1928 2776 2042 2844 neque
2066 2776 2103 2820 se

69 2855 258 2943 frigescere
281 2854 496 2948 coepissent,
521 2864 562 2921 ut
583 2851 756 2935 diximus,
781 2870 916 2941 neque,
942 2844 986 2912 ad
1004 2866 1063 2931 ge·
1114 2851 1229 2938 legere
1252 2871 1371 2938 posse,
1402 2848 1569 2940 expositis
1592 2849 1723 2935 causis,
1758 2853 1856 2921 etde
1882 2854 2039 2942 periculo
2064 2852 2103 2923 in

72 2980 146 3024 nua
165 2976 275 3049 usque
292 2955 417 3024 caloris
435 2951 848 3046 aliquidatengentibus
865 2939 1063 3039 depreben—
1115 2975 1186 3044 quo
1227 2951 1299 3020 vita
1342 2950 1577 3042 praeceptoris
1616 2966 1814 3022 versaretur
1847 2955 2102 3043 significabant,

72 3061 234 3140 deretur,
270 3058 332 3128 etsi
366 3056 446 3125 illas
476 3055 740 3147 'explorantium
769 3047 1063 3122 contrectationes
1115 3053 1260 3145 eiusque
1286 3052 1433 3120 salutem
1457 3053 1620 3144 precibus
1645 3053 1894 3125 communibus
1921 3081 2104 3126 commen.

71 3183 140 3251 pro
171 3160 307 3250 pudore
332 3182 396 3228 suo
423 3157 576 3246 graviter
599 3157 690 3226 ferre
716 3151 1064 3225 animadvertebatur
1115 3154 1267 3240 dabant,
1305 3154 1435 3246 quibus
1469 3154 1530 3224 tali
1564 3168 1722 3247 tempore
1742 3157 1950 3247 discipulos
1986 3158 2105 3248 potius

71 3285 115 3330 ex
138 3284 199 3340 eo,
225 3261 319 3353 quod
344 3255 829 3356 qrrotiescunqueasolicitis
850 3264 1064 3343 tangeretur,
1116 3281 1222 3349 quarn
1246 3254 1330 3324 ullis
1352 3257 1456 3324 rebus
1481 3257 1559 3327 aliis
1583 3270 1706 3328 vacar'e
1731 3273 1920 3350 oporteret.
1974 3259 2105 3330 Forma

73 3385 216 3453 semper
227 3384 264 3430 se
277 3361 615 3435 contrectationibus
630 3360 859 3443 subduceret,
886 3355 997 3424 rubor
1010 3366 1064 3421 ta·
1115 3357 1238 3448 scripti
1251 3353 1337 3426 haec
1354 3369 1404 3426 est
1419 3350 1483 3446 ⁴⁹):

71 3487 159 3532 men
174 3487 314 3554 sparsus
330 3465 474 3557 quidam
489 3463 589 3557 quasi
605 3463 822 3531 macularum
839 3456 1062 3551 quorundam
1183 3485 1274 3555 (usne
1291 3486 1424 3554 pagenam
1443 3483 1619 3540 aestuosa
1640 3485 1666 3543 a.
1685 3487 1727 3543 19.
1748 3487 1854 3558 apra..
1882 3504 1965 3558 qum
1983 3506 2042 3542 eam
2061 3488 2106 3544 nc

72 3564 229 3635 calorem
246 3561 363 3636 adhuc
379 3588 559 3657 superesse
574 3565 612 3631 in
632 3563 730 3633 tibiis
743 3574 777 3631 et
792 3559 888 3630 ulnis
904 3554 1065 3638 docebat,
1220 3553 1473 3625 praetermisimus.)

74 3682 112 3736 et
135 3666 281 3738 virtutis
307 3672 429 3737 aderat
453 3661 569 3735 adbuc
595 3677 752 3747 tantum,
785 3673 826 3730 ut
851 3682 925 3728 non
949 3656 1063 3724 solum
1608 3680 1716 3692 2-

76 3792 205 3838 manus
231 3783 263 3837 tt
285 3772 391 3859 pedes
413 3768 573 3858 expedite
596 3777 773 3848 mOVtttts
804 3761 863 3828 ⁵²d
887 3758 963 3828 ⁸5⁰⁰
983 3754 1066 3824 ΜΗ)
1219 3771 1298 3845 Hoc
1319 3773 1448 3865 scripto
1465 3773 1647 3866 proposito
1665 3773 1775 3842 animi
1790 3799 1935 3866 prorsus
1951 3790 2109 3847 conster-

76 3869 306 3945 adminiculls
336 3870 381 3937 ab
403 3892 476 3938 uno
506 3867 614 3937 lttttt
637 3865 673 3934 in
703 3865 853 3934 alterum
876 3884 915 3930 ’θ
937 3859 1066 3928 latiale
1119 3877 1215 3961 nari,
1241 3889 1275 3946 et
1296 3876 1523 3947 solicitudine
1546 3889 1651 3970 atque
1674 3875 1820 3946 tristicia
1839 3879 2010 3970 compleri
2025 3880 2110 3947 uni·

75 3985 207 4066 P⁰⁸⁸⁸²·
258 3969 370 4062 Polpa
390 3993 474 4039 V0f⁰
492 3969 553 4038 5¹¹³
569 3991 670 4037 tusae
688 3960 1067 4058 5⁰⁰01P0ttt⁰tt¹lm³s
1119 4001 1313 4057 versorum,
1332 3982 1426 4073 qnod
1437 3979 1549 4062 vultu,
1566 3979 1705 4049 incessu
1722 3992 1755 4046 et
1769 3980 1925 4070 gestibus
1941 3981 2111 4049 omnibus

77 4092 156 4145 tum
182 4071 311 4143 caeteri
335 4072 372 4140 in
397 4071 495 4141 tibiis
509 4084 543 4141 et
557 4069 752 4139 semoribus
767 4065 918 4139 musculi
932 4063 995 4132 illo
1011 4061 1069 4129 bi·
1120 4081 1280 4172 plerique
1302 4081 1558 4170 significabant,
1609 4078 1660 4151 Et
1675 4104 1881 4174 quanquam
1895 4082 2022 4151 diebu,
2040 4080 2111 4151 1153

78 4178 154 4245 duo
178 4187 267 4266 pene
290 4173 383 4244 inter
409 4174 530 4242 oculos
551 4170 797 4262 aspicientium
817 4191 921 4237 carne
941 4186 1066 4280 evene·
1121 4182 1306 4274 inprimis,
1339 4183 1469 4275 quibus
1492 4179 1669 4252 Dominus
1696 4197 1903 4272 praecepto„
1933 4206 2009 4252 „011
2034 4206 2113 4252 am.

77 4291 200 4349 stettte
232 4277 524 4358 attenuabantur,
572 4271 717 4363 spltttl⁰
747 4286 863 4341 tutem
898 4267 1067 4361 paulatim
1121 4286 1217 4379 plius
1231 4284 1269 4351 in
1286 4284 1469 4374 publicum
1486 4284 1629 4374 prodire
1644 4284 2005 4368 animadvertebatur,
2032 4307 2114 4377 pre-

75 4377 193 4468 ¹¹¹³83⁸
223 4379 403 4470 ¹¹³³ssl⁸tl¹¹⁰
435 4374 602 4469 impediri
631 4389 664 4446 θ)
695 4368 874 4443 4414))Ῑὸήο
903 4389 1069 4486 efeffceff·
1122 4411 1179 4458 ces
1193 4386 1333 4479 publice
1352 4399 1385 4456 et
1403 4384 1589 4477 privatim,
1613 4399 1653 4455 ut
1673 4383 1847 4470 diximus,
1875 4386 2115 4461 intendeban·
2217 4451 2225 4476 ,

77 4479 174 4551 Com
206 4503 288 4569 “80
310 4483 354 4549 ἃᾶ
375 4474 473 4548 hunc
493 4478 639 4546 m⁰d¹¹¹⁰
664 4475 801 4567 l'lacide
825 4497 886 4542 ⁰²¹¹
912 4491 1070 4566 ‘lum’
1124 4503 1202 4571 tur,
1228 4501 1261 4557 et
1281 4483 1483 4557 scholastici
1506 4487 1556 4556 sic
1580 4487 1880 4571 obversabantur,
1908 4500 1950 4557 ut
1971 4489 2015 4557 de
2035 4485 2116 4556 ani-

78 4596 137 4654 ret
149 4576 204 4676 ⁴¹),
216 4578 394 4657 D.Pastor
409 4580 694 4671 compellandum
711 4602 792 4648 eum
806 4573 1069 4646 esseinterdum
1123 4615 1264 4660 morum
1286 4589 1508 4680 perculsione
1532 4587 1682 4658 iudpcffl
1704 4602 1838 4680 posset,
1874 4585 2013 4658 Tamen
2037 4599 2118 4680 ΡΟ.)

81 4684 267 4767 emebat,
298 4685 467 4755 ttoedesss
492 4705 574 4771 “30
597 4682 641 4750 ad
668 4680 836 4765 lectulum
859 4677 958 4745 iubet
980 4673 1070 4743 ‘¹³¹³
1124 4686 1218 4762 hanc
1250 4691 1540 4782 significationem
1562 4690 1714 4782 pristina
1741 4690 1963 4778 augebantur
1982 4688 2117 4781 omnia,
2144 4702 2149 4713 “

1127 4805 1161 4861 et
1189 4792 1279 4862 sicut
1310 4808 1391 4863 ante
1421 4793 1593 4872 fecerant,
1627 4804 1666 4860 ut
1686 4790 1781 4859 sores
1806 4791 1933 4859 domus
1957 4785 2122 4884 Philippi

1088 4933 1090 4937 Α
1127 4888 1392 4975 Melanthonis,
1418 4907 1453 4964 et
1469 4892 1708 4981 ingredientes
1725 4903 1830 4984 atque
1846 4892 2062 4981 egredientes
2077 4891 2118 4960 in

117 4949 165 5013 48)
183 4948 353 5031 Resfetm-
360 4947 452 5019 jubet]
466 4943 548 5026 tte.
568 4943 827 5027 „Cumquernreus
841 4939 1011 4997 decubuisset
1022 4938 1073 4992 ali·
1097 4951 1102 5031 p
1152 4995 1161 5012 ⁶
1297 4995 1306 5013 υ

153 5027 321 5092 quantisper,
340 5026 433 5088 pones
447 5030 513 5082 mgr
526 5029 554 5065 se
568 5029 597 5066 ιιι
610 5011 710 5065 tectulo
722 5011 822 5067 nibet*¹
1127 5018 1185 5064 vra
1205 4994 1349 5086 publico
1375 4996 1623 5077 observarent,
1658 5005 1692 5063 ct
1712 4992 1851 5080 vultus,
1874 5008 1909 5066 et
1930 5003 2032 5066 vdces
2051 4987 2120 5063 bo·

117 5105 164 5172 44)
183 5101 272 5159 Ed.2.
286 5099 375 5155 addit:
394 5115 459 5150 voce
469 5112 535 5150 suo.

116 5191 166 5256 45)
185 5187 234 5240 Ed.
247 5189 274 5243 2.
290 5188 330 5239 od
345 5200 432 5253 quom
445 5198 506 5233 rem
520 5197 596 5236 cum,

117 5277 164 5339 46)
182 5275 335 5340 scripturus
346 5272 422 5337 erat]
440 5264 492 5320 Ed.
504 5263 531 5320 2.
548 5263 695 5318 scribenda
702 5259 841 5331 fuissent.
1161 5252 1208 5321 48)
1225 5265 1327 5304 rursus
1342 5249 1418 5302 abest
1430 5245 1475 5304 bic
1486 5248 1521 5302 ab
1533 5245 1578 5302 ed.
1590 5248 1618 5304 2.
1632 5256 1659 5301 et
1672 5247 1792 5321 positum
1807 5256 1867 5321 post
1879 5264 1937 5316 seq.
1952 5255 1984 5299 ut
1999 5248 2056 5316 qui.

118 5363 165 5425 47)
181 5359 293 5424 placide
309 5374 360 5409 ceo
377 5359 540 5421 quiesceret]
564 5349 634 5403 Edit·
654 5348 680 5408 2.
702 5348 824 5413 iaceret,
847 5347 888 5398 tto
905 5344 1077 5412 attengunt
1163 5336 1209 5405 49)
1228 5334 1337 5417 dorma
1354 5331 1453 5400 saepti
1468 5335 1498 5389 b.
1516 5341 1591 5416 ests]
1616 5332 1664 5386 Ed.
1682 5335 1708 5392 2,
1728 5332 1842 5402 „noim
1858 5328 1952 5400 ,cripui
1971 5329 2123 5401 „emptum

152 5428 377 5495 spontaneum
392 5439 487 5475 vocem
500 5423 649 5475 eroitteret.
1029 5456 1033 5463 ,
1199 5406 1381 5471 sobnam,
1404 5401 1478 5471 quod
1496 5400 1548 5457 fun
1566 5401 1649 5458 ηιμ
1727 5458 1732 5465 ¹

85 5513 266 5582 direxeris,
293 5503 398 5570 Om.
424 5501 509 5566 vos.
536 5497 583 5564 X.
720 5538 725 5546 -
1394 5474 1441 5549 16
