4748 6022
104 285 179 363 559

110 452 178 528 No.
207 449 290 520 181.

118 546 292 578 Μ
884 532 1097 567 Μ

125 664 131 673 ’
175 651 287 721 fnopp.
297 643 377 701 Basil.
391 641 424 698 T.
433 639 467 694 V.
481 659 508 709 p.
518 639 578 697 tat.
612 637 737 695 Vinceut.
751 653 778 708 p.
788 633 887 706 tttaq.
915 623 1101 703 Apograpbou

211 720 241 775 in
255 719 318 775 cod.
330 715 444 768 Monac·
459 710 502 766 90.
515 709 576 766 Vll.
593 726 621 779 p.
633 707 677 763 25.

105 883 167 954 De
191 874 313 952 Thebe
335 872 531 948 Saronico
563 867 727 957 (oppiduto
755 865 882 951 Duben)
906 883 965 933 aaa
993 850 1101 930 1511.

296 982 337 1051 in
359 976 488 1048 reditu
509 993 558 1043 ea
581 975 717 1044 itinere
735 970 911 1040 Wornrot.

106 1133 223 1206 Parva
239 1133 329 1203 iacet
348 1123 474 1200 Thebe
487 1123 616 1194 mediis
629 1121 668 1191 in
686 1121 833 1192 saltibus
848 1117 975 1201 amnis,

159 1233 228 1305 Hic
242 1234 305 1305 ubi
318 1230 506 1326 Mysorum
522 1224 650 1296 Mulda
669 1237 824 1314 pererrat
840 1243 956 1313 agros,

106 1334 221 1407 Parva
239 1337 284 1407 sit
303 1335 368 1404 ista
386 1333 479 1413 licet,
500 1324 638 1398 Thebis
652 1339 785 1396 certare
800 1322 947 1394 vetustis

133 1432 137 1441 ⁴
158 1436 356 1530 Multiplici
369 1432 501 1529 poterit
518 1427 768 1501 commoditate
781 1439 917 1499 tamen.

104 1537 276 1611 Cadmeas
291 1539 378 1609 olim
394 1537 544 1607 fratrum
557 1528 734 1601 discordia
750 1525 895 1598 Thebas

158 1638 297 1727 Exitio,
320 1653 354 1709 et
368 1637 469 1729 regni
487 1634 563 1704 dira
579 1632 709 1724 cupido
726 1631 839 1701 dedit:

106 1740 176 1813 Hic
190 1767 264 1812 non
281 1741 428 1812 ambitio
446 1737 566 1808 civilia
582 1746 783 1804 commovet
804 1754 915 1816 arma,

161 1845 322 1934 Ingentes
347 1856 485 1912 tantum
508 1861 597 1932 quae
616 1836 808 1907 comitatur
823 1829 850 1928 ¹)
874 1854 969 1923 opes.

106 1945 201 2018 Tuta
226 1946 302 2016 sine
322 1943 459 2012 invidia
477 1951 666 2032 paupertas
688 1936 783 2024 degit
797 1933 826 2029 ²)
847 1947 1010 2025 amatque

158 2047 283 2139 Leges,
307 2071 347 2115 ac
364 2068 475 2137 aequo
494 2041 613 2108 vivere
634 2039 712 2107 iure
727 2038 842 2106 docet.

109 2149 155 2220 At
169 2152 255 2220 luxu
271 2147 376 2240 periit
394 2141 517 2215 Thebe
532 2139 663 2222 altera,
684 2137 846 2228 proximo
863 2135 959 2219 Nilo,

156 2250 331 2321 Pernities
347 2267 486 2314 morum
505 2264 595 2335 quae
610 2239 726 2329 gravis
741 2261 815 2308 esse
831 2237 933 2310 solet.

105 2352 175 2424 Sed
194 2353 296 2421 labor
312 2343 370 2416 hic
386 2345 480 2435 cogit
494 2342 647 2429 frugales
662 2363 735 2409 esse
753 2340 909 2423 colonos,

153 2448 199 2522 Et
217 2453 344 2520 desunt
359 2447 456 2516 vitiis
475 2439 543 2514 hoc
558 2442 724 2512 alimenta
742 2441 833 2512 loco.

100 2552 184 2624 Non
201 2565 321 2622 tamen
343 2545 401 2618 bic
413 2547 546 2617 victum
570 2565 715 2635 prorsus
731 2555 835 2630 negat
850 2539 972 2611 invida
986 2553 1094 2617 terra,

151 2653 309 2724 Labraca
330 2674 410 2721 cum
432 2647 546 2740 percis
561 2643 589 2739 ⁸)
608 2659 641 2715 et
658 2646 722 2715 tibi
740 2643 867 2713 Mulda
883 2641 993 2713 dabit.

102 2752 206 2828 Adde
222 2753 411 2844 Evangelii
434 2752 569 2834 lucem,
595 2771 686 2840 quae
703 2741 761 2814 his
777 2745 888 2834 fulget
902 2744 941 2812 in
958 2742 1043 2825 oris,

152 2855 231 2927 Hoc
247 2855 387 2925 nullum
405 2852 536 2945 poterit
551 2848 720 2940 grandius
736 2870 809 2935 esse
827 2848 973 2918 bonum.

101 2958 199 3030 Felix
221 2959 279 3029 cui
297 2956 434 3046 dederit
450 2950 643 3023 mediocria
659 2950 845 3018 commoda
860 2949 952 3019 vitae

154 3059 232 3153 lpse
247 3059 319 3131 Dei
339 3070 485 3149 gnatus,
506 3053 741 3144 notitiamque
755 3050 822 3122 sui.

102 3282 360 3296 Μ,
364 3267 1097 3300 ...nup-...numm

101 3422 168 3495 No.
197 3423 280 3493 182.

108 3519 280 3550 w

167 3621 249 3694 Apud
267 3618 394 3675 vincent.
412 3635 439 3689 p.
452 3616 512 3673 ttt.

99 3783 162 3855 De
180 3800 275 3876 pago
296 3777 430 3853 Meton
444 3769 730 3949 propelgllqcbaa
751 3769 968 3843 Saronicus
992 3789 1092 3840 uano

99 4030 173 4120 Qui
190 4026 297 4097 modo
311 4022 478 4118 dispersis
494 4022 606 4092 veluti
623 4020 772 4111 magalia
787 4017 891 4089 tectis

150 4131 265 4220 Pagus
279 4125 469 4198 Saxoniam
486 4123 618 4195 dividit
632 4137 738 4217 atque
757 4119 893 4215 Mysos.

96 4232 192 4306 Urbs
209 4228 457 4301 Mediolanum
475 4228 656 4321 quondam
678 4220 735 4293 his
753 4222 970 4315 amplissima
986 4219 1093 4292 terris

149 4333 222 4405 Arx
239 4331 397 4401 Henetus
414 4342 557 4413 contra,
583 4326 855 4418 barbariemque
874 4323 953 4396 fuit.
1013 4348 1018 4367 t

95 4434 200 4508 Nunc
217 4429 312 4504 nibil
327 4431 465 4525 antiqui
481 4430 637 4510 decoris,
663 4428 733 4496 nisi
751 4450 882 4496 nomen
908 4425 1015 4495 inane

144 4539 292 4622 Servat,
322 4550 355 4605 et
372 4534 410 4603 in
426 4533 516 4603 saltu
536 4534 606 4603 iam
623 4532 700 4600 sine
719 4525 856 4598 honore
871 4528 969 4598 iacet.

94 4635 230 4711 Omnia
253 4649 339 4708 sunt
363 4630 550 4704 bominum
566 4648 737 4704 venturae
752 4631 905 4702 obnoxia
921 4628 1042 4717 morti,

140 4739 192 4813 Et
208 4741 348 4812 faciunt
364 4736 498 4807 subitas
515 4736 630 4807 tristia
645 4736 715 4807 fata
731 4733 836 4808 vices.

98 4895 302 4917 W-

126 4995 155 5064 l)
173 4992 279 5059 Apogr.
290 4985 473 5040 comitantur.

123 5097 153 5165 2)
174 5098 275 5162 Apogr.
289 5089 367 5154 tegit.

122 5200 151 5271 8)
171 5198 277 5268 apogr.
292 5188 398 5259 parati.

836 251 1159 345 CARMtNth
1208 244 1424 322 LlB.llI.
1531 310 1535 320 ,

889 443 972 525 (aa.
993 435 1103 519 temo)
1153 412 1334 540 Q

2069 239 2148 331 sn

1770 425 1801 490 d.
1828 423 1880 494 11.
1905 420 1995 488 lllrrt.
2024 419 2120 488 1511.

1720 513 2146 557 Μ

1223 593 1305 667 Apud
1322 594 1449 651 Viuaeut.
1461 611 1489 665 p.
1501 591 1552 648 171
1558 611 1620 665 sqq.
1698 645 1702 652 .

1191 720 1251 792 De
1268 721 1396 816 eclipsi
1414 722 1546 792 henne
1559 713 1699 811 futura
1718 716 1754 792 d.
1775 715 1833 794 12.
1848 721 1965 793 Mart.
1987 715 2098 796 1541.

1577 823 1721 920 Elegia.

1152 954 1242 1025 Cras
1258 951 1323 1023 ubi
1339 964 1512 1024 venturae
1531 955 1598 1024 sub
1619 956 1740 1049 prima
1755 953 1966 1048 crepuscula
1979 954 2081 1046 lucis,

1202 1056 1277 1126 lbit
1291 1057 1337 1125 ab
1354 1052 1443 1126 Eois
1457 1055 1602 1126 Lucifer
1621 1054 1720 1128 ortus
1736 1058 1851 1153 aquis:

1153 1157 1316 1250 Quisque
1333 1159 1377 1226 ad
1394 1181 1558 1241 auroram
1574 1157 1691 1229 Musis
1707 1160 1889 1249 consurgis
1907 1157 2057 1230 amicam
2149 1202 2155 1210 -

1200 1262 1250 1332 Et
1264 1259 1396 1352 linquis
1412 1260 1545 1355 placidi
1561 1261 1683 1331 mollia
1698 1275 1806 1334 strata
1824 1261 1938 1331 thori:

1151 1363 1329 1453 Suspicias
1342 1360 1447 1452 pleno
1469 1360 1648 1435 lucentem
1667 1387 1820 1457 corpore
1834 1361 1988 1452 Lunam,

1200 1461 1248 1534 Et
1264 1487 1345 1532 mox
1358 1476 1507 1534 naturae
1520 1465 1620 1537 triste
1637 1466 1779 1537 videbis
1794 1487 1896 1555 opus.

1151 1562 1316 1658 Namque
1331 1588 1539 1637 reversurus
1559 1569 1744 1641 nocturnis
1758 1562 1924 1636 Phoebus
1937 1565 1983 1636 ab
1996 1564 2124 1653 undis,¹

1200 1667 1296 1739 Dum
1313 1667 1413 1736 ducis
1429 1681 1605 1740 astrorum
1620 1672 1734 1741 sidere
1749 1670 1861 1740 femur
1878 1661 1981 1738 Ovis.

1150 1762 1312 1859 Occupat
1326 1769 1514 1840 adversum
1529 1766 1675 1843 Phoebe
1692 1769 1928 1863 pulcherrima
1946 1769 2089 1855 libram,

1201 1867 1283 1958 Qua
1299 1869 1389 1941 nitet
1403 1884 1545 1941 octavae
1559 1875 1655 1971 regia
1674 1886 1804 1943 moesta
1819 1873 1954 1967 plagae.

1149 1970 1262 2041 Terra
1281 1972 1341 2041 sed
1358 1972 1398 2043 in
1412 1974 1529 2044 medio
1546 1978 1677 2046 solares
1691 1975 1841 2066 impedit
1857 1974 1967 2066 ignes,

1196 2071 1293 2142 Hinc
1308 2074 1437 2144 Lunae
1452 2076 1608 2149 involvit
1629 2078 1764 2148 tristior
1777 2071 1902 2146 umbra
1916 2088 2035 2167 caput·
2054 2108 2057 2113 ·
2182 2102 2184 2106 ·

1150 2169 1217 2242 Illa
1231 2174 1295 2243 diu
1311 2175 1442 2264 frustra
1457 2178 1567 2247 caecis
1581 2181 1712 2250 luctata
1731 2176 1886 2249 tenebris

1198 2276 1242 2345 ln
1256 2275 1437 2347 fortunato
1454 2280 1520 2348 sub
1537 2304 1620 2351 sene
1637 2301 1754 2373 pressa
1771 2278 1890 2367 gemit.

1147 2373 1390 2471 Nequicquam
1407 2379 1555 2450 timidus
1570 2395 1743 2475 spectator
1760 2378 1920 2473 luppiter
1935 2390 2035 2463 astat

1199 2477 1360 2549 Occidua
1379 2481 1467 2550 coeli
1484 2506 1592 2576 quem
1608 2481 1682 2554 Leo
1698 2495 1798 2574 parte
1815 2495 1921 2550 tenet.

1145 2583 1193 2647 At
1211 2573 1357 2649 Phoebo
1375 2581 1517 2653 iniustis
1531 2586 1689 2674 gaudens
1706 2583 1806 2652 Mars
1822 2583 1952 2673 impius
1969 2581 2078 2651 armis
2196 2619 2207 2628 -

1196 2681 1229 2753 lt
1245 2704 1378 2773 comes,
1403 2697 1437 2753 et
1449 2707 1556 2754 saevo
1574 2685 1740 2754 fulminat
1756 2707 1818 2754 ore
1832 2683 1959 2752 minas.

1147 2779 1239 2869 Quis
1253 2782 1363 2853 duros
1378 2787 1467 2856 adeo
1480 2786 1616 2878 lapides
1630 2786 1668 2855 in
1689 2799 1834 2878 pectore
1849 2783 1983 2873 gestat?

1197 2881 1288 2971 Quis
1307 2907 1427 2959 secura
1442 2888 1530 2957 adeo
1548 2889 1668 2959 vivere
1683 2901 1803 2959 mente
1817 2885 1957 2978 potest?

1146 2983 1215 3056 Cui
1242 3011 1316 3056 nou
1348 2991 1455 3059 corda
1487 2989 1608 3082 timor,
1641 2989 1698 3060 cui
1725 3013 1798 3059 non
1832 3001 1957 3081 stupor
1988 3000 2137 3080 occupet

1655 3092 1775 3162 artus?

1195 3189 1292 3263 Haec
1308 3192 1445 3286 quoties
1460 3192 1549 3262 coeli
1564 3192 1676 3283 tristia
1694 3194 1792 3283 signa
1809 3192 1917 3264 videt.

1144 3291 1236 3363 Nam
1251 3296 1349 3365 velut
1364 3308 1511 3364 eventus
1525 3294 1626 3389 signa
1649 3307 1699 3363 est
1717 3318 1820 3387 saepe
1836 3308 1918 3363 ante
1932 3307 2084 3384 secutus,

1197 3395 1257 3467 Sic
1271 3397 1359 3466 haee
1373 3395 1623 3466 effectu-nemo
1637 3420 1755 3465 carere
1771 3407 1879 3487 putet.

1145 3495 1300 3586 Legibus
1313 3497 1461 3566 insidias
1476 3498 1620 3565 veniens
1634 3497 1794 3565 fallacior
1807 3509 1914 3579 aetas,

1195 3599 1270 3668 Hei
1286 3599 1407 3666 miuus
1424 3599 1468 3667 ad
1482 3598 1626 3667 fraudes
1640 3597 1841 3691 ingeniosa,
1868 3608 1992 3666 struet.

1144 3696 1193 3770 Et
1207 3700 1328 3769 sceleri
1345 3720 1476 3769 nomen
1493 3712 1694 3789 praetexere
1707 3699 1817 3768 discet
1833 3693 2033 3782 honesturn,

1195 3801 1433 3897 Autolycique
1448 3801 1516 3870 sibi
1531 3814 1677 3894 quaeret
1692 3803 1737 3870 ab
1750 3817 1825 3872 arte
1841 3800 1958 3869 decus.

1144 3905 1313 3975 Forsitan
1327 3917 1360 3974 et
1375 3903 1506 3973 facient
1520 3905 1565 3973 de
1581 3903 1766 3993 relligione
1779 3899 1984 3982 esthamoe,

1197 4006 1272 4095 Qui
1287 4021 1321 4079 te
1337 4008 1456 4079 fucato
1472 4019 1612 4096 pectore
1628 4002 1769 4077 Christe
1786 4006 1919 4075 colunt.

1144 4107 1274 4179 Dirum
1289 4108 1395 4179 etiam
1413 4107 1509 4199 plebi
1531 4130 1652 4177 rursus
1670 4106 1900 4199 portenditur
1915 4127 2034 4186 omen,

1196 4209 1298 4300 Quae
1312 4210 1432 4280 subito
1445 4230 1545 4283 cas·
1560 4223 1613 4280 est
1628 4204 1793 4280 habitura
1812 4212 1947 4299 granea

1145 4309 1280 4383 Verum
1304 4307 1392 4382 haec
1414 4335 1499 4381 cura
1521 4312 1601 4382 Deo
1628 4311 1672 4381 sit
1695 4309 1961 4389 commendata,
1986 4329 2135 4398 precan-

1659 4414 1746 4482 dum
1763 4425 1827 4497 est,

1195 4511 1246 4588 Ut
1259 4527 1375 4586 tantas
1392 4514 1481 4584 coeli
1497 4513 1633 4603 mitiget
1648 4512 1710 4583 ille
1728 4513 1854 4584 minas.

1143 4617 1250 4689 lllum
1267 4619 1355 4688 adeo
1372 4617 1538 4709 imploret
1554 4615 1656 4687 iustis
1672 4612 1828 4687 Ecclesia
1846 4613 1950 4700 votis,

1194 4718 1396 4791 Aerumnas
1412 4719 1655 4789 meliusnulla
1671 4717 1806 4785 medela
1824 4716 1938 4791 levat..

1861 5022 1915 5089 22.
1929 5021 2019 5090 tttnrc
2040 5025 2134 5093 1511.

1143 5021 1211 5094 Νο.
1237 5019 1321 5094 184.

1150 5116 1322 5145 Μ’
1889 5113 2102 5153 m

1212 5201 1244 5256 ln
1259 5222 1322 5274 opp.
1334 5200 1417 5256 usstt.
1429 5200 1464 5256 t.
1471 5197 1504 5252 V
1521 5197 1635 5279 ,1.851.Ι
1652 5196 1731 5280 apud
1745 5194 1873 5254 Vinceut.
1888 5201 1988 5270 plsq.
2006 5228 2040 5243 -
2076 5200 2136 5256 Ad-

1245 5271 1353 5354 scripsit
1370 5270 1531 5354 Vincentius
1539 5282 1681 5352 ⁸'ttrargmrs
1705 5283 1809 5333 „auno
1825 5267 1902 5323 latr.
1917 5267 1946 5321 in
1963 5269 2063 5350 itinere
2077 5268 2136 5324 lla-

1145 5450 1153 5464 .
1243 5336 1588 5465 attentatae
1601 5336 2136 5463 ls'lottss‘ss‘ff‘ttttttffl‘ild*

1378 5427 1395 5480 P
1773 5424 1808 5478 PP
1973 5420 2001 5477 P·
2069 5445 2078 5465 ·
