4748 6022
82 265 163 350 eta
459 263 710 347 SCRIPTA
744 263 820 341 An
854 259 1049 339 VITAM
1079 263 1156 343 ET
1185 265 1425 343 OBl'l'UM·
1445 261 1748 385 MELANTH.
2053 281 2131 356 246

79 459 159 523 toto
183 441 277 514 vitae
294 454 473 530 tempore,
503 441 696 536 quodcum
716 438 972 533 aliquantisper
990 440 1028 509 iu
1044 465 1087 513 eo
1139 443 1292 513 ctionem
1311 440 1405 534 piam
1422 442 1611 513 conciliare
1632 445 1755 532 vellet,
1780 442 1966 543 Cuniuuge
1992 453 2129 548 aliquos

81 550 278 641 gaudentes
307 544 513 632 religiosum
540 543 709 634 gaudium
736 555 992 633 spectaremus,
1026 567 1087 613 su·
1138 572 1160 615 o
1182 543 1296 630 Deus,
1324 544 1482 629 dicebat,
1516 570 1621 638 quam
1648 573 1768 618 vocem
1795 553 1996 642 saepissime
2019 582 2059 626 ex
2085 584 2127 627 eu

80 652 162 723 bito
187 649 249 717 iile
274 646 449 717 dodrante
472 645 540 713 iam
565 658 645 736 post
668 638 792 715 horam
814 658 944 713 sextam
967 646 1085 736 elapso
1137 647 1243 718 multi
1262 647 1485 716 audiverunt.
1536 645 1668 719 Filium
1685 652 1729 718 ad
1743 676 1903 742 precum,
1928 672 1961 727 et
1977 682 2126 729 concor.

83 753 165 825 sine
192 750 266 820 ulla
295 746 522 818 contorsione
551 747 625 817 oris
655 759 717 818 aut
748 745 907 836 corporis
928 770 1086 818 commo-
1137 750 1218 819 diae
1239 750 1397 819 studium
1422 741 1650 830 hortabatur,
1684 767 1717 822 et
1739 766 1815 823 tum
1839 756 1992 828 dicebat:
2028 757 2124 831 Dens

82 854 189 926 tione
205 849 396 944 expiravit,
421 863 526 941 atque
543 849 590 918 ita
606 848 744 940 placide
760 861 795 917 et
812 847 941 919 leuiter
956 861 994 918 ut
1010 873 1084 918 non
1137 849 1203 920 tibi
1235 851 1428 920 benedicet.
1491 846 1650 941 Repetiit
1679 868 1713 925 et
1744 858 1979 943 mentionem,
2018 885 2124 954 quam

83 954 404 1029 attentissimorum
420 951 542 1039 oculos
558 965 593 1022 et
606 950 860 1042 praesentiam,
887 952 1006 1040 fugere
1029 972 1085 1020 res
1135 953 1250 1021 facere
1267 953 1389 1022 crebro
1405 952 1531 1022 solitus
1546 953 1678 1040 suerat,
1703 958 1873 1027 sermonis
1890 955 2003 1029 habiti
2018 987 2036 1030 a
2054 964 2126 1033 cla-

86 1050 352 1147 indeprehensa
366 1053 548 1144 potuisset.
599 1051 722 1146 Neque
738 1052 866 1122 intuto
885 1075 997 1142 agone
1011 1052 1085 1122 ulla
1136 1054 1265 1123 rissimi
1292 1053 1361 1121 viri
1378 1051 1419 1124 D.
1438 1049 1608 1123 lobannis
1621 1056 1882 1148 Stramburgeri
1906 1063 2055 1152 coniuge
2070 1067 2125 1134 vi-

85 1155 281 1229 commotio
299 1167 360 1225 aut
377 1153 615 1246 perturbatio,
644 1156 717 1226 ulla
730 1153 936 1225 deformitas
954 1154 1026 1223 ulla
1045 1153 1083 1223 in
1137 1158 1222 1226 dua.
1284 1154 1375 1225 Earn
1403 1179 1484 1223 cum
1518 1156 1711 1250 aliquando
1739 1161 1958 1234 laborantem
1985 1166 2124 1235 tabifico

86 1271 189 1354 parte
221 1256 487 1341 animadversa,
519 1257 618 1326 nulla
653 1280 802 1350 nsquam
836 1255 1084 1324 immundities
1137 1257 1252 1327 morbi
1276 1257 1368 1325 malo
1386 1250 1612 1328 hortantibus
1626 1261 1746 1329 amicis
1764 1264 1979 1347 accessisset,
2009 1283 2129 1356 postea

88 1383 204 1455 neque
220 1352 488 1456 anomoioyiae,
518 1381 632 1453 neque
647 1358 838 1455 quiequam
855 1381 978 1427 eornm
994 1381 1085 1450 qnae
1136 1359 1226 1429 dixit
1241 1381 1277 1428 se
1292 1357 1387 1427 illius
1403 1360 1564 1428 oratione
1582 1385 1654 1429 uon
1671 1386 1796 1452 parum
1815 1365 1923 1434 fuisse
1938 1370 2127 1438 confirma-

90 1462 327 1535 rnorientibns
351 1460 460 1530 ferme
483 1460 641 1530 accidere
655 1481 880 1535 consuevere,
932 1455 991 1529 Ad
1007 1482 1084 1528 cae·
1136 1475 1223 1532 tum.
1275 1458 1346 1531 Sed
1368 1460 1556 1553 praecipue
1579 1457 1664 1532 haec
1690 1488 1966 1536 commemorare
1981 1470 2125 1554 solebat,

90 1579 166 1637 tera
185 1562 281 1657 qnod
299 1561 443 1649 attinet,
468 1562 559 1632 sicut
575 1563 663 1634 vixit
677 1576 814 1642 sancte,
850 1559 896 1630 ita
922 1574 1085 1631 mortuus
1135 1561 1233 1631 illam
1258 1586 1337 1631 cum
1362 1563 1628 1652 pronunciasset
1649 1567 1840 1638 sententias
1863 1568 2017 1661 aliquot,
2045 1572 2126 1662 qui·

92 1665 199 1739 etiarn
220 1662 438 1734 sanctissime
457 1664 541 1748 suit,
568 1664 640 1736 vita
662 1665 778 1734 clausa
793 1657 838 1759 ⁸⁶)
862 1660 930 1754 piis
948 1677 982 1733 et
998 1664 1085 1735 assi·
1134 1665 1202 1733 bus
1218 1663 1346 1733 fiducia
1364 1665 1480 1734 meriti
1497 1663 1575 1734 lesu
1591 1660 1724 1735 Christi
1742 1668 1814 1736 sola
1830 1693 1903 1738 esse
1918 1666 2124 1743 hominibus

91 1766 174 1839 duis
189 1765 352 1859 precibus
368 1779 403 1836 et
418 1764 654 1852 sermonibus,
680 1790 770 1861 quos
785 1765 922 1836 utinam
937 1766 1083 1835 univer·
1135 1765 1298 1835 salutaris
1314 1768 1594 1851 demonstratur,
1621 1769 1735 1860 qualis
1751 1783 1800 1839 est
1816 1765 1916 1840 haec:
1950 1771 2011 1853 Sic
2029 1772 2121 1843 Deus

89 1892 151 1941 sos
171 1869 454 1954 recordaremur,
479 1881 515 1939 et
541 1862 609 1937 hoc
631 1869 709 1939 loco
726 1869 944 1961 perscribere
964 1890 1084 1958 posse-
1135 1867 1259 1937 dilexit
1277 1868 1462 1953 muudum,
1486 1884 1524 1939 ut
1537 1869 1647 1937 filium
1665 1892 1768 1940 suarm
1784 1885 1849 1943 etc.
1885 1869 1932 1942 Et
1946 1876 2008 1966 qui
2026 1875 2124 1945 videt

89 1992 189 2056 mus,
216 1970 314 2039 nulla
338 1969 435 2040 enim
458 1993 496 2038 re
521 1970 633 2058 magis
656 1964 741 2039 haec
765 1968 937 2060 expositio
961 1968 1085 2038 mortis
1135 1968 1267 2053 filium,
1291 1984 1325 2038 et
1348 1969 1459 2038 eredit
1480 1968 1517 2038 in
1542 1995 1638 2054 earm,
1674 1967 1777 2042 habet
1799 1974 1908 2045 vitam
1932 1991 2123 2061 aeternam,

91 2071 192 2143 illius
207 2085 328 2141 nostra
350 2070 644 2140 commendabilis
658 2070 763 2139 bonis
778 2083 812 2139 et
828 2071 895 2160 piis
916 2068 1084 2137 omnibus
1135 2066 1203 2154 Et,
1236 2070 1412 2139 iustificati
1447 2071 1515 2140 lide
1542 2095 1662 2160 pacem
1690 2068 1875 2144 habemns:
1924 2075 1990 2145 His
2016 2079 2125 2166 igitur

89 2175 319 2254 redderetur,
352 2194 442 2263 quos
457 2184 577 2240 tamen
590 2170 792 2239 meminisse
806 2170 845 2238 in
861 2163 928 2238 hoc
942 2167 1085 2256 ingente
1138 2171 1380 2258 pronunciatis
1404 2170 1503 2238 iliam
1526 2171 1673 2251 dixisse,
1703 2197 1738 2241 se
1755 2171 1846 2244 nihil
1863 2179 1994 2246 sentire
2009 2179 2120 2248 tristi-

90 2275 239 2357 dolore,
265 2287 298 2342 et
314 2271 580 2363 perturbatione
597 2294 733 2342 summa
748 2284 871 2342 nostra
893 2270 1085 2360 potuimus,
1137 2271 1209 2340 ciae
1238 2271 1358 2339 auimo
1390 2294 1472 2355 sero,
1511 2296 1625 2364 neque
1651 2273 1748 2342 aliud
1779 2299 1907 2366 cupere
1931 2293 1965 2346 et
1987 2281 2121 2367 precari

90 2399 153 2447 eos
174 2376 269 2444 bona
290 2373 359 2445 fide
383 2372 580 2442 retulimus.
632 2370 866 2442 Meminimus
886 2383 921 2441 et
936 2372 1083 2462 sparsim
1136 2396 1241 2465 quam
1269 2372 1546 2441 consolationem
1569 2374 1670 2442 istam
1694 2397 1766 2443 esse
1787 2389 1820 2445 et
1842 2400 2048 2467 permanere
2064 2380 2124 2449 lir-

89 2477 318 2572 quorundam
338 2474 407 2567 ‚qni
423 2473 552 2568 quibus
569 2475 683 2543 morbi
701 2474 826 2543 diebus
841 2485 875 2542 et
888 2473 1084 2543 occasioni·
1136 2497 1241 2558 mam,
1266 2496 1381 2566 neque
1395 2473 1468 2543 ulla
1485 2475 1553 2542 alia
1568 2473 1780 2564 cogitatione
1795 2492 1854 2547 aut
1869 2501 1950 2547 cura
1970 2503 2006 2548 se
2021 2480 2123 2554 affici.

90 2579 162 2649 bns
175 2573 288 2648 habiti
305 2575 387 2660 sint,
412 2600 486 2645 non
499 2598 685 2666 possumus
702 2575 840 2661 dicere,
862 2574 906 2643 iis
921 2588 1084 2667 propter·
1136 2573 1254 2667 Atque
1278 2571 1364 2644 haec
1384 2575 1537 2645 recitans
1561 2568 1785 2667 quorundam
1801 2580 1862 2671 qui
1879 2604 1962 2670 prae
1978 2583 2123 2652 caeteris

91 2704 134 2753 ea
174 2674 269 2747 hunc
301 2678 419 2748 locum
451 2677 677 2770 peculiariter
707 2675 983 2760 reservavimus,
1021 2676 1084 2745 nbi
1137 2674 1232 2746 docti
1253 2689 1288 2748 et
1302 2675 1458 2765 religiosi
1474 2675 1587 2744 videri
1603 2676 1752 2762 vellent,
1779 2679 1919 2763 sutiles,
1941 2695 1975 2752 et
1990 2682 2124 2768 inanes,

94 2781 297 2873 promiscue
318 2792 539 2850 notarentur.
590 2777 678 2850 Erat
698 2791 815 2850 autem
831 2779 868 2847 in
887 2777 1012 2868 primis
1029 2771 1085 2844 his
1135 2791 1241 2872 atquo
1267 2778 1372 2850 etiam
1399 2778 1621 2847 turbulentas
1642 2780 1899 2870 disputationes
1925 2797 1959 2852 et
1975 2799 2123 2854 conteu-

95 2881 213 2952 morbi
235 2881 400 2950 extremis
423 2881 548 2950 diebus
571 2880 844 2950 familiarissima
867 2880 920 2964 ei,
954 2895 988 2948 et
1015 2880 1085 2947 ire·
1136 2880 1251 2949 tiones
1271 2874 1552 2971 reprehendebat
1568 2892 1602 2948 et
1618 2880 1724 2949 unius
1739 2882 1897 2952 mulieris
1911 2885 2073 2975 pietatem
2090 2899 2125 2956 et

95 2982 325 3079 quentissima
340 3007 426 3067 vox,
447 2987 552 3077 quam
569 2995 644 3052 tum
659 2983 808 3072 singulis
823 3005 911 3073 pene
926 3004 1085 3049 momen·
1136 2981 1293 3052 veritatis
1311 2983 1467 3050 studium
1486 2981 1630 3051 illorum
1648 2983 1862 3054 clamoribus
1877 2987 1998 3055 etzelo
2013 3012 2126 3080 oppo-

94 3086 143 3156 tis
159 3109 237 3153 cuna
253 3082 406 3174 gemitu,
432 3099 465 3155 et
484 3083 611 3153 intimo
630 3084 746 3154 cordis
770 3098 870 3156 motu
891 3083 1084 3174 repetebat:
1135 3083 1254 3157 nebat.
1304 3081 1504 3176 Siquando
1519 3084 1651 3153 mentio
1669 3084 1767 3155 lieret
1782 3081 1965 3158 hostilium
1978 3088 2125 3161 insecta-

95 3181 158 3259 Ah
176 3183 273 3256 Dens
296 3184 563 3256 misereremei!
591 3199 625 3255 et
639 3186 700 3256 illa
717 3184 864 3257 Psalmi:
897 3182 940 3256 ln
957 3197 992 3255 te
1010 3181 1086 3254 Do·
1136 3183 1294 3270 tionum,
1320 3187 1450 3278 quibus
1465 3186 1757 3275 oppugnabatur,
1784 3183 2126 3281 nihilrespondebat

94 3288 195 3358 mine
219 3287 375 3379 speravi,
401 3312 475 3356 non
497 3289 691 3358 contundat
713 3287 752 3358 in
775 3303 848 3361 tota
870 3287 1086 3371 aeternitate,
1136 3286 1246 3370 aliud,
1271 3311 1377 3380 quam
1392 3287 1482 3357 illud
1499 3284 1642 3355 Psalmi.
1693 3285 1750 3356 llli
1768 3291 2036 3377 maledicebant,
2063 3315 2126 3383 ego

94 3404 132 3460 et
155 3412 277 3460 rursus
301 3388 369 3458 alia
396 3387 546 3458 Psalmi:
587 3387 736 3460 Unicam
760 3390 846 3482 petii
875 3413 894 3458 a
917 3388 1086 3472 Domino,
1137 3388 1422 3460 autemorabam.
1449 3384 1496 3459 Et
1512 3413 1634 3458 rursus
1647 3382 1735 3459 haec
1748 3389 2014 3467 PsalmICXX.:
2041 3392 2126 3463 Μο-

95 3487 190 3561 hanc
206 3490 384 3585 requiram
399 3503 438 3561 ut
456 3487 610 3561 habitem
626 3492 664 3558 in
679 3495 786 3561 domo
799 3488 946 3559 Domini
970 3490 1081 3558 ouini·
1136 3491 1223 3559 lesta
1237 3503 1289 3559 est
1306 3485 1477 3561 habitatio
1492 3491 1631 3558 animae
1648 3513 1765 3574 meae,
1793 3517 1873 3563 cum
1890 3488 2023 3584 his-qui
2040 3497 2126 3563 ode-

94 3594 166 3662 bus
181 3592 306 3663 diebus
321 3591 415 3662 vitae
432 3616 550 3676 meae,
575 3605 609 3661 et
624 3592 764 3661 videam
780 3592 997 3681 voluptatem
1011 3587 1087 3659 Do·
1139 3602 1224 3659 runt
1244 3613 1378 3680 pacem.
1427 3587 1506 3679 Ego
1519 3590 1701 3681 pacificus,
1727 3593 1787 3659 sed
1804 3580 1883 3661 crim
1899 3593 2047 3685 loquor,
2073 3594 2129 3664 illi

95 3693 211 3778 mini,
241 3708 276 3764 et
297 3692 436 3762 visitem
460 3694 630 3784 templum
647 3693 733 3764 eius.
784 3689 946 3784 Cumque
961 3689 999 3759 in
1014 3701 1086 3760 tota
1138 3690 1402 3780 belligerantur.

95 3794 173 3866 vita
196 3793 290 3886 qnod
313 3816 435 3861 omnes
457 3792 595 3877 sciunt,
629 3794 692 3887 qui
709 3816 790 3864 eum
807 3803 1003 3878 noverunt,
1030 3814 1089 3861 ar-

98 3894 307 3968 dentissime
321 3917 423 3962 orare
439 3894 563 3964 solitus
579 3893 635 3981 sit,
654 3890 720 3967 hoc
736 3909 854 3966 tamen
870 3894 986 3963 morbi
1000 3907 1088 3964 tem-

1239 3816 1295 3894 Εο
1320 3824 1378 3893 die
1399 3847 1470 3917 quo
1493 3823 1632 3913 publice
1654 3837 1870 3915 postremum
1892 3829 2063 3921 praelegit
2076 3825 2130 3925 ³⁹),

98 4021 187 4092 pore
208 3994 339 4086 prioris
359 3995 452 4065 vitae
473 3990 539 4067 hac
554 3997 594 4067 in
610 4012 708 4089 pm
723 3997 942 4088 diligentiam
963 4010 998 4066 et
1014 3995 1089 4088 pie.
1138 3926 1418 4049 pdoleseentibus
1435 3925 1648 4019 quibusdam
1663 3930 1866 4019 petentibus
1882 3930 2128 4002 testimonium

1138 4028 1352 4107 initiationis
1378 4050 1478 4109 suae,
1512 4029 1604 4119 cepit
1637 4029 1789 4118 scribere
1821 4028 1888 4103 hos
1922 4033 2125 4126 versiculos,

98 4114 209 4171 tatem
232 4098 338 4188 longe
359 4097 533 4172 vincebat.
584 4096 708 4192 ltaque
729 4098 871 4191 pietatis
896 4097 1089 4168 sententiae
1140 4142 1363 4228 quonam„
1378 4152 1452 4200 no„
1470 4129 1639 4199 absolvit,

100 4215 136 4273 et
159 4198 317 4270 interdiu
341 4198 372 4267 ei
395 4199 434 4266 in
456 4222 518 4269 ore
543 4223 617 4270 esse
639 4216 673 4272 et
698 4225 761 4293 per
787 4203 940 4295 quietem
968 4198 1089 4269 offerri

102 4300 307 4373 dormienti.
354 4297 645 4398 Quotiescunque
664 4316 781 4374 autern
804 4319 912 4374 noctu
928 4326 948 4371 e
963 4323 1089 4371 somno
1193 4287 1329 4351 ΑΜ*
1344 4289 1479 4369 genitore
1493 4297 1562 4347 nate
1576 4280 1704 4349 christe.

103 4403 419 4495 expergiscebatur,
435 4417 470 4474 et
485 4400 872 4497 semperetnihilaliud
882 4425 1088 4497 excoquam
1195 4387 1308 4454 01⁸¹⁰¹
1323 4393 1415 4472 ΡΨἰδ
1430 4411 1470 4451 0¹
1485 4391 1554 4449 sinu
1566 4386 1697 4465 verendi,

93 4504 254 4597 ,gemitus
277 4505 320 4574 ad
338 4500 454 4575 Deum
478 4519 514 4576 et
534 4507 710 4597 precantis
726 4529 830 4576 voces
843 4505 1090 4576 audiebantur.
1193 4490 1313 4554 V0⁰0¹¹¹
1327 4488 1485 4573 EV⁸¹¹8⁰¹fi
1499 4491 1598 4552 teram
1614 4507 1747 4567 ³¹1⁸V0⁸¹¹2

103 4602 149 4679 ln
170 4605 295 4698 primis
318 4618 435 4677 umen
458 4631 523 4701 pro
548 4605 706 4679 Ecclesia
728 4602 796 4679 hoc
819 4623 976 4681 extremo
1002 4619 1091 4676 tem·
1195 4593 1269 4676 0¹¹⁰
1281 4595 1468 4657 erodentibus
1481 4593 1606 4655 0¹hlb0³
1619 4603 1758 4674 90¹0¹¹¹0¹

104 4728 193 4802 pore
222 4730 288 4779 ano
318 4708 443 4779 orabat
466 4710 649 4780 ardentius
662 4731 774 4804 'quarn
801 4733 958 4804 unquam
980 4722 1095 4792 antea,
1195 4697 1304 4760 vitm
1318 4701 1528 4781 indivitmqm
1544 4698 1767 4777 ”mpitemms

106 4809 208 4881 cuins
229 4808 445 4880 calamitates
466 4809 506 4879 in
530 4805 598 4880 hoe
614 4825 707 4884 statu
721 4811 834 4905 ipsius
848 4812 978 4881 misero
994 4824 1027 4880 et
1042 4810 1094 4878 ai·
1194 4797 1235 4862 Et
1250 4803 1305 4884 qui
1320 4804 1463 4882 sanguine
1476 4821 1533 4861 nos
1549 4809 1605 4858 tuo
1620 4795 1790 4874 redemptor

106 4909 305 4984 tttettssimo
325 4906 556 4981 vehementer
569 4936 649 4982 eum
666 4914 891 4995 cruciabant,
916 4915 961 4982 de
977 4934 1046 5003 quo
1063 4925 1097 4980 et
1195 4899 1347 4982 Eteoelis,
1373 4915 1493 4984 reputes
1506 4901 1640 4983 thoisque
1658 4900 1766 4973 iustos,

106 5034 212 5085 voees
232 5027 338 5107 atque
361 5012 634 5083 contestationes
656 5014 754 5086 illins
778 5037 884 5105 snpra
901 5012 1097 5085 retulimus.
1197 5001 1402 5089 ostendisque
1421 5006 1479 5086 pits
1496 5015 1584 5063 mum
1600 5009 1771 5081 parentans
1886 5074 1889 5079 ,

105 5106 156 5186 Et
177 5114 377 5209 plerunque
397 5114 436 5184 in
454 5109 511 5184 his
528 5115 665 5184 ultimis
681 5141 745 5208 pro
760 5112 917 5186 Ecclesia
932 5113 1098 5206 precibus
1197 5102 1320 5169 Nasam
1338 5106 1457 5172 christe
1472 5090 1643 5188 sempet⁸⁰)
1662 5101 1769 5165 docete
1784 5111 1916 5188 'mentm

108 5214 203 5298 snit,
227 5209 296 5287 hoc
310 5215 474 5288 disertea
490 5214 567 5290 Deo
583 5232 701 5312 petere
715 5218 864 5298 solebat,
890 5230 930 5288 nt
947 5216 1098 5287 coniun-

109 5372 306 5390 ·““““““““
1024 5356 1031 5365 “
1184 5353 1229 5420 ⁵9)
1242 5354 1394 5422 praelegat]
1413 5348 1462 5406 nt.
1473 5347 1503 5404 ί.
1518 5349 1620 5405 doerit.

142 5442 192 5511 ω)
209 5442 271 5497 ”¹¹⁰
284 5441 397 5526 §imi
411 5440 503 5502 EM.
520 5446 558 5505 rit.
711 5481 713 5487 ·
966 5508 969 5514 ,
1184 5441 1230 5514 60)
1249 5445 1371 5510 semper]
1386 5437 1438 5493 Ed.
1448 5436 1475 5492 2.
1489 5448 1601 5580 precio&
