4748 6022
160 266 236 350 »ω
357 192 364 199 ’
638 192 1716 344 aunonanrnnnvnsconctottns
1870 291 1872 295 ψ
2122 243 2200 364 ors

161 443 227 524 sit,
253 437 321 531 ipsi
338 454 480 530 quoque
493 451 611 500 mores
627 439 768 498 nostros
782 447 901 515 regere
918 437 952 497 et
965 422 1155 494 emendare
1206 427 1356 517 periculi
1378 428 1489 515 ratio,
1511 427 1543 497 si
1562 427 1682 497 minus
1703 426 1822 522 legum
1846 435 1909 496 attt
1928 419 2125 495 honestatis
2140 447 2201 494 re-

162 543 385 622 studeamus,
425 556 541 628 neque
570 525 663 600 hane
693 526 942 623 paedagogiam
973 527 1092 614 legum
1114 546 1155 593 ec
1206 543 1329 624 spectu
1348 529 1562 612 movemini,
1589 544 1624 601 et
1643 531 1738 620 apud
1761 551 1851 623 quos
1872 529 2019 597 tandetn
2035 520 2204 596 homines

147 642 373 737 'disciplinae
391 619 617 729 respuamus,
637 633 700 702 sed
719 643 760 701 ut
778 628 1008 722 praecipuum
1028 626 1067 695 in
1088 620 1156 695 hac
1205 633 1337 726 putatis
1362 656 1427 702 vos
1453 627 1640 704 habituros
1665 654 1739 702 esse
1765 626 1977 722 hospitium,
2009 628 2074 723 qui
2099 629 2202 701 istam

165 749 238 819 Vlia
259 748 395 815 donum
411 737 481 810 Dei
502 735 664 824 religiose
685 754 908 804 veneremur·
958 726 1069 818 [teget
1087 726 1155 818 igi·
1206 736 1395 830 plusquam
1417 736 1617 807 barbariem
1637 757 1779 804 morum
1802 732 1979 804 feritatem
1998 732 2095 802 fem
2121 755 2204 823 pos.

164 866 225 923 tur
237 841 449 918 Academiae
470 851 611 910 nostrae
629 839 714 906 dum
728 834 942 917 recitantur,
966 831 1156 921 diligenter
1207 838 1304 909 sint?
1354 833 1515 909 Obaecro
1535 861 1599 907 vos
1615 860 1679 928 per
1691 831 1898 921 Christum,
1920 848 1962 905 nt
1976 835 2135 927 pucati,
2148 833 2204 903 vi.

166 973 296 1046 quaeso
312 944 444 1018 audite.
1208 954 1265 1011 tae
1294 962 1334 1010 ac
1358 940 1465 1010 saluti
1485 953 1639 1025 vestrae,
1671 937 1824 1030 parcatis
1848 951 1882 1007 et
1903 937 2206 1029 praeceptoribus,

594 1036 731 1112 Recita.
1209 1041 1272 1135 qui
1301 1063 1440 1112 summa
1466 1042 1536 1112 fide
1564 1065 1628 1111 vos
1654 1043 1801 1126 docent,
1832 1054 1867 1111 et
1889 1040 2029 1130 ingenti
2053 1063 2139 1111 cura
2163 1063 2205 1115 oc

1208 1143 1450 1214 sollicitudine
1478 1169 1544 1236 pro
1568 1155 1683 1213 vestra
1705 1143 1949 1215 incolumitate
1972 1143 2206 1226 adficiuntur,

227 1327 229 1333 ¹
1209 1269 1299 1341 quos
1326 1259 1419 1317 certe
1447 1245 1532 1316 satis
1560 1245 1700 1317 duriter
1728 1244 1914 1331 exercetis,
1947 1269 1994 1314 ne
2024 1245 2114 1338 quid
2138 1245 2205 1318 tri-

226 1364 229 1371 '
267 1352 407 1423 Videtis
435 1351 528 1438 leges
555 1342 620 1416 has
652 1366 727 1412 non
757 1356 896 1415 tantum
929 1339 1158 1434 aequissimas
1209 1348 1297 1420 stiur
1313 1348 1439 1418 dicam.

167 1484 261 1544 esse,
286 1475 410 1525 verum
434 1465 469 1520 et
492 1449 620 1520 studiis
642 1444 788 1530 vestris,
808 1461 846 1563 et
865 1445 958 1515 vitae
972 1438 1159 1563 scholasti·
1310 1461 2206 1557 neumegemugpatgrnomgni„omi1031,Chri,

167 1587 226 1636 cae
256 1552 645 1670 convenientissimas·
689 1546 942 1618 Praescrthunt
972 1569 1069 1614 entrn
1099 1568 1158 1665 re·
1209 1568 1274 1653 δή,
1300 1563 1470 1638 Eccleffl,
1492 1581 1527 1639 eg
1541 1566 1776 1662 Reipublicae
1799 1591 1920 1659 pacem
1946 1581 1981 1639 eg
1996 1569 2205 1663 tranquilli.

166 1674 323 1759 dflnlqu‘
346 1655 547 1729 ⁸1¹¹di⁰¹¹¹m
566 1654 748 1767 ⁰¹d¹¹¹⁰fl¹¹2
774 1649 966 1720 ⁰⁰⁰⁸¹¹¹¹¹¹¹t
981 1646 1159 1765 ²¹³anss
1210 1683 1317 1741 tatetn
1348 1670 1536 1760 largiatur,
1569 1694 1609 1740 ac
1636 1671 1801 1741 scandala
1832 1666 2039 1762 prohibeat,
2073 1685 2109 1742 et
2138 1692 2207 1741 vos

166 1766 281 1848 litati,
314 1761 413 1842 ⁰⁰5⁰,
444 1757 594 1849 pacique
616 1752 798 1872 Plfbhffl‘g
828 1775 917 1846 ‘1¹¹³‘
938 1752 983 1820 “d
1008 1753 1159 1869 mfdffl·
1210 1770 1348 1865 Spiritu
1371 1785 1493 1842 sancto
1512 1796 1578 1844 suo
1598 1786 1713 1863 regat,
1739 1797 1780 1842 ac
1796 1784 1936 1863 pectora
1953 1787 2073 1844 vestra
2086 1772 2208 1845 flectat

58 1939 61 1945 ,
167 1861 283 1941 tiones
304 1876 339 1933 et
360 1861 544 1932 doctrinae
568 1856 686 1973 studta
708 1878 857 1971 maxime
881 1875 1074 1972 necessaria
1096 1863 1158 1925 est.
1210 1877 1254 1944 ,d
1270 1874 1541 1959 verecundiam,
1565 1890 1600 1947 eg
1615 1874 1858 1946 obedientiam
1873 1898 1951 1965 erg,
1965 1875 2079 1965 lega,
2104 1898 2208 1969 pm,

167 1970 334 2043 Tuessltlt
347 1988 387 2035 δῦ
400 1961 569 2031 munium
584 1969 738 2050 qu¹e¹⁰⁸t
762 1977 917 2075 ξῦῗῐῐῐξξ*
932 1967 1039 2073 lique·
1052 1978 1159 2024 ¹⁰⁰⁰·
1210 1991 1393 2070 ceptorum
1407 1978 1577 2063 salutem,
1601 1990 1637 2048 et
1648 1991 1800 2047 vestram
1816 1990 1975 2063 tueatur,
1998 1977 2129 2047 studiis
2145 2001 2208 2048 ve-

166 2085 305 2154 rentes,
346 2090 393 2135 ne
424 2064 633 2144 turbentur,
673 2071 735 2128 ³¹¹²
763 2081 907 2129 ¹¹¹¹¹¹l¹¹⁸
939 2057 1159 2128 adfifflfflliffl·
1209 2081 1292 2152 stris
1307 2079 1481 2150 foeliciter
1498 2080 1673 2173 adspiret,
1699 2091 1805 2173 atque
1821 2079 2010 2150 universae
2026 2080 2116 2150 vitae
2132 2103 2208 2150 no·

167 2170 323 2267 Oportet
338 2191 394 2236 me
409 2190 493 2237 V0t0
512 2177 546 2234 01
562 2159 649 2282 haec
664 2162 804 2234 addere.
882 2262 890 2279 ι
1211 2194 1301 2253 strae
1332 2202 1475 2253 cursum
1507 2183 1700 2272 gubernet,
1739 2181 1785 2251 ad
1812 2181 1963 2271 gloriam
1993 2181 2209 2252 sanctissimi

270 2270 449 2342 Primum
499 2264 575 2354 Qffl
603 2263 763 2333 mudum
793 2284 940 2332 ⁰⁰m¹¹¹³
971 2285 1033 2333 ⁸¹¹³
1064 2261 1159 2352 apud
1211 2283 1369 2355 nominis
1383 2283 1459 2368 sni,
1485 2285 1680 2355 multorum
1697 2278 1903 2369 hominum,
1929 2298 1962 2355 et
1979 2297 2134 2356 vestram
2152 2306 2209 2354 sa-

168 2373 395 2468 magnificum
416 2368 461 2441 1).
478 2366 667 2439 Rectorem
690 2365 839 2459 professi
861 2377 963 2450 sunt,
988 2361 1027 2435 hi
1051 2363 1161 2456 profi·
1211 2388 1343 2472 putem,
1399 2409 1465 2478 per
1500 2382 1685 2458 Christum
1730 2389 1993 2478 redemptorem
2030 2400 2210 2471 nomm,

167 2493 328 2561 teantur,
370 2493 515 2566 seseque
546 2469 703 2557 catalogo
733 2468 973 2538 studiosorum
1006 2464 1162 2536 adscribi
1213 2487 1343 2560 Amen·
1394 2485 1490 2563 [Μή.

169 2594 305 2653 curent.
357 2574 432 2664 Qui
453 2596 538 2643 vero
555 2570 623 2640 hoc
639 2571 840 2660 negligunt,
871 2564 956 2648 hos,
991 2567 1163 2662 quicquid

170 2685 220 2756 eis
235 2677 422 2761 acciderit,
447 2670 738 2746 scholasticorum
752 2671 832 2742 loco
848 2695 922 2741 non
938 2665 1164 2753 habebimus,

169 2802 204 2858 et
216 2782 441 2874 magistratus
455 2779 615 2850 urbanus
628 2799 702 2845 non
716 2773 869 2866 patietur
883 2773 970 2843 tales
983 2768 1043 2842 hic
1057 2772 1164 2842 ober-

170 2911 269 2970 rare,
291 2884 354 2977 qui
373 2904 489 2972 neque
506 2878 637 2949 civium
654 2901 770 2969 neque
783 2875 1023 2946 studiosorum
1038 2874 1076 2942 in
1094 2897 1164 2943 nu·
1224 2899 1291 2973 No·
1315 2897 1377 2971 26·
2013 2928 2064 2966 m
2088 2905 2183 2969 ¹553·

170 3012 269 3061 mero
283 2984 377 3066 sint,
402 2995 437 3050 et
451 2981 592 3051 nullum
607 2979 851 3068 magistratum
864 2991 1067 3066 agnoscant.
1218 2995 1383 3024 «ν
1993 2995 2209 3031 Μ

273 3085 459 3169 Secundo,
490 3105 572 3152 cum
601 3078 791 3173 aliquoties
820 3079 1010 3170 propositis
1040 3076 1164 3147 edictis
1282 3093 1382 3152 select.
1407 3091 1530 3148 natam.
1556 3091 1591 3148 Τ.
1611 3090 1660 3146 tv,
1686 3113 1714 3159 ρ.
1735 3095 1794 3149 ιιι.
1827 3088 1947 3148 &nest
1967 3095 2020 3149 lv.
2045 3113 2075 3166 p.
2095 3094 2157 3153 tos.
2181 3104 2209 3151 at

169 3189 315 3284 gestatio
339 3186 616 3257 bombardarum
636 3176 816 3273 prohibita
839 3179 904 3262 sit,
928 3181 1091 3251 andimus
1110 3194 1165 3250 ta·
1316 3162 1444 3220 ΝΜ
1461 3161 1495 3218 T.
1509 3161 1544 3216 ¹¹·
1563 3181 1592 3235 Ρ·
1604 3162 1666 3218 ⁴⁷⁶·

169 3317 253 3364 men
280 3288 453 3383 quosdam
472 3298 674 3374 contempta
691 3283 880 3353 autoritate
896 3283 1165 3373 magistratuum

169 3377 377 3466 bombardis
398 3402 569 3470 armatos,
597 3397 668 3454 tam
684 3386 723 3454 in
737 3385 867 3476 oppido
882 3379 942 3454 hic
957 3410 1062 3477 qnam
1077 3384 1166 3454 loris

171 3499 265 3570 circa
280 3492 452 3563 suburbia
466 3504 500 3560 et
513 3485 654 3572 hortos,
679 3488 889 3558 discursare.
940 3484 1032 3557 Cum
1047 3501 1165 3557 autern

171 3612 305 3673 coetera
319 3595 441 3664 minus
458 3589 601 3663 hostilia
617 3614 715 3660 arma
732 3590 847 3671 edicto
865 3589 1066 3683 principum
1079 3615 1166 3682 pro
1215 3584 1270 3666 Et
1290 3614 1353 3682 ego
1368 3588 1584 3663 authoritate
1598 3590 1783 3664 Pontificio
1806 3591 2112 3686 crimpestede,
2137 3621 2208 3688 qua

170 3699 287 3773 hibita
312 3699 405 3780 sint,
429 3690 498 3766 hoc
521 3716 633 3783 genus
649 3704 848 3764 armaturae
865 3714 1009 3782 prorsus
1025 3703 1167 3761 nonest
1215 3697 1254 3764 in
1287 3696 1483 3788 praesentia
1515 3695 1664 3784 fungor,
1704 3707 1739 3764 te
1765 3689 1949 3764 [munem
1974 3721 1999 3765 o
2027 3693 2207 3783 Borclteo,

171 3802 380 3885 ferendum,
405 3810 440 3868 et
453 3794 520 3867 hoc
534 3796 574 3864 in
591 3796 669 3866 loco
687 3794 829 3886 publice
846 3789 1096 3884 prohibemns,
1120 3818 1166 3864 ne
1215 3811 1338 3869 natum
1362 3796 1402 3864 in
1422 3796 1555 3891 inclyta
1575 3797 1664 3867 urbe
1681 3793 1829 3882 Brema,
1851 3823 1931 3869 creo
1954 3812 1990 3870 et
2011 3824 2207 3891 promoveo

173 3905 255 4001 quis
274 3901 472 3973 bombarda
494 3922 531 3969 se
548 3913 672 3968 armet.
725 3894 833 3983 Quod
851 3895 881 3964 si
899 3896 1004 3988 quem
1021 3892 1166 3988 posthac
1215 3897 1404 3969 Doctorem
1422 3898 1461 3967 in
1476 3913 1627 3993 utroque
1642 3896 1743 3986 lure,
1767 3897 1950 3971 Canonico
1969 3914 2003 3971 et
2016 3901 2148 3989 Civili,
2174 3917 2209 3975 et

173 4031 254 4081 cum
276 4004 473 4074 bombarda
492 4001 618 4086 luisse,
644 3997 933 4088 cognoverimus,
958 3998 996 4067 in
1014 4022 1095 4068 eum
1112 4021 1167 4068 se-
1215 4016 1250 4074 te
1270 3998 1520 4072 honestissimo
1547 4004 1660 4090 gradu
1680 3998 1845 4072 Doctoris
1874 4018 2044 4074 ornatum
2068 4029 2143 4076 esse
2162 4009 2206 4076 de

172 4111 228 4181 rio
245 4131 286 4177 ac
300 4130 420 4178 severe
436 4104 769 4175 animadvertemus.
819 4095 979 4189 Cogitate
994 4124 1057 4170 vos
1072 4102 1168 4171 inter
1214 4103 1388 4175 sententia
1407 4116 1442 4172 et
1458 4102 1665 4192 gravissimo
1688 4102 1821 4175 iudicio
1844 4100 1995 4198 Collegii
2015 4108 2202 4179 renuntio:

174 4208 334 4300 hospites
361 4222 516 4286 vestros,
550 4230 591 4275 ac
619 4202 882 4294 condiscipulos
908 4203 1061 4290 versari,
1090 4227 1166 4274 non
1216 4205 1258 4277 ln
1273 4204 1423 4276 nomine
1436 4202 1569 4290 Patris,
1594 4219 1628 4276 et
1650 4205 1734 4288 filii,
1764 4220 1799 4278 et
1811 4206 1967 4299 Spiritus
1983 4210 2102 4281 sancti.
2154 4205 2207 4280 Et

172 4314 269 4384 inter
282 4313 455 4381 barbaros
468 4304 605 4394 hostes,
626 4320 687 4379 ant
701 4307 793 4376 feras
810 4306 949 4380 bestias.
1215 4308 1371 4381 attribuo
1391 4306 1457 4377 tibi
1481 4307 1601 4376 omnia
1628 4307 1834 4400 privilegia,
1860 4312 1990 4402 quibus
2006 4307 2064 4383 hic
2077 4312 2171 4381 ordo
2188 4337 2209 4381 a

277 4411 402 4482 Tertio
424 4412 550 4479 allatae
572 4411 617 4479 ad
640 4432 706 4480 nos
721 4420 805 4479 sunt
823 4407 1167 4502 querelaeafamilia
1215 4409 1362 4482 summis
1401 4408 1649 4502 Principibus,
1695 4410 1866 4501 singulari
1906 4414 2058 4484 consilio
2102 4437 2210 4485 orna-

174 4512 349 4588 Praelecti
382 4526 418 4583 et
444 4508 640 4597 Quaestore
670 4513 715 4580 de
744 4510 958 4602 quibusdam
987 4509 1167 4588 studiosis,
1215 4527 1271 4585 tus
1292 4526 1353 4584 eat,

174 4617 238 4714 qni
263 4618 383 4686 vineas
402 4610 600 4704 Principis,
632 4625 667 4683 et
689 4611 859 4694 aliorum,
883 4610 1089 4680 bombardis
1109 4633 1166 4679 ar-

172 4718 261 4793 mati
284 4720 455 4791 dicuntur
476 4713 655 4810 populari.
715 4708 819 4797 Illos,
847 4714 1050 4804 quicunque
1073 4724 1168 4797 sunt,
1540 4691 1702 4763 ffldtdta
1729 4702 1763 4764 tl
1791 4695 1882 4766 15⁶⁶?-

173 4823 286 4907 serio,
310 4835 345 4893 et
363 4845 431 4914 pro
454 4832 575 4889 nostra
601 4817 669 4886 lide
684 4837 889 4900 monemus,
913 4828 954 4886 nt
970 4840 989 4884 a
1007 4813 1070 4884 tali
1087 4813 1166 4884 vio-
1316 4808 1364 4884 Et
1386 4812 1470 4907 qnia
1492 4828 1665 4900 vetustas,
1698 4830 1738 4888 ut
1761 4818 1841 4888 talis
1861 4819 2090 4892 renunciatio
2123 4837 2213 4894 esset

128 4933 136 4939 '
174 4925 284 4996 tentia
308 4949 345 4994 se
369 4922 591 5002 abstineant,
616 4918 738 4989 vineas
758 4917 890 5002 vitent,
914 4940 1030 5010 neque
1051 4941 1165 4987 unum
1215 4915 1407 5002 celebrior,
1439 4917 1581 4988 addidit
1610 4918 1711 5006 signa
1740 4922 1930 5014 quaedam,
1971 4948 2065 5016 qnae
2097 4927 2214 4996 votuit

175 5041 281 5120 atque
302 5028 454 5094 alterum
473 5025 619 5094 botrum
641 5022 732 5093 tanti
749 5021 899 5104 faciant,
925 5033 964 5090 ut
982 5035 1166 5110 propterea
1215 5043 1373 5090 essenon
1389 5017 1529 5111 ineptos
1544 5020 1666 5103 ludos,
1699 5024 1759 5092 sed
1774 5024 1881 5093 utiles
1894 5028 2214 5100 commonefactio-

174 5128 290 5222 capita
305 5140 341 5197 et
354 5126 463 5196 vitam
478 5125 589 5195 velint
603 5125 642 5193 in
654 5122 848 5194 discrimen
862 5124 1048 5195 adducere.
1075 5120 1166 5191 Nam
1215 5146 1278 5192 nes
1302 5121 1559 5211 consideranti,
1594 5122 1682 5215 quid
1704 5149 1827 5196 revera
1850 5127 2070 5215 significent,
2097 5131 2139 5201 in
2159 5127 2214 5202 his

174 5231 281 5303 nobis
302 5228 497 5299 indicatum
520 5240 591 5312 est,
614 5227 665 5298 ita
681 5225 830 5296 insidias
845 5248 919 5297 esse
933 5226 973 5295 in
990 5223 1064 5292 illis
1078 5222 1167 5295 locis
1215 5248 1357 5319 quoqne
1373 5247 1508 5295 morem
1523 5223 1693 5295 usitatum
1710 5229 1870 5306 servabo.

174 5334 384 5416 instructas,
414 5344 455 5404 ut
478 5328 542 5426 qui
564 5328 774 5414 inciderint,
799 5328 973 5426 incolumi
996 5326 1067 5399 vita
1091 5349 1166 5397 non
1313 5322 1367 5397 Ac
1387 5327 1543 5418 primum
1564 5341 1599 5398 te
1621 5326 1661 5397 in
1684 5323 1778 5401 hanc
1797 5328 1982 5404 honestam
2001 5334 2214 5412 cathedram

174 5436 247 5508 sint
275 5435 426 5511 evasuri.
485 5432 631 5507 Movent
659 5431 768 5522 igitur
793 5453 858 5505 vos
883 5432 1007 5505 saltem
1029 5429 1167 5524 proprii
1215 5430 1369 5515 colloco,
1394 5442 1431 5500 et
1451 5428 1584 5502 librom
1603 5430 1670 5505 tibi
1686 5434 1829 5526 aperio,
1855 5459 1926 5530 quo
1941 5451 2060 5526 gesto,
2086 5445 2216 5519 scitote

430 1224 510 1291 Post
531 1221 636 1308 legum
657 1216 892 1286 recitationem·

1213 3330 1325 3400 lttttts
1342 3321 1707 3420 protestationum
1726 3329 1929 3398 lenones
1952 3348 1978 3398 tt
1998 3325 2208 3401 Borcltett

1454 3436 1648 3501 cremetur
1673 3431 1811 3502 Doctor
1835 3429 1967 3522 luris).
