4748 6022
165 225 243 304 280
522 215 780 296 SCRIPTA
812 215 890 293 ΑΒ
921 210 1119 292 VITAM
1149 208 1224 287 ET
1256 210 1493 294 OBITUM
1532 213 1833 299 MELANTH.
2127 222 2207 301 240

168 397 370 494 petulanter
391 417 467 464 non
482 394 688 465 necessariis
706 391 996 483 contentionibus
1013 388 1163 460 excitata
1186 404 1191 441 ¹
1212 415 1276 484 pra
1297 391 1505 474 retulimus,
1530 392 1593 487 qui
1612 406 1730 463 umen
1752 393 1864 487 paulo
1882 407 1962 487 post
1978 394 2024 466 sd
2037 394 2211 471 lectulum

169 498 346 575 Ecclesiae
367 509 505 569 nostras
530 491 754 566 horribiliter
779 493 992 574 dilacerare,
1030 503 1066 560 et
1088 489 1163 558 vim
1215 494 1451 587 praeceptoris
1473 495 1529 566 sui
1555 495 1722 566 consectis
1744 495 1899 587 negotiis
1926 499 2211 577 revertebantur.

170 604 285 674 facere
304 599 446 671 veritati
467 599 618 669 videret
669 596 740 668 Sed
763 591 860 668 hunc
879 593 1035 664 vicissim
1058 591 1164 663 dolo-
1186 596 1189 628 ¹
1214 593 1291 666 Sub
1315 592 1442 666 horam
1465 597 1576 688 igitur
1592 597 1806 670 matutinam
1827 611 2007 687 octavam,
2031 624 2102 696 quo
2115 614 2211 675 tem-

171 728 247 777 rem
270 702 384 773 lenire
408 701 478 774 sibi
503 701 619 772 aicbat
633 695 726 769 hanc
741 697 1039 781 consolationem,
1064 692 1161 788 quod
1214 720 1300 788 porc
1337 700 1447 794 λῆψις
1481 699 1619 770 febrilis
1650 701 1918 793 exornabatur,
1959 701 2079 775 subito
2112 703 2211 776 vires

171 807 278 880 sciret
298 804 498 876 doctrinam
521 815 723 873 nostrarum
738 798 978 872 Ecclesiamm
992 819 1112 866 veram
1128 807 1164 864 et
1213 821 1358 890 pmrsus
1380 800 1586 885 concidere,
1617 815 1782 894 aegrotus
1801 803 1910 875 etiarn
1939 803 2062 879 animo
2090 804 2211 903 linqui

171 921 304 981 rectam
319 930 411 987 esse,
437 921 472 978 ct
488 907 611 976 dextre
623 903 848 996 explicatam,
871 903 1006 971 addens
1025 910 1061 968 ct
1076 892 1163 967 hacc
1214 900 1348 993 coepit,
1378 916 1414 974 et
1433 904 1530 998 quod
1555 904 1673 994 mcci
1693 905 1818 977 dicunt
1844 907 2103 1005 λειποψιαεῖν,
2134 904 2211 983 Re·

171 1010 291 1083 verba.
342 1008 383 1080 si
405 1009 540 1078 morior
559 1030 677 1091 nunc,
708 1004 882 1094 singulari
901 1001 969 1074 Dei
991 999 1163 1072 beneficio
1215 1015 1353 1073 creatus
1369 1017 1488 1074 tamen
1504 1004 1549 1075 iis
1563 1006 1680 1077 modis
1695 1007 1827 1102 quibus
1842 1021 2003 1101 oportet,
2027 1008 2138 1083 iacuit
2158 1008 2209 1085 ils

172 1110 371 1208 praecipior
396 1109 685 1201 impendentibus
718 1107 821 1177 malis
855 1119 890 1177 et
922 1104 1069 1197 quidem
1095 1095 1164 1171 hoc
1214 1104 1473 1199 aliquantisper
1502 1107 1696 1201 quiescens.
1757 1107 1957 1207 Aliquanto
1980 1124 2061 1206 post
2082 1108 2211 1209 cerff)

172 1226 373 1286 monstmso
396 1236 491 1282 anno
515 1224 664 1282 naturae
677 1205 730 1301 ³⁵).
782 1205 945 1301 Cumque
966 1202 1113 1275 solicitis
1129 1215 1165 1273 et
1215 1221 1438 1304 experrectus
1458 1232 1500 1280 ex
1515 1206 1557 1308 ⁴¹)
1582 1234 1709 1283 somam
1731 1235 1877 1302 precum
1899 1234 2045 1285 suarum
2068 1216 2212 1287 formu·

172 1317 288 1388 flebili
305 1340 393 1385 voce
409 1313 652 1407 pronunciatis
670 1312 834 1403 precibus
847 1305 1042 1380 Ecclesiam
1056 1298 1163 1377 Chri·
1214 1308 1307 1394 lam,
1330 1333 1400 1404 qua
1416 1312 1577 1405 quotidie
1592 1315 1782 1396 utebatur,
1807 1315 2005 1407 repetebat,
2030 1326 2065 1386 et
2080 1316 2213 1389 recha-

173 1421 219 1492 sti
240 1417 400 1488 bdelium
419 1417 493 1486 filio
516 1416 582 1487 Dei
606 1416 903 1498 commendasset,
927 1406 1085 1502 hospites
1106 1428 1164 1477 se·
1214 1408 1276 1479 bat
1298 1424 1432 1497 totam,
1465 1438 1553 1485 voce
1572 1414 1717 1508 quidem
1741 1415 1989 1503 submissiore,
2013 1415 2213 1491 siccamen

174 1522 297 1617 cedere
310 1520 470 1589 volentes
484 1512 544 1615 ³⁸),
567 1532 608 1588 ut
624 1540 744 1587 secum,
758 1516 992 1608 pranderent,
1017 1509 1164 1600 rogabat
1215 1525 1257 1582 ut
1268 1513 1407 1604 singula
1423 1517 1531 1586 verba
1546 1518 1819 1600 exaudirentur,
1844 1522 1950 1614 alque
1964 1531 2005 1590 ut
2016 1541 2213 1610 cognosea-

172 1624 335 1694 suturum
363 1621 503 1705 dicens,
527 1632 619 1690 utet
632 1632 820 1709 conspectu
836 1618 1015 1708 ipsorum,
1042 1626 1076 1681 ct
1089 1634 1163 1680 ser·
1216 1627 1276 1684 tur
1297 1616 1343 1685 ab
1362 1617 1549 1704 omnibus,
1580 1619 1697 1713 qualis
1717 1644 1758 1692 ea
1778 1621 1827 1692 sit
1841 1634 1878 1692 et
1894 1621 1982 1714 quid
1997 1621 2121 1715 paucis
2136 1621 2213 1692 illis

173 1722 343 1796 monibus
358 1718 401 1819 ³⁷)
443 1723 657 1792 invitaretur
697 1723 741 1791 ad
773 1718 909 1811 aliquid
939 1715 1164 1808 gustandum.
1215 1728 1297 1786 ante
1318 1717 1451 1789 exitum
1471 1744 1514 1791 ex
1537 1715 1605 1792 hac
1627 1722 1699 1793 vita
1721 1744 1826 1793 suurn
1853 1716 1952 1794 boris
1974 1722 2129 1795 oraverit
2151 1723 2211 1793 vir

173 1823 251 1896 Etsi
273 1827 391 1919 itaque
413 1825 605 1915 prandium
620 1818 659 1891 hi
676 1823 926 1891 nondicebant:
952 1833 1069 1888 tamen
1083 1838 1164 1884 cum
1215 1818 1373 1909 optimus
1392 1834 1427 1891 et
1452 1823 1709 1912 sanctissimus,
1732 1824 1906 1915 integram
1928 1824 2028 1895 illarn
2044 1818 2211 1896 hocloco

174 1930 264 1999 alter
286 1951 409 1998 eorum
432 1927 567 1996 interca
583 1925 755 1994 nuncium
769 1922 957 2014 accepisset
971 1923 1016 1989 de
1036 1917 1163 1987 morbo
1216 1922 1427 2015 descriptam
1445 1924 1672 2001 subiecimus.
1710 1923 1829 1998 Deum
1841 1926 1952 2016 igitur
1964 1926 2136 1998 invocans
2152 1921 2211 1997 his

175 2031 289 2115 filiae,
325 2042 361 2100 et
386 2025 593 2120 Philippum
626 2040 706 2118 post
732 2025 916 2116 septimam
941 2016 1068 2091 horam
1094 2019 1164 2088 iam
1216 2046 1362 2114 precum
1378 2026 1497 2096 verbis
1512 2040 1588 2097 tum
1603 2051 1689 2100 usus
1709 2042 1773 2104 est.
1892 2068 1895 2073 ·
2151 2030 2156 2036 ’

174 2131 403 2222 corripuisset
428 2154 505 2200 non
533 2122 659 2209 πάθος
676 2128 822 2212 febrile,
855 2127 916 2195 sed
939 2124 1063 2213 ingens
1084 2120 1165 2190 lan-

174 2256 280 2324 guor,
313 2255 387 2302 non
407 2231 456 2301 ita
479 2232 592 2303 multo
618 2243 698 2321 post
718 2224 923 2319 aPhilippo
945 2238 1163 2318 postremum

175 2335 326 2405 salutato
340 2332 523 2404 resalutati
536 2356 616 2402 cum
633 2333 691 2424 pia
706 2330 971 2413 benedictione,
996 2327 1166 2397 discesse-

174 2449 260 2506 runt
274 2430 328 2526 ³⁸).
375 2433 631 2506 Convenerunt
645 2435 690 2502 ad
708 2456 787 2502 eum
802 2445 877 2502 turn
895 2431 939 2501 D.
955 2428 1082 2499 Pastor
1094 2422 1165 2497 Ec·

176 2537 303 2608 clesiae
323 2550 465 2606 nostrae
488 2560 570 2606 cum
595 2534 731 2626 aliquot
747 2531 918 2605 Diaconis
935 2544 969 2602 et
985 2530 1168 2601 Professo-

175 2663 232 2709 res
254 2638 415 2731 plerique
434 2661 507 2708 una
531 2660 612 2708 curn
636 2637 714 2705 aliis
736 2636 949 2728 quibusdam
973 2628 1167 2723 compluri-

175 2742 261 2826 bus,
283 2763 436 2832 quorum
460 2738 572 2832 aliqui
587 2732 628 2833 ³⁹)
654 2738 721 2807 sub
745 2731 869 2807 horam
890 2758 1023 2807 nonam
1041 2756 1168 2803 avoca·

177 2844 310 2913 bantur
331 2844 378 2912 ad
404 2842 615 2912 solvendum
639 2838 795 2930 precium
819 2863 884 2930 pro
909 2837 1096 2906 frumentis
1123 2836 1168 2905 de

179 2942 352 3015 sententia
387 2958 422 3014 et
452 2944 553 3037 quasi
586 2966 627 3011 ex
654 2955 863 3011 testamento
890 2940 1000 3031 ipsius
1025 2937 1168 3030 publice

177 3047 365 3136 coemptis,
396 3058 577 3140 quactum
593 3039 880 3129 advehebantur,
902 3044 946 3112 de
963 3042 1093 3135 quihus
1108 3063 1168 3110 su-

212 3345 260 3410 ab)
279 3346 310 3401 ln
329 3345 373 3401 ed.
387 3345 414 3402 2.
433 3346 470 3400 ita
488 3345 554 3400 baec
575 3344 720 3427 loquutur:
751 3343 861 3417 „Paulo
875 3351 936 3417 post
948 3344 980 3397 sb
996 3342 1091 3399 amieis
1103 3341 1170 3415 qui-

246 3415 362 3471 busdam
381 3413 549 3488 hospitibus,
572 3433 619 3487 qur
637 3414 670 3469 ad
684 3432 746 3467 eum
762 3413 909 3466 videndum
922 3411 1029 3484 Targae
1044 3431 1168 3467 excurre·

248 3494 319 3546 rant,
337 3485 511 3540 salutabatur.
531 3482 565 3537 lli
578 3493 654 3536 erant
669 3483 765 3537 Pastor
779 3481 916 3536 Ecclesiae
929 3483 986 3537 eius
998 3481 1091 3553 oppidi
1106 3500 1183 3536 cum·

393 3555 494 3608 nodam
514 3568 581 3616 suo,
605 3561 632 3605 et
649 3553 732 3606 Doct.
748 3553 921 3606 Kentmsuno
939 3550 1062 3606 Medico.
1098 3549 1168 3605 Cum

247 3624 288 3679 his
308 3623 316 3675 i
341 3573 546 3677 ciamilisriter
565 3620 658 3695 spacio
679 3620 766 3674 ierme
786 3620 914 3675 dimidiae
934 3619 1021 3675 horae
1038 3621 1071 3674 de
1087 3619 1170 3674 variis

247 3693 330 3747 rebus
348 3701 375 3746 et
397 3691 433 3747 ita
453 3690 594 3777 colloqui,
622 3701 651 3745 ut
673 3691 821 3772 praesentia
841 3691 938 3743 borum
961 3689 1089 3744 delectari
1106 3707 1168 3770 curn

217 3771 454 3890 :aaran
471 3758 824 3911 tta.¹:·a¹.:;:t‘.a::;
845 3758 1169 3910 inlustrat:

247 3898 646 4026 :tttttstttffttttzt
663 3895 1170 4035 ,23⁰3.ttt2⁶.t¹3.t“.':¹².t.:;tt

267 4039 424 4094 ublicorum
445 4034 580 4090 malorum
601 4043 713 4106 propter
733 4044 855 4104 posteros
877 4034 950 4088 allici
964 4043 1046 4106 atque
1061 4040 1170 4106 pertur'·

247 4061 322 4168 ieri,
360 4125 408 4158 uae
423 4104 537 4158 minime
552 4105 711 4158 necessariis
723 4101 917 4156 certaminibus
931 4113 1172 4158 commoverentur

249 4195 264 4228 a
280 4126 465 4246 petulantibus
485 4173 665 4244 quibusdam,
688 4183 713 4226 et
730 4172 787 4226 vim
807 4171 935 4225 afferrent
953 4171 1075 4238 veritati,
1103 4190 1172 4243 quae

248 4244 277 4298 in
297 4240 523 4296 contentionibus
543 4241 631 4295 amitti
649 4243 733 4305 solet,
760 4239 916 4295 confirmari
930 4261 958 4295 se
972 4251 1062 4295 tamen
1076 4241 1105 4294 in
1118 4241 1173 4294 boc

249 4309 346 4365 dolore
359 4326 425 4376 suo,
444 4310 517 4378 quod
532 4309 630 4378 sciret,
651 4310 804 4366 doctrinam
818 4320 972 4363 nostrarum
991 4310 1172 4364 Ecclesiarurn

248 4398 342 4436 veram
361 4395 418 4432 esse
436 4385 463 4430 et
483 4376 601 4430 dilucide
619 4382 787 4462 explicatam.
824 4378 921 4433 Postea
935 4378 1052 4433 addebat
1067 4388 1093 4432 et
1106 4377 1173 4431 baec

250 4449 344 4504 verber
375 4445 398 4500 si
420 4445 474 4516 jam
495 4445 617 4513 morior,
640 4448 769 4518 singulari
789 4445 845 4499 Dei
866 4447 999 4501 beneficio
1019 4446 1174 4518 praecipior

249 4517 327 4572 malis
342 4513 579 4590 impendentibus,
603 4526 629 4570 et
641 4534 743 4570 annuns
758 4513 834 4568 illum
855 4525 1041 4569 monstrosum
1061 4525 1173 4570 naturae

250 4607 351 4642 annum
365 4585 541 4660 appellabat.’'

214 4693 264 4757 86)
282 4694 411 4747 secedere
424 4691 566 4755 uolentes]
583 4685 634 4743 lid.
646 4685 674 4742 2.
693 4687 758 4740 illos
770 4688 950 4740 dsbsssms.

215 4795 261 4863 87)
273 4793 409 4864 futurum
428 4794 522 4847 ds'crsrs
534 4793 600 4861 eto]
626 4789 677 4844 lid.
691 4789 717 4842 2.
736 4792 811 4858 quod
828 4789 933 4841 diones
948 4805 979 4844 ss
991 4805 1111 4856 sperare
1118 4791 1173 4858 ju·

250 4874 349 4917 turum
364 4873 396 4916 ut
404 4863 571 4929 praesentio
586 4869 614 4914 et
625 4860 803 4915 sermonibus
814 4860 952 4926 ipsorum.

214 4968 261 5035 88)
279 4965 342 5018 Etsi
357 4966 452 5033 itaque
460 4967 616 5031 pransum
631 4968 698 5030 etc-i
715 4960 767 5015 Ed.
781 4960 808 5016 2.
822 4960 871 5015 itas
898 4965 957 5032 „ln
970 4979 1026 5033 quo
1041 4981 1103 5017 curn
1119 4964 1173 5018 ob·

249 5032 371 5093 secuturi
386 5032 429 5117 illi
439 5043 542 5100 essent,
561 5032 679 5114 revocati
693 5031 775 5115 paulo
827 5040 852 5084 st
862 5030 939 5084 luere
952 5032 1047 5114 litteris
1059 5051 1172 5117 suorum

249 5102 654 5258 Philiiitiuieiisiiiis'sulhuirierii
658 5100 897 5240 liiiiqiiiiiesirriinni
910 5099 1173 5242 iliisiliisiiliiiiciiiil·

250 5266 295 5310 re,
320 5256 411 5315 stsque
430 5239 483 5295 boe
499 5247 667 5312 postremum
681 5241 810 5305 salutato,
833 5238 969 5295 resalutati
985 5240 1025 5296 illi
1040 5240 1171 5296 discesse-

251 5325 324 5378 ruut,
343 5330 412 5385 quos
423 5322 451 5366 st
463 5309 515 5380 piis
528 5307 600 5364 sotis
614 5306 669 5362 suis
684 5307 885 5379 proficiscentes
902 5320 941 5364 est
953 5308 1138 5382 prosecutus.”

215 5417 264 5488 89)
281 5435 399 5487 quorum
411 5414 515 5484 astaus]
531 5405 587 5468 Ed.
595 5411 621 5467 2.
641 5428 680 5465 ex
693 5409 899 5481 Prossms'dsss
911 5420 1009 5466 tamen
1021 5414 1137 5480 aliquot.

1287 2149 1412 2234 (Preces,
1430 2171 1500 2225 quae
1515 2173 1592 2238 naqa
1609 2165 1773 2228 sequemur,
1791 2155 1825 2212 ed
1838 2157 1953 2214 res-bam
1965 2155 2132 2214 conmuiunt
2146 2176 2211 2215 osas

1317 2223 2039 2368 liii..¹⁸si“ii.'i¹‘c¹it.ili⁸ii‘ifaii‘ffiimii'
2072 2225 2217 2301 '‘ml''

1287 2494 1385 2568 llaec
1406 2522 1487 2570 cum
1503 2499 1552 2571 ita
1568 2515 1784 2593 perorasset,
1810 2503 1987 2598 acquievit
2007 2504 2213 2600 aliquantu-

1217 2601 1312 2687 lum,
1346 2613 1463 2690 postea
1487 2601 1637 2674 sublatis
1660 2604 1773 2675 oculis
1796 2607 1843 2677 ad
1864 2628 2035 2699 generum
2061 2631 2212 2691 conver·

1219 2726 1297 2784 sus,
1328 2698 1428 2794 Ego,
1460 2702 1600 2798 inquit,
1632 2704 1672 2775 in
1698 2720 1814 2778 morte
1839 2707 1913 2796 fui,
1946 2710 2005 2780 sed
2032 2704 2212 2782 Dominus

1219 2806 1411 2876 clementer
1433 2806 1580 2879 retraxit
1605 2831 1674 2883 me.
1723 2804 1804 2881 Hoc
1830 2809 1897 2882 etsi
1916 2811 1962 2881 de
1987 2812 2213 2903 praecedenti

1219 2907 1377 3002 deliquio
1401 2907 1514 2977 animi
1536 2906 1842 3001 intelligebamus,
1873 2926 1991 2985 tamen
2007 2937 2088 2984 curu
2103 2913 2141 2982 id
2157 2936 2214 2985 se-

1219 3010 1338 3080 cundo
1369 3023 1544 3101 repeteret
1572 3012 1618 3084 ad
1651 3011 1740 3083 alios
1773 3014 1898 3101 ctiam,
1935 3013 2214 3107 suspicabamur

1220 3136 1301 3182 eum
1316 3125 1393 3183 tum
1408 3112 1524 3184 luctae
1536 3112 1673 3207 aliquid
1688 3115 1910 3192 sustinuisse.
1960 3113 2054 3189 Cum
2067 3139 2150 3208 ergo
2170 3140 2213 3188 ex

1220 3213 1418 3286 astantibus
1434 3237 1528 3286 uuus
1543 3215 1692 3297 diceret:
1718 3214 1827 3289 Nulla
1844 3242 1942 3290 nunc
1959 3218 2210 3291 condemnatio

1220 3312 1296 3402 his,
1328 3314 1392 3409 qui
1419 3316 1459 3385 in
1481 3311 1626 3388 Christo
1653 3314 1731 3390 lesu
1763 3321 1959 3394 ambulant
2027 3316 2105 3413 lpse
2127 3336 2212 3391 snos

1221 3418 1396 3490 subdebat
1410 3413 1474 3515 ⁴²)t
1523 3413 1688 3491 Christus
1720 3421 1836 3495 lactus
1867 3438 1921 3497 est
1947 3421 2054 3495 nobis
2085 3445 2105 3491 a
2131 3418 2211 3493 Deo
2238 3497 2240 3500 Α

1221 3520 1414 3613 sapientia,
1454 3519 1612 3603 iusticia,
1648 3525 1896 3613 sanctificatio,
1932 3537 1968 3596 et
2000 3524 2212 3616 redemptio.

1222 3622 1272 3695 Ut
1286 3623 1586 3717 quemadmodum
1604 3622 1775 3718 scriptum
1790 3643 1858 3700 est:
1895 3624 1969 3717 Qui
1982 3623 2157 3716 gloriatur
2171 3627 2211 3695 in

1221 3722 1378 3796 Domino
1401 3725 1584 3814 glorietur.
1633 3720 1683 3797 Et
1698 3752 1801 3823 saepe
1816 3725 1881 3801 has
1898 3753 2000 3803 voces
2015 3728 2212 3820 repetebat:

1221 3824 1377 3898 Domine
1391 3827 1558 3903 miserere
1575 3827 1644 3898 mci
1656 3827 1664 3898 !
1739 3868 1742 3873 ·

1323 3926 1452 3998 Pulsus
1469 3943 1587 3999 autem
1602 3953 1811 4000 evanescere
1826 3946 1860 4003 et
1877 3948 2031 4006 extrema
2051 3937 2210 4006 membra

1223 4032 1428 4121 frigescere,
1452 4031 1636 4121 respiratio
1650 4033 1756 4103 etiam
1770 4032 1847 4105 lieri
1864 4037 2092 4124 concitatior,
2115 4038 2212 4110 oculi

1224 4148 1257 4205 et
1273 4132 1387 4224 iuguli
1402 4132 1596 4218 subsidere,
1622 4147 1728 4228 atque
1743 4136 1865 4207 omnia
1880 4138 1919 4209 in
1935 4163 2095 4229 summa,
2114 4164 2215 4227 mor-¹

1224 4251 1294 4307 tem
1311 4234 1548 4329 propinquam
1570 4239 1777 4324 ostendere,
1802 4262 1918 4335 neque
1938 4242 2140 4339 paroxysmi
2158 4241 2213 4313 ie·
2242 4278 2246 4283 ·

1224 4338 1326 4408 brilis
1348 4336 1524 4420 recursio,
1556 4340 1617 4409 sed
1642 4339 1808 4411 debilitas
1829 4342 1886 4410 vel
1904 4343 2073 4436 collapsio
2094 4345 2214 4436 potius

1225 4441 1355 4510 virium
1379 4455 1533 4511 extrema
1551 4441 1686 4515 sentiri.
1729 4438 1830 4514 Nihil
1843 4457 1959 4516 tamen
1975 4446 2218 4535 omittebatur,

1226 4542 1315 4611 sicut
1330 4566 1394 4633 par
1408 4557 1479 4627 est,
1497 4543 1660 4612 omnium
1678 4569 1768 4638 quae
1783 4546 1860 4615 fieri
1876 4561 2042 4639 poterant
2056 4562 2091 4621 et
2106 4550 2216 4619 debe-

1225 4646 1323 4714 bant.
1351 4640 1473 4736 ltaque
1489 4657 1531 4714 ut
1544 4644 1679 4740 aliquid
1702 4647 1831 4718 virium
1846 4650 2088 4741 recolligeret,
2103 4651 2217 4721 intet-

1224 4746 1415 4836 rogabatur
1437 4769 1482 4815 an
1503 4745 1575 4816 cibi
1598 4748 1736 4841 aliquid
1759 4772 1936 4823 assumere
1958 4752 2085 4838 vellet,
2117 4754 2215 4847 quod

1226 4873 1306 4919 cum
1322 4847 1624 4938 interrogantibus
1641 4851 1879 4940 permitteret,
1899 4855 2051 4947 amplius
2066 4879 2218 4950 quaere-

1224 4950 1330 5021 batur
1340 4975 1387 5020 an
1402 4950 1580 5022 iusculum
1592 4951 1709 5036 vellet,
1729 4978 1881 5050 cumque
1896 4971 2079 5042 annueret,
2095 4957 2217 5028 statim

1224 5066 1432 5146 apparatum
1455 5052 1524 5125 fuit
1547 5077 1661 5124 unum
1686 5076 1727 5126 ex
1750 5058 1918 5130 cerevisia
1941 5057 2220 5150 Hsmburgensi,

1257 5245 1303 5312 40)
1320 5250 1383 5310 ress]
1404 5243 1492 5304 ΕΜ.
1510 5250 1600 5314 quasi.

1256 5329 1304 5396 ll)
1323 5333 1375 5396 ex]
1393 5329 1443 5387 Ed.
1455 5330 1481 5385 2.
1498 5334 1545 5386 de.

1259 5417 1304 5484 42)
1322 5417 1470 5482 subdebat]
1490 5414 1541 5472 Ed.
1552 5416 1578 5473 9.
1596 5416 1764 5471 sustentor.
