4748 6022
56 270 133 354 786
654 267 1075 364 Quousrtonus
1109 254 1506 341 aca‘uuottcan.
1837 285 1840 290 ’
2033 287 2106 359 735

59 449 170 521 etiam
188 470 265 518 sem
290 444 423 535 ipsam,
449 439 519 515 hoc
540 456 613 535 est,
640 443 795 514 officium
821 443 996 528 docendi,
1022 456 1056 513 et
1080 440 1086 577 1
1109 439 1149 508 in
1167 447 1305 509 natura
1322 434 1528 525 etmateria
1546 435 1673 508 omnia
1678 433 1773 530 fieri
1792 449 2016 537 necessario,
2042 451 2111 524 sed

57 554 218 624 laborem
234 546 444 617 confutandi
459 546 678 617 adversarios
686 542 887 636 Evangelii,
909 547 945 616 id
959 547 1055 639 quod
1109 539 1220 611 etiam
1238 537 1463 611 volantatem
1479 538 1520 609 in
1539 532 1774 631 hominibus,
1802 546 1897 619 velut
1920 550 2105 650 captivam

57 653 194 726 Paulus
217 662 320 719 vocat
342 650 478 720 bonum
501 673 607 741 opus,
632 661 666 717 et
687 644 851 719 Christus
874 650 976 718 dicit:
1001 648 1076 727 Sit,
1108 643 1312 715 necessario
1345 667 1475 736 agere,
1511 640 1586 712 sive
1612 637 1787 719 honestae
1801 640 1804 650 ’
1820 649 1897 721 sint
1931 656 2104 746 actiones,

58 770 176 826 vester
192 753 379 840 minister„
416 750 522 822 Tales
540 765 623 820 sunt
640 752 733 819 dona
751 750 836 836 Dei,
862 754 906 821 de
925 751 1056 845 quibus
1108 746 1183 818 sive
1201 742 1424 817 sceleratae?

57 856 194 928 Paulus
209 880 250 925 cx
266 853 405 923 Psalmo
420 852 524 938 dicit,
550 867 590 924 ut
606 847 713 922 hodie
726 854 892 925 audistis:
919 851 1055 923 Ascen-
1209 847 1285 919 Etsi
1303 864 1420 918 autem
1437 848 1567 919 veritas
1582 852 1625 919 de
1641 845 1707 920 hac
1724 859 1963 928 controversia
1981 860 2018 930 in
2037 859 2104 934 hac
2227 933 2230 939 ,
2250 939 2252 947 ,

59 963 149 1030 dens
171 954 336 1028 Christus
361 956 399 1024 in
429 956 561 1040 altum,
590 955 688 1025 dedit
709 956 807 1026 dona
838 952 1054 1024 hominibus.
1107 947 1227 1023 schola
1244 948 1311 1020 Dei
1334 951 1506 1020 beneficio
1523 951 1607 1022 eatis
1624 955 1794 1044 patefacta
1810 970 1880 1046 est,
1902 975 2021 1033 tamen
2045 991 2102 1035 re-

58 1063 165 1136 Dona
199 1061 249 1130 sic
285 1057 446 1150 exponit:
494 1054 603 1127 Dedit
637 1060 810 1151 quosdam
845 1056 1054 1149 Apostolos,
1108 1055 1231 1147 petitio
1259 1066 1294 1123 et
1327 1052 1483 1122 illustrat
1523 1077 1684 1141 causam,
1719 1071 1753 1127 et
1786 1075 1879 1130 recte
1913 1059 2103 1139 sentientes

59 1166 234 1260 quosdam
251 1155 458 1252 Prophetas,
484 1161 656 1254 quosdam
673 1156 940 1249 Evangelistas,
965 1160 1054 1228 alios
1108 1158 1302 1227 confirmat.
1354 1152 1401 1225 Et
1416 1151 1599 1244 Epictetus
1616 1157 1749 1252 inquit:
1777 1158 1858 1231 Non
1881 1166 1984 1235 facile
2003 1194 2103 1239 men-

60 1279 177 1337 autem
195 1264 358 1335 Pastores
371 1275 406 1333 et
421 1259 605 1347 Doctores,
626 1264 670 1332 ad
688 1263 967 1332 aedificationem
985 1258 1056 1331 Ec·
1109 1275 1159 1330 tes
1175 1262 1303 1349 dogma
1320 1258 1467 1350 aliquod
1482 1257 1830 1351 firmiter'amplecti‚
1857 1267 1925 1335 nisi
1943 1258 2102 1361 quotidie

59 1370 186 1439 clesiae
202 1361 356 1445 Christi,
381 1379 445 1438 etc.
497 1360 1055 1454 DeushonoravithuncMagi·
1108 1364 1230 1431 eadem
1257 1361 1376 1431 dicant
1400 1373 1435 1430 ει
1464 1360 1630 1442 audiant,
1666 1376 1700 1432 et
1724 1387 1824 1454 veras
1852 1375 2042 1442 sententias
2065 1376 2104 1444 in

58 1485 172 1541 strum
182 1459 424 1553 Melchiorcrn
440 1466 572 1555 insigni
589 1467 791 1536 eruditione
805 1479 839 1536 et
854 1467 1055 1555 cognitione
1107 1465 1179 1533 vita
1194 1464 1238 1532 ad
1259 1487 1363 1532 usum
1377 1462 1601 1538 transierant.
1654 1461 1706 1534 Ac
1729 1489 1796 1535 nos
1811 1469 1955 1560 quidem
1978 1474 2016 1542 in
2032 1472 2103 1545 Ec-

59 1568 195 1644 Christi
208 1573 246 1639 in
265 1570 392 1638 sanctis
406 1569 608 1658 scripturis,
632 1582 672 1639 ut
689 1569 761 1662 ipse
776 1567 970 1639 declaravit
986 1593 1056 1637 nu·
1109 1566 1210 1635 clesia
1226 1568 1412 1657 praecipue
1429 1565 1518 1654 opus
1539 1579 1589 1636 est
1607 1566 1724 1636 firmas
1747 1568 1977 1643 refutationes
1991 1576 2104 1649 Stoici

59 1699 124 1768 per
140 1675 178 1743 in
197 1672 338 1764 publica
355 1671 608 1763 disputatione.
661 1669 762 1760 Quos
776 1695 858 1762 ergo
874 1669 971 1740 Deus
988 1665 1055 1739 ho·
1109 1668 1192 1738 Fati
1214 1680 1354 1750 tenere,
1386 1681 1421 1736 et
1443 1681 1591 1757 propter
1609 1669 1756 1758 gloriam
1781 1668 1868 1759 Dei,
1903 1689 1937 1746 et
1959 1695 2104 1771 propter

60 1777 223 1860 noravit,
249 1777 418 1844 debemus
439 1788 474 1845 et
498 1798 564 1844 nos
586 1769 774 1847 honorare.
825 1772 950 1843 Postea
970 1797 1054 1841 vero
1108 1793 1227 1838 veram
1251 1769 1526 1840 invocationem.
1585 1767 1893 1846 Contumeliosum
1925 1795 1977 1850 est
2006 1783 2102 1853 enim

62 1903 143 1949 cum
162 1874 219 1947 hic
233 1870 422 1946 Melchior
435 1877 628 1969 susceperit
641 1900 744 1946 suum
763 1878 896 1944 bonum
915 1899 1004 1967 opus
1022 1887 1055 1944 et
1107 1874 1277 1942 adversus
1290 1869 1425 1955 Deum,
1451 1865 1638 1944 detrahere
1654 1874 1685 1943 ci
1709 1875 1926 1966 libertatem,
1951 1907 2102 1979 eumque

62 1981 236 2066 officium,
263 1994 297 2050 et
319 1982 433 2048 iactus
456 1980 564 2049 inerit
586 1979 738 2047 aliorum
760 1976 944 2058 minister,
970 1991 1056 2047 tunc
1107 1969 1208 2068 quasi
1243 1975 1287 2042 de
1314 1987 1434 2043 catena
1458 1970 1649 2045 Homerica
1682 1977 1840 2049 vinctum
1874 1989 2104 2076 suspendere.

61 2083 217 2177 primum
244 2077 455 2165 sentiet,'se
487 2104 562 2148 non
591 2092 662 2149 tam
694 2080 850 2148 nominis
880 2076 1054 2149 bonorem
1108 2075 1410 2148 contumeliosius
1440 2075 1640 2156 estonam,
1668 2080 1782 2148 fateare
1806 2106 1888 2152 eum
1914 2084 2101 2159 authorem

61 2185 270 2279 quaesiisse,
296 2206 401 2276 quam
427 2181 585 2251 laborem
602 2195 638 2251 et
651 2176 823 2254 dolorem.
876 2182 935 2252 Sic
959 2183 1055 2250 enim
1109 2178 1281 2247 scelerum
1296 2174 1448 2262 Paridis,
1468 2174 1632 2263 Neronis,
1650 2195 1684 2250 et
1699 2182 1881 2256 similium.
1919 2186 2103 2262 Necenim

60 2289 223 2357 fecerunt
238 2299 272 2353 et
288 2277 494 2373 Prophetis,
519 2284 581 2376 qui
599 2284 744 2354 suerunt
760 2297 841 2354 ante
857 2309 932 2358 vos.
981 2280 1057 2374 En
1107 2280 1195 2349 falsa
1221 2292 1255 2348 et
1276 2280 1482 2348 detestanda
1502 2283 1679 2350 excusatio
1699 2285 1877 2355 aradienda
1900 2304 1970 2375 est,
1996 2318 2102 2384 quarn

60 2402 163 2481 pm„
181 2387 284 2455 md,
298 2383 482 2475 Magistro,
532 2383 627 2460 Dixi,
720 2412 729 2429 ·
1108 2382 1259 2451 recitant
1272 2395 1306 2450 et
1321 2382 1466 2474 quidam
1486 2380 1702 2473 interpretes
1718 2384 1962 2485 Longobardi:¹
1986 2392 2104 2466 Deum

582 2507 585 2511 ¹
1108 2508 1184 2553 non
1201 2507 1362 2574 peecare,
1386 2482 1542 2569 etiamsi,
1566 2497 1608 2554 ut
1631 2508 1751 2570 causa,
1777 2490 1922 2562 adiuvet
1941 2490 2104 2569 homines

316 2655 320 2663 Ι
1109 2586 1239 2657 scelera
1263 2598 1520 2675 perpetrantes:
1554 2587 1637 2679 quia
1657 2613 1737 2657 cum
1754 2588 1850 2661 Deus
1865 2595 1911 2663 sit
1927 2620 2033 2688 supra
2052 2602 2104 2669 le-

74 2671 243 2799 Μ
788 2674 841 2740 19·
856 2676 945 2736 Febr.
962 2676 1056 2738 1549·
1109 2710 1203 2777 gem,
1227 2687 1333 2756 licere
1352 2686 1423 2778 ipsi
1444 2686 1558 2755 facere
1581 2687 1750 2783 quicquid
1772 2693 1869 2767 libet.
1923 2694 1960 2769 Ο
1978 2714 2104 2775 tetram

133 2871 167 2925 ιο
182 2870 299 2941 Quaen.
319 2842 346 2936 Ρ..
360 2865 394 2918 88
407 2882 468 2937 sqq.
506 2851 577 2921 taem
597 2864 625 2918 ἰή
642 2866 709 2921 ΜΛ.
724 2769 1055 2949 eoum
1109 2814 1250 2874 vocem,
1276 2804 1310 2858 ct
1327 2811 1472 2880 prorsus
1488 2811 1530 2858 ex
1543 2784 1699 2861 Ecclesia
1715 2796 1993 2886 explodendam,
2020 2806 2105 2898 quia
2123 2868 2131 2874 .

165 2952 192 2993 u
224 2940 251 2993 in
278 2938 331 2993 set.
352 2936 504 2992 tractarunt.
522 2932 557 2986 Τ.
577 2934 622 2989 ΠΙ,
643 2955 670 3006 P·
689 2935 750 2992 798.
771 2949 799 2991 a
818 2939 851 2992 T.
874 2936 921 2990 m·
944 2935 1057 2990 msere.
1109 2890 1225 2962 Deum
1253 2891 1405 2961 similem
1431 2890 1516 2960 facit
1544 2893 1761 2984 turpissimis
1790 2911 1826 2969 et
1850 2904 2105 2993 crudelissimis

168 3010 224 3065 tit.
245 3009 278 3066 c.
295 3014 319 3062 1.
354 3002 529 3062 nicharon.
546 3004 598 3058 111.
617 3005 716 3076 pert.
1110 2994 1290 3088 tyrannis,
1322 3017 1476 3087 quorum
1508 2993 1646 3065 furores
1678 2996 1779 3070 nttlla
1809 3001 1886 3092 lege
1919 3023 2104 3096 reguntur.

1109 3094 1231 3186 Longe
1251 3096 1353 3166 aliter
1376 3091 1520 3165 de‘Deo
1541 3099 1767 3169 sentiendum
1792 3116 1863 3185 est,
1888 3109 2105 3202 quia·legem

65 3165 239 3292 Quaestio
253 3167 300 3240 de
314 3171 403 3238 Fato
417 3170 566 3254 Stoico,
592 3169 760 3271 recitata
774 3188 799 3238 a
814 3168 914 3263 Mag.
932 3169 979 3238 M
983 3160 1056 3237 αἰ-
1110 3221 1208 3268 suam
1230 3197 1310 3268 ideo
1332 3197 1512 3289 patefecit,
1545 3215 1585 3270 ut
1608 3224 1753 3291 prom,
1774 3205 1877 3277 talem
1901 3233 1974 3282 ωε
1994 3213 2123 3305 ipsiu,

89 3273 197 3346 theo
222 3267 557 3358 Lauteewotd,
582 3273 769 3362 PWi‘m‘ls
795 3270 830 3344 d·
852 3270 908 3344 ¹9·
926 3268 1030 3342 Febr·
1110 3313 1265 3370 mentem
1288 3313 1321 3370 et
1341 3300 1560 3368 voluntatem
1582 3304 1752 3390 sciamus,
1775 3309 1895 3400 qualia
1918 3320 2105 3408 praecepit.

502 3370 610 3447 ¹549·
769 3479 774 3488 Ι
1109 3400 1182 3472 Nec
1204 3402 1281 3473 vult
1296 3399 1393 3471 Deus
1415 3425 1573 3494 unquam
1591 3428 1655 3473 nec
1668 3410 1859 3497 approbat,
1882 3437 1947 3483 nec
1961 3419 2106 3493 adiuvat

62 3497 157 3582 Non
179 3509 295 3580 solum
318 3530 384 3577 nos
411 3519 552 3576 excusat
574 3506 794 3582 consuetudo
811 3499 971 3584 scholae,
995 3505 1058 3597 qui
1111 3506 1184 3574 ulla
1199 3527 1305 3594 opera
1325 3503 1520 3593 pugnantia
1538 3527 1617 3572 cum
1640 3529 1702 3576 sua
1716 3508 1804 3598 lege.
1855 3509 1990 3587 Eadem
2009 3521 2106 3591 enim

64 3612 208 3683 dicendi
230 3625 346 3703 partes
366 3604 435 3678 hoc
458 3609 536 3677 loco
559 3607 663 3675 nobis
677 3630 752 3676 non
768 3621 890 3677 nostro
909 3607 1058 3677 consilio
1112 3620 1271 3697 pugnant
1290 3629 1370 3674 cum
1393 3604 1504 3694 ipsius
1528 3620 1645 3677 mente
1666 3623 1700 3680 et
1715 3611 1915 3702 voluntate,
1942 3644 2032 3712 quae
2052 3636 2105 3695 ece

63 3716 257 3796 sumimus,
282 3713 344 3781 sed
360 3734 379 3779 a
398 3710 686 3801 praeceptoribus
706 3709 889 3799 impositas¹
905 3709 1058 3780 sustine·
1110 3706 1343 3779 immutabilis
1360 3731 1486 3776 norma
1504 3708 1672 3780 iusticias.

62 3840 163 3899 mus,
193 3814 324 3907 quibus
347 3809 493 3880 obedire
515 3833 655 3879 necesse
680 3825 747 3882 est:
780 3813 841 3880 sed
865 3836 927 3881 vos
951 3811 1056 3881 etiam
1212 3808 1396 3880 Praeterea
1413 3809 1442 3878 si
1458 3812 1653 3883 necessario
1670 3814 1839 3889 eveniunt
1856 3820 1998 3906 omnia,
2016 3825 2104 3917 quid

62 3915 240 4000 hortatur,
266 3929 306 3985 ut
321 3913 495 4005 patienter
510 3935 575 3981 nos
590 3912 759 3996 audiatis,
785 3927 819 3984 et
835 3915 973 3983 veniam
990 3939 1058 3984 no·
1111 3913 1258 4006 prodest
1285 3912 1489 3983 invocatio?
1529 3910 1599 3983 Hic
1625 3940 1708 3986 vero
1738 3919 1843 3988 etiam
1879 3922 2106 4015 impudenter
2209 3910 2212 3917 ’

63 4036 157 4092 strae
175 4016 330 4088 orationi
346 4015 447 4086 detis.
498 4012 539 4083 ld
558 4015 622 4084 etsi
637 4029 762 4106 sponte
779 4030 813 4086 et
829 4029 945 4087 vestro
960 4017 1058 4086 iudi·
1111 4013 1222 4086 Stoici
1246 4014 1394 4087 confessi
1418 4028 1519 4099 sunt,
1548 4011 1642 4087 nihil
1664 4024 1949 4111 camprodesse,
1971 4029 2105 4100 necfa-
2204 4029 2209 4037 ’

64 4125 120 4195 cio
135 4121 260 4205 facitis,
285 4132 404 4189 tamen
420 4111 609 4187 honestum
622 4131 691 4199 est,
717 4118 875 4188 iuniores
892 4143 1058 4188 reveren·
1112 4117 1276 4187 ciendum
1295 4142 1368 4186 esse
1385 4110 1514 4210 χρείας
1530 4113 1654 4205 ἕνεκα,
1683 4117 1775 4193 ἀλλὰ
1792 4120 2039 4220 εὐχαριστίας,
2067 4132 2106 4201 id

63 4240 119 4296 ter
141 4239 276 4316 petere,
303 4233 344 4290 ut
366 4242 489 4290 eorum
513 4218 712 4289 orationem
734 4221 772 4288 in
792 4222 937 4313 publico
955 4234 1058 4291 coetu
1111 4233 1180 4303 cst,
1206 4244 1279 4288 non
1300 4233 1340 4290 ut
1362 4243 1466 4309 opem
1489 4221 1582 4290 ierat
1603 4222 1865 4315 indigentibus,
1891 4233 1950 4300 sed
1970 4245 2009 4302 ut
2024 4255 2106 4321 gra-

64 4327 221 4399 seniores
236 4322 322 4393 boni
338 4321 536 4403 consulant.
576 4318 696 4410 Quare
712 4322 816 4392 initio
831 4347 892 4393 vos
908 4347 990 4408 oro,
1013 4347 1058 4392 ne
1111 4321 1177 4391 tias
1191 4344 1334 4411 agamus
1349 4321 1527 4391 condituri
1544 4345 1683 4410 rerum,
1706 4329 1802 4420 quod
1820 4331 1982 4402 ordinem
1999 4349 2106 4408 natu-

64 4455 122 4499 me
142 4428 269 4498 fiducia
292 4424 446 4514 ingenii,
469 4425 530 4493 sed
553 4438 593 4496 ut
615 4426 903 4517 praeceptoribus
919 4427 1057 4496 obtem·
1112 4449 1170 4494 rae
1189 4423 1400 4508 instituerit,
1424 4436 1466 4493 ut
1482 4426 1614 4517 species
1628 4443 1798 4501 servetur.

65 4554 245 4625 perarem,
275 4528 473 4595 orationem
493 4520 562 4596 hoc
586 4527 664 4597 loco
688 4522 819 4598 habere
843 4527 1060 4613 existimetis,
1214 4524 1269 4597 Ex
1294 4520 1360 4595 hac
1377 4526 1478 4594 brevi
1501 4533 1837 4627 commemoratione
1854 4536 1937 4604 satis
1954 4537 2127 4628 intelligi

65 4634 197 4705 deinde
221 4643 261 4700 ut
285 4629 579 4718 disputationem,
605 4654 710 4722 quam
742 4654 958 4723 proponam,
982 4655 1058 4700 non
1111 4644 1237 4722 potest,
1260 4631 1299 4699 in
1317 4624 1470 4699 Ecclesia
1488 4630 1641 4700 maxime
1657 4658 1746 4724 opus
1764 4659 1855 4718 esse,
1880 4650 1921 4705 ut
1938 4641 2105 4710 adversus

64 4735 239 4827 gravatim
265 4729 434 4813 audiatis,
465 4732 669 4818 praesertim
701 4757 781 4802 cum
810 4749 1057 4824 argumentum
1113 4733 1251 4801 Stoicos
1268 4733 1405 4801 iterares
1427 4731 1538 4800 aniani
1555 4732 1644 4802 bene
1661 4738 1975 4825 praemuniantur,
2002 4765 2105 4830 prae-

64 4839 155 4911 utile
173 4836 218 4904 sit
240 4834 284 4902 ad
308 4832 555 4900 illustrandam
576 4832 724 4919 gloriam
741 4835 829 4920 Dei,
854 4852 887 4906 ει
911 4839 954 4906 ad
981 4860 1060 4904 mo·
1113 4835 1233 4902 sertim
1257 4859 1337 4902 curn
1364 4833 1499 4926 alioqui
1525 4835 1705 4903 mentibus
1732 4835 1770 4903 in
1795 4836 2018 4909 invocatione
2040 4844 2107 4912 ob-

64 4965 148 5012 rum
173 4933 477 5027 gubernationem.
535 4929 589 5001 Ne
613 4934 796 5004 citantem
817 4937 954 5025 ingrata
975 4960 1060 5026 pro·
1113 4947 1245 5025 strepat
1260 4928 1328 5003 hoc
1343 4948 1608 5022 argumentum:
1637 4931 1735 5021 Quid
1751 4939 1841 5028 petis
1858 4940 2106 5014 liberationem
2224 4989 2226 4994 ·

65 5044 204 5120 linitas,
230 5038 307 5107 sine
331 5033 491 5123 longiore
506 5033 651 5102 exordio
668 5038 908 5127 quaestionem
929 5060 1061 5128 propo·
1113 5036 1152 5103 in
1176 5035 1363 5127 periculo?
1393 5038 1535 5105 vincent
1559 5035 1695 5114 morbi,
1723 5052 1784 5110 aut
1807 5042 1896 5111 aliae
1918 5062 2030 5135 pestes
2047 5071 2107 5117 or-

65 5173 116 5217 no
137 5158 311 5224 veterem,
336 5151 371 5208 et
393 5159 496 5229 saepe
518 5160 536 5204 a
558 5129 810 5225 Theologiset
832 5131 1060 5227 Philosophis
1113 5137 1198 5206 dine
1219 5150 1383 5222 naturae,
1410 5137 1471 5229 qui
1497 5160 1571 5204 noo
1600 5150 1769 5215 mutatur.
1817 5141 1917 5237 Haec
1939 5150 2106 5243 cogitatio
2225 5164 2236 5179 '

65 5249 248 5341 agitatam:
862 5304 864 5308 .
1112 5264 1215 5332 saepe
1230 5240 1444 5330 languefacit
1458 5239 1731 5311 invocationem.

170 5347 230 5419 An
259 5343 309 5414 sit
336 5364 419 5411 ocra
442 5339 623 5411 sententia
650 5336 847 5409 stoicorum
870 5333 912 5408 de
933 5334 1063 5438 fatali
1212 5339 1290 5412 Etsi
1311 5354 1427 5410 autem
1450 5363 1577 5431 magna
1601 5343 1801 5417 absurditas
1818 5362 1870 5419 est
1888 5348 2027 5420 Stoicae
2043 5376 2108 5423 ne-

66 5452 297 5532 necessitate,
322 5439 391 5515 hoc
406 5452 476 5530 est,
500 5467 596 5542 puae
618 5437 818 5538 adfirmat,
844 5466 918 5514 non
938 5438 1060 5514 solam
1082 5500 1087 5526 ,
1111 5445 1297 5526 cessitatis,
1332 5456 1458 5617 tarttgrpJ
1479 5444 1692 5536 excogitatae
1719 5465 1805 5523 sunt
1828 5453 2038 5546 praestigiae
2062 5457 2107 5527 ad

116 5563 297 5629 Mosarna.
316 5554 419 5618 Ocra.
449 5554 531 5619 Vos.
548 5553 594 5619 X.
