<?xml version="1.0" encoding="UTF-8"?>
<!DOCTYPE html PUBLIC "-//W3C//DTD XHTML 1.0 Transitional//EN"
    "http://www.w3.org/TR/xhtml1/DTD/xhtml1-transitional.dtd">
<html xmlns="http://www.w3.org/1999/xhtml" xml:lang="en" lang="en">
 <head>
  <title>
</title>
<meta http-equiv="Content-Type" content="text/html;charset=utf-8" />
  <meta name='ocr-system' content='tesseract 3.04.00' />
  <meta name='ocr-capabilities' content='ocr_page ocr_carea ocr_par ocr_line ocrx_word'/>
</head>
<body>
  <div class='ocr_page' id='page_1' title='image "./philippimelanth18melagoog/philippimelanth18melagoog_0468.png"; bbox 0 0 4748 6022; ppageno 0'>
   <div class='ocr_carea' id='block_1_1' title="bbox 165 271 2208 422">
    <p class='ocr_par' dir='ltr' id='par_1_1' title="bbox 165 271 2208 422">
     <span class='ocr_line' id='line_1_1' title="bbox 165 271 2208 422; baseline 0.003 -15"><span class='ocrx_word' id='word_1_1' title='bbox 165 327 243 407; x_wconf 83' lang='lat' dir='ltr'><strong>sss</strong></span> <span class='ocrx_word' id='word_1_2' title='bbox 750 324 1183 422; x_wconf 80' lang='lat' dir='ltr'><strong>Quausrtouns</strong></span> <span class='ocrx_word' id='word_1_3' title='bbox 1221 291 1646 408; x_wconf 78' lang='lat' dir='ltr'><strong>acanuurcAn</strong></span> <span class='ocrx_word' id='word_1_4' title='bbox 1929 271 1932 283; x_wconf 33' lang='lat'>¹</span> <span class='ocrx_word' id='word_1_5' title='bbox 2132 337 2208 414; x_wconf 90' lang='lat' dir='ltr'><strong>sss</strong></span> 
     </span>
    </p>
   </div>
   <div class='ocr_carea' id='block_1_2' title="bbox 165 497 2233 2035">
    <p class='ocr_par' dir='ltr' id='par_1_2' title="bbox 165 489 2233 2035">
     <span class='ocr_line' id='line_1_2' title="bbox 167 497 2205 607; baseline 0 -27"><span class='ocrx_word' id='word_1_6' title='bbox 167 505 277 580; x_wconf 81' lang='lat' dir='ltr'>Sedet</span> <span class='ocrx_word' id='word_1_7' title='bbox 300 507 346 576; x_wconf 92' lang='lat' dir='ltr'><strong>ad</strong></span> <span class='ocrx_word' id='word_1_8' title='bbox 370 506 529 575; x_wconf 83' lang='lat' dir='ltr'><strong>dextram</strong></span> <span class='ocrx_word' id='word_1_9' title='bbox 553 503 688 576; x_wconf 89' lang='lat' dir='ltr'><strong>aeterni</strong></span> <span class='ocrx_word' id='word_1_10' title='bbox 711 501 839 596; x_wconf 88' lang='lat' dir='ltr'><strong>patris,</strong></span> <span class='ocrx_word' id='word_1_11' title='bbox 865 503 956 572; x_wconf 88' lang='lat' dir='ltr'><strong>dans</strong></span> <span class='ocrx_word' id='word_1_12' title='bbox 977 504 1073 572; x_wconf 91' lang='lat' dir='ltr'><strong>dona</strong></span> <span class='ocrx_word' id='word_1_13' title='bbox 1095 497 1163 572; x_wconf 91' lang='lat' dir='ltr'><strong>ho·</strong></span> <span class='ocrx_word' id='word_1_14' title='bbox 1211 503 1366 574; x_wconf 87' lang='lat' dir='ltr'><strong>subiecta</strong></span> <span class='ocrx_word' id='word_1_15' title='bbox 1384 515 1438 574; x_wconf 88' lang='lat' dir='ltr'><strong>est</strong></span> <span class='ocrx_word' id='word_1_16' title='bbox 1454 504 1623 589; x_wconf 78' lang='lat' dir='ltr'>creatori,</span> <span class='ocrx_word' id='word_1_17' title='bbox 1648 519 1688 576; x_wconf 91' lang='lat' dir='ltr'><strong>ut</strong></span> <span class='ocrx_word' id='word_1_18' title='bbox 1707 529 1911 598; x_wconf 81' lang='lat' dir='ltr'>quanquam</span> <span class='ocrx_word' id='word_1_19' title='bbox 1929 504 2068 607; x_wconf 72' lang='grc' dir='ltr'><strong><em>στοργὴ</em></strong></span> <span class='ocrx_word' id='word_1_20' title='bbox 2084 509 2123 601; x_wconf 76' lang='lat' dir='ltr'><strong>ip</strong></span> <span class='ocrx_word' id='word_1_21' title='bbox 2142 536 2205 603; x_wconf 88' lang='lat' dir='ltr'><strong>pa·</strong></span> 
     </span>
     <span class='ocr_line' id='line_1_3' title="bbox 166 602 2205 703; baseline 0.001 -22"><span class='ocrx_word' id='word_1_22' title='bbox 166 611 336 685; x_wconf 78' lang='lat' dir='ltr'>minibus.</span> <span class='ocrx_word' id='word_1_23' title='bbox 387 603 491 677; x_wconf 87' lang='lat' dir='ltr'><strong>Hanc</strong></span> <span class='ocrx_word' id='word_1_24' title='bbox 511 605 746 700; x_wconf 87' lang='lat' dir='ltr'><strong>praesentiam</strong></span> <span class='ocrx_word' id='word_1_25' title='bbox 767 605 834 676; x_wconf 86' lang='lat' dir='ltr'><strong>filii</strong></span> <span class='ocrx_word' id='word_1_26' title='bbox 848 602 916 676; x_wconf 92' lang='lat' dir='ltr'><strong>Dei</strong></span> <span class='ocrx_word' id='word_1_27' title='bbox 940 628 1043 697; x_wconf 89' lang='lat' dir='ltr'><strong>saepe</strong></span> <span class='ocrx_word' id='word_1_28' title='bbox 1065 605 1163 694; x_wconf 86' lang='lat' dir='ltr'><strong>eogi-</strong></span> <span class='ocrx_word' id='word_1_29' title='bbox 1210 606 1391 690; x_wconf 86' lang='lat' dir='ltr'><strong>rentibus,</strong></span> <span class='ocrx_word' id='word_1_30' title='bbox 1414 630 1486 698; x_wconf 92' lang='lat' dir='ltr'><strong>quo</strong></span> <span class='ocrx_word' id='word_1_31' title='bbox 1510 620 1562 676; x_wconf 89' lang='lat' dir='ltr'><strong>est</strong></span> <span class='ocrx_word' id='word_1_32' title='bbox 1585 609 1786 694; x_wconf 82' lang='lat' dir='ltr'>ardentior,</span> <span class='ocrx_word' id='word_1_33' title='bbox 1813 632 1854 677; x_wconf 92' lang='lat' dir='ltr'><strong>eo</strong></span> <span class='ocrx_word' id='word_1_34' title='bbox 1877 612 1989 700; x_wconf 90' lang='lat' dir='ltr'><strong>magis</strong></span> <span class='ocrx_word' id='word_1_35' title='bbox 2010 605 2205 703; x_wconf 89' lang='lat' dir='ltr'><strong>spontanea</strong></span> 
     </span>
     <span class='ocr_line' id='line_1_4' title="bbox 167 708 2205 813; baseline 0 -28"><span class='ocrx_word' id='word_1_36' title='bbox 167 729 304 800; x_wconf 90' lang='lat' dir='ltr'><strong>tantes,</strong></span> <span class='ocrx_word' id='word_1_37' title='bbox 328 724 490 804; x_wconf 91' lang='lat' dir='ltr'><strong>petamus</strong></span> <span class='ocrx_word' id='word_1_38' title='bbox 511 722 548 781; x_wconf 89' lang='lat' dir='ltr'><strong>et</strong></span> <span class='ocrx_word' id='word_1_39' title='bbox 568 722 789 802; x_wconf 77' lang='lat' dir='ltr'>expectemus</span> <span class='ocrx_word' id='word_1_40' title='bbox 805 709 851 778; x_wconf 90' lang='lat' dir='ltr'><strong>ab</strong></span> <span class='ocrx_word' id='word_1_41' title='bbox 869 733 911 779; x_wconf 93' lang='lat' dir='ltr'><strong>eo</strong></span> <span class='ocrx_word' id='word_1_42' title='bbox 928 708 1162 798; x_wconf 84' lang='lat' dir='ltr'><strong>gubernatio·</strong></span> <span class='ocrx_word' id='word_1_43' title='bbox 1209 722 1278 793; x_wconf 90' lang='lat' dir='ltr'><strong>est,</strong></span> <span class='ocrx_word' id='word_1_44' title='bbox 1312 721 1431 778; x_wconf 91' lang='lat' dir='ltr'><strong>tamen</strong></span> <span class='ocrx_word' id='word_1_45' title='bbox 1462 708 1644 778; x_wconf 88' lang='lat' dir='ltr'><strong>verissima</strong></span> <span class='ocrx_word' id='word_1_46' title='bbox 1669 724 1721 780; x_wconf 91' lang='lat' dir='ltr'><strong>est</strong></span> <span class='ocrx_word' id='word_1_47' title='bbox 1744 710 1955 803; x_wconf 77' lang='lat' dir='ltr'><strong>propositio:</strong></span> <span class='ocrx_word' id='word_1_48' title='bbox 1990 711 2129 813; x_wconf 75' lang='grc' dir='ltr'><strong><em>στοργὴ</em></strong></span> <span class='ocrx_word' id='word_1_49' title='bbox 2153 730 2205 786; x_wconf 89' lang='grc' dir='ltr'><strong>εει</strong></span> 
     </span>
     <span class='ocr_line' id='line_1_5' title="bbox 166 809 2204 909; baseline 0.001 -21"><span class='ocrx_word' id='word_1_50' title='bbox 166 841 270 901; x_wconf 90' lang='lat' dir='ltr'><strong>nem,</strong></span> <span class='ocrx_word' id='word_1_51' title='bbox 292 813 568 909; x_wconf 85' lang='lat' dir='ltr'><strong>protectionem,</strong></span> <span class='ocrx_word' id='word_1_52' title='bbox 594 825 630 882; x_wconf 92' lang='lat' dir='ltr'><strong>et</strong></span> <span class='ocrx_word' id='word_1_53' title='bbox 652 810 900 881; x_wconf 76' lang='lat' dir='ltr'><strong>liberationem</strong></span> <span class='ocrx_word' id='word_1_54' title='bbox 923 811 970 880; x_wconf 92' lang='lat' dir='ltr'><strong>ab</strong></span> <span class='ocrx_word' id='word_1_55' title='bbox 993 811 1161 880; x_wconf 90' lang='lat' dir='ltr'><strong>omnibns</strong></span> <span class='ocrx_word' id='word_1_56' title='bbox 1210 809 1424 896; x_wconf 89' lang='lat' dir='ltr'><strong>necessaria,</strong></span> <span class='ocrx_word' id='word_1_57' title='bbox 1459 809 1542 902; x_wconf 90' lang='lat' dir='ltr'><strong>quia</strong></span> <span class='ocrx_word' id='word_1_58' title='bbox 1573 825 1700 882; x_wconf 90' lang='lat' dir='ltr'><strong>natura</strong></span> <span class='ocrx_word' id='word_1_59' title='bbox 1728 813 1778 883; x_wconf 90' lang='lat' dir='ltr'><strong>sic</strong></span> <span class='ocrx_word' id='word_1_60' title='bbox 1807 836 1827 881; x_wconf 92' lang='lat' dir='ltr'><strong>a</strong></span> <span class='ocrx_word' id='word_1_61' title='bbox 1851 809 1927 884; x_wconf 90' lang='lat' dir='ltr'><strong>Deo</strong></span> <span class='ocrx_word' id='word_1_62' title='bbox 1955 817 2116 887; x_wconf 90' lang='lat' dir='ltr'><strong>ordinata</strong></span> <span class='ocrx_word' id='word_1_63' title='bbox 2142 834 2204 892; x_wconf 87' lang='lat' dir='ltr'><strong>est.</strong></span> 
     </span>
     <span class='ocr_line' id='line_1_6' title="bbox 166 910 2205 1011; baseline -0 -21"><span class='ocrx_word' id='word_1_64' title='bbox 166 919 290 1003; x_wconf 91' lang='lat' dir='ltr'><strong>malis,</strong></span> <span class='ocrx_word' id='word_1_65' title='bbox 321 931 357 987; x_wconf 91' lang='lat' dir='ltr'><strong>ct</strong></span> <span class='ocrx_word' id='word_1_66' title='bbox 377 910 470 985; x_wconf 93' lang='lat' dir='ltr'><strong>hanc</strong></span> <span class='ocrx_word' id='word_1_67' title='bbox 495 914 775 985; x_wconf 78' lang='lat' dir='ltr'><strong>consolationem</strong></span> <span class='ocrx_word' id='word_1_68' title='bbox 796 927 998 998; x_wconf 88' lang='lat' dir='ltr'><strong>teneamus,</strong></span> <span class='ocrx_word' id='word_1_69' title='bbox 1022 936 1162 1004; x_wconf 88' lang='lat' dir='ltr'><strong>semper</strong></span> <span class='ocrx_word' id='word_1_70' title='bbox 1209 912 1395 984; x_wconf 85' lang='lat' dir='ltr'><strong>Praeterea</strong></span> <span class='ocrx_word' id='word_1_71' title='bbox 1423 912 1607 994; x_wconf 85' lang='lat' dir='ltr'><strong>barbarica</strong></span> <span class='ocrx_word' id='word_1_72' title='bbox 1632 915 1812 985; x_wconf 78' lang='lat' dir='ltr'><strong>insulsitas</strong></span> <span class='ocrx_word' id='word_1_73' title='bbox 1837 929 1906 1000; x_wconf 97' lang='grc' dir='ltr'><strong>εει,</strong></span> <span class='ocrx_word' id='word_1_74' title='bbox 1938 919 2035 1011; x_wconf 91' lang='lat' dir='ltr'><strong>quod</strong></span> <span class='ocrx_word' id='word_1_75' title='bbox 2061 943 2141 988; x_wconf 90' lang='lat' dir='ltr'><strong>cum</strong></span> <span class='ocrx_word' id='word_1_76' title='bbox 2164 920 2205 990; x_wconf 86' lang='lat' dir='ltr'><strong>fit</strong></span> 
     </span>
     <span class='ocr_line' id='line_1_7' title="bbox 166 1014 2204 1111; baseline -0.001 -18"><span class='ocrx_word' id='word_1_77' title='bbox 166 1034 389 1093; x_wconf 85' lang='lat' dir='ltr'><strong>servaturum</strong></span> <span class='ocrx_word' id='word_1_78' title='bbox 417 1040 493 1088; x_wconf 88' lang='lat' dir='ltr'><strong>esse</strong></span> <span class='ocrx_word' id='word_1_79' title='bbox 523 1018 678 1111; x_wconf 85' lang='lat' dir='ltr'><strong>aliquem</strong></span> <span class='ocrx_word' id='word_1_80' title='bbox 709 1030 868 1102; x_wconf 88' lang='lat' dir='ltr'><strong>coetum,</strong></span> <span class='ocrx_word' id='word_1_81' title='bbox 910 1014 973 1110; x_wconf 94' lang='lat' dir='ltr'><strong>qui</strong></span> <span class='ocrx_word' id='word_1_82' title='bbox 1004 1017 1050 1085; x_wconf 90' lang='lat' dir='ltr'><strong>sit</strong></span> <span class='ocrx_word' id='word_1_83' title='bbox 1077 1039 1160 1085; x_wconf 89' lang='lat' dir='ltr'><strong>vera</strong></span> <span class='ocrx_word' id='word_1_84' title='bbox 1210 1016 1345 1085; x_wconf 91' lang='lat' dir='ltr'><strong>mentio</strong></span> <span class='ocrx_word' id='word_1_85' title='bbox 1362 1016 1541 1084; x_wconf 90' lang='lat' dir='ltr'><strong>bonorum</strong></span> <span class='ocrx_word' id='word_1_86' title='bbox 1558 1039 1719 1106; x_wconf 90' lang='lat' dir='ltr'><strong>operum,</strong></span> <span class='ocrx_word' id='word_1_87' title='bbox 1745 1031 1885 1088; x_wconf 89' lang='lat' dir='ltr'><strong>tantum</strong></span> <span class='ocrx_word' id='word_1_88' title='bbox 1902 1021 1946 1088; x_wconf 89' lang='lat' dir='ltr'><strong>de</strong></span> <span class='ocrx_word' id='word_1_89' title='bbox 1962 1022 2116 1090; x_wconf 87' lang='lat' dir='ltr'><strong>extemis</strong></span> <span class='ocrx_word' id='word_1_90' title='bbox 2131 1022 2204 1091; x_wconf 90' lang='lat' dir='ltr'><strong>dici</strong></span> 
     </span>
     <span class='ocr_line' id='line_1_8' title="bbox 166 1116 2233 1214; baseline -0.002 -18"><span class='ocrx_word' id='word_1_91' title='bbox 166 1121 344 1210; x_wconf 82' lang='lat' dir='ltr'><strong>Ecclesia,</strong></span> <span class='ocrx_word' id='word_1_92' title='bbox 369 1136 405 1194; x_wconf 90' lang='lat' dir='ltr'><strong>et</strong></span> <span class='ocrx_word' id='word_1_93' title='bbox 425 1119 647 1191; x_wconf 90' lang='lat' dir='ltr'><strong>domicilium</strong></span> <span class='ocrx_word' id='word_1_94' title='bbox 670 1118 794 1211; x_wconf 86' lang='lat' dir='ltr'><strong>ipsius.</strong></span> <span class='ocrx_word' id='word_1_95' title='bbox 847 1118 962 1191; x_wconf 92' lang='lat' dir='ltr'><strong>Simul</strong></span> <span class='ocrx_word' id='word_1_96' title='bbox 977 1118 1083 1188; x_wconf 91' lang='lat' dir='ltr'><strong>etiam</strong></span> <span class='ocrx_word' id='word_1_97' title='bbox 1100 1143 1159 1187; x_wconf 92' lang='lat' dir='ltr'><strong>co·</strong></span> <span class='ocrx_word' id='word_1_98' title='bbox 1211 1120 1348 1188; x_wconf 85' lang='lat' dir='ltr'><strong>volunt.</strong></span> <span class='ocrx_word' id='word_1_99' title='bbox 1412 1116 1486 1186; x_wconf 91' lang='lat' dir='ltr'><strong>Nos</strong></span> <span class='ocrx_word' id='word_1_100' title='bbox 1507 1116 1713 1214; x_wconf 88' lang='lat' dir='ltr'><strong>interiorem</strong></span> <span class='ocrx_word' id='word_1_101' title='bbox 1740 1134 1774 1189; x_wconf 91' lang='grc' dir='ltr'><strong>ει</strong></span> <span class='ocrx_word' id='word_1_102' title='bbox 1799 1121 2008 1190; x_wconf 82' lang='lat' dir='ltr'><strong>exteriorem</strong></span> <span class='ocrx_word' id='word_1_103' title='bbox 2032 1124 2233 1193; x_wconf 46' lang='lat' dir='ltr'><strong>obedient</strong></span> 
     </span>
     <span class='ocr_line' id='line_1_9' title="bbox 165 1217 2205 1319; baseline -0.002 -21"><span class='ocrx_word' id='word_1_104' title='bbox 165 1228 336 1319; x_wconf 85' lang='lat' dir='ltr'><strong>gitemus,</strong></span> <span class='ocrx_word' id='word_1_105' title='bbox 360 1247 534 1318; x_wconf 84' lang='lat' dir='ltr'><strong>quaenam</strong></span> <span class='ocrx_word' id='word_1_106' title='bbox 556 1221 602 1293; x_wconf 93' lang='lat' dir='ltr'><strong>sit</strong></span> <span class='ocrx_word' id='word_1_107' title='bbox 624 1217 712 1292; x_wconf 90' lang='lat' dir='ltr'><strong>haec</strong></span> <span class='ocrx_word' id='word_1_108' title='bbox 734 1245 816 1290; x_wconf 87' lang='lat' dir='ltr'><strong>vera</strong></span> <span class='ocrx_word' id='word_1_109' title='bbox 836 1218 1012 1305; x_wconf 84' lang='lat' dir='ltr'><strong>Ecclesia,</strong></span> <span class='ocrx_word' id='word_1_110' title='bbox 1037 1234 1072 1289; x_wconf 92' lang='grc' dir='ltr'><strong>ει</strong></span> <span class='ocrx_word' id='word_1_111' title='bbox 1096 1220 1160 1290; x_wconf 93' lang='lat' dir='ltr'><strong>ubi</strong></span> <span class='ocrx_word' id='word_1_112' title='bbox 1210 1220 1294 1289; x_wconf 90' lang='lat' dir='ltr'><strong>tiam</strong></span> <span class='ocrx_word' id='word_1_113' title='bbox 1316 1219 1462 1289; x_wconf 92' lang='lat' dir='ltr'><strong>nomine</strong></span> <span class='ocrx_word' id='word_1_114' title='bbox 1481 1221 1659 1289; x_wconf 90' lang='lat' dir='ltr'><strong>bonorum</strong></span> <span class='ocrx_word' id='word_1_115' title='bbox 1677 1246 1824 1316; x_wconf 90' lang='lat' dir='ltr'><strong>operum</strong></span> <span class='ocrx_word' id='word_1_116' title='bbox 1842 1224 2130 1316; x_wconf 85' lang='lat' dir='ltr'><strong>complectimur,</strong></span> <span class='ocrx_word' id='word_1_117' title='bbox 2155 1227 2205 1296; x_wconf 90' lang='lat' dir='ltr'><strong>si·</strong></span> 
     </span>
     <span class='ocr_line' id='line_1_10' title="bbox 165 1316 2205 1417; baseline -0 -18"><span class='ocrx_word' id='word_1_118' title='bbox 165 1330 233 1413; x_wconf 89' lang='lat' dir='ltr'><strong>sit,</strong></span> <span class='ocrx_word' id='word_1_119' title='bbox 265 1352 331 1398; x_wconf 90' lang='lat' dir='ltr'><strong>nec</strong></span> <span class='ocrx_word' id='word_1_120' title='bbox 354 1326 556 1396; x_wconf 91' lang='lat' dir='ltr'><strong>dubitemus</strong></span> <span class='ocrx_word' id='word_1_121' title='bbox 576 1347 658 1395; x_wconf 89' lang='lat' dir='ltr'><strong>esse·</strong></span> <span class='ocrx_word' id='word_1_122' title='bbox 673 1316 770 1394; x_wconf 92' lang='lat' dir='ltr'><strong>hunc</strong></span> <span class='ocrx_word' id='word_1_123' title='bbox 795 1325 912 1416; x_wconf 88' lang='lat' dir='ltr'><strong>ipsum</strong></span> <span class='ocrx_word' id='word_1_124' title='bbox 936 1336 1096 1408; x_wconf 90' lang='lat' dir='ltr'><strong>coetum,</strong></span> <span class='ocrx_word' id='word_1_125' title='bbox 1121 1323 1159 1391; x_wconf 95' lang='lat' dir='ltr'><strong>in</strong></span> <span class='ocrx_word' id='word_1_126' title='bbox 1209 1336 1269 1393; x_wconf 91' lang='lat' dir='ltr'><strong>cut</strong></span> <span class='ocrx_word' id='word_1_127' title='bbox 1285 1346 1354 1391; x_wconf 80' lang='lat' dir='ltr'><strong>vor</strong></span> <span class='ocrx_word' id='word_1_128' title='bbox 1374 1321 1497 1390; x_wconf 91' lang='lat' dir='ltr'><strong>divina</strong></span> <span class='ocrx_word' id='word_1_129' title='bbox 1516 1321 1686 1416; x_wconf 87' lang='lat' dir='ltr'><strong>loquitur.</strong></span> <span class='ocrx_word' id='word_1_130' title='bbox 1738 1322 1791 1397; x_wconf 89' lang='lat' dir='ltr'><strong>Ne</strong></span> <span class='ocrx_word' id='word_1_131' title='bbox 1808 1323 1952 1416; x_wconf 91' lang='lat' dir='ltr'><strong>quidem</strong></span> <span class='ocrx_word' id='word_1_132' title='bbox 1968 1328 2121 1417; x_wconf 90' lang='lat' dir='ltr'><strong>populus</strong></span> <span class='ocrx_word' id='word_1_133' title='bbox 2137 1326 2205 1398; x_wconf 89' lang='lat' dir='ltr'><strong>bo·</strong></span> 
     </span>
     <span class='ocr_line' id='line_1_11' title="bbox 165 1425 2203 1526; baseline 0 -25"><span class='ocrx_word' id='word_1_134' title='bbox 165 1456 239 1526; x_wconf 93' lang='lat' dir='ltr'><strong>quo</strong></span> <span class='ocrx_word' id='word_1_135' title='bbox 268 1455 336 1500; x_wconf 85' lang='lat' dir='ltr'><strong>vox</strong></span> <span class='ocrx_word' id='word_1_136' title='bbox 360 1425 547 1516; x_wconf 82' lang='lat' dir='ltr'><strong>Evangelii</strong></span> <span class='ocrx_word' id='word_1_137' title='bbox 577 1439 699 1510; x_wconf 89' lang='lat' dir='ltr'><strong>sonat,</strong></span> <span class='ocrx_word' id='word_1_138' title='bbox 731 1427 808 1494; x_wconf 90' lang='lat' dir='ltr'><strong>sine</strong></span> <span class='ocrx_word' id='word_1_139' title='bbox 840 1426 1052 1516; x_wconf 86' lang='lat' dir='ltr'><strong>corruptelis</strong></span> <span class='ocrx_word' id='word_1_140' title='bbox 1077 1448 1158 1495; x_wconf 90' lang='lat' dir='ltr'><strong>cum</strong></span> <span class='ocrx_word' id='word_1_141' title='bbox 1208 1449 1296 1496; x_wconf 73' lang='lat' dir='ltr'><strong>nram</strong></span> <span class='ocrx_word' id='word_1_142' title='bbox 1312 1437 1554 1516; x_wconf 88' lang='lat' dir='ltr'><strong>opustantum</strong></span> <span class='ocrx_word' id='word_1_143' title='bbox 1571 1427 1736 1496; x_wconf 90' lang='lat' dir='ltr'><strong>umbram</strong></span> <span class='ocrx_word' id='word_1_144' title='bbox 1751 1425 1888 1496; x_wconf 84' lang='lat' dir='ltr'><strong>externi</strong></span> <span class='ocrx_word' id='word_1_145' title='bbox 1903 1428 2039 1519; x_wconf 90' lang='lat' dir='ltr'><strong>operis,</strong></span> <span class='ocrx_word' id='word_1_146' title='bbox 2065 1453 2127 1500; x_wconf 90' lang='lat' dir='ltr'><strong>seu</strong></span> <span class='ocrx_word' id='word_1_147' title='bbox 2143 1452 2203 1522; x_wconf 89' lang='lat' dir='ltr'><strong>ge·</strong></span> 
     </span>
     <span class='ocr_line' id='line_1_12' title="bbox 165 1524 2202 1622; baseline -0.001 -17"><span class='ocrx_word' id='word_1_148' title='bbox 165 1534 399 1605; x_wconf 87' lang='lat' dir='ltr'><strong>fundamento</strong></span> <span class='ocrx_word' id='word_1_149' title='bbox 423 1530 679 1622; x_wconf 79' lang='lat' dir='ltr'><strong>pugnantibus.</strong></span> <span class='ocrx_word' id='word_1_150' title='bbox 731 1525 851 1598; x_wconf 86' lang='lat' dir='ltr'><strong>Huius</strong></span> <span class='ocrx_word' id='word_1_151' title='bbox 873 1524 1055 1597; x_wconf 83' lang='lat' dir='ltr'><strong>Ecclesiae</strong></span> <span class='ocrx_word' id='word_1_152' title='bbox 1078 1552 1159 1596; x_wconf 90' lang='lat' dir='ltr'><strong>cum</strong></span> <span class='ocrx_word' id='word_1_153' title='bbox 1209 1541 1302 1598; x_wconf 91' lang='lat' dir='ltr'><strong>stum</strong></span> <span class='ocrx_word' id='word_1_154' title='bbox 1324 1539 1509 1598; x_wconf 89' lang='lat' dir='ltr'><strong>externum</strong></span> <span class='ocrx_word' id='word_1_155' title='bbox 1532 1527 1719 1619; x_wconf 88' lang='lat' dir='ltr'><strong>intelligit,</strong></span> <span class='ocrx_word' id='word_1_156' title='bbox 1748 1529 1864 1599; x_wconf 90' lang='lat' dir='ltr'><strong>sedin</strong></span> <span class='ocrx_word' id='word_1_157' title='bbox 1880 1543 1999 1598; x_wconf 91' lang='lat' dir='ltr'><strong>mente</strong></span> <span class='ocrx_word' id='word_1_158' title='bbox 2014 1527 2202 1602; x_wconf 87' lang='lat' dir='ltr'><strong>consilium</strong></span> 
     </span>
     <span class='ocr_line' id='line_1_13' title="bbox 166 1623 2203 1725; baseline 0.001 -23"><span class='ocrx_word' id='word_1_159' title='bbox 166 1636 261 1706; x_wconf 83' lang='lat' dir='ltr'><strong>cives</strong></span> <span class='ocrx_word' id='word_1_160' title='bbox 281 1658 422 1716; x_wconf 86' lang='lat' dir='ltr'><strong>snmus,</strong></span> <span class='ocrx_word' id='word_1_161' title='bbox 448 1645 584 1702; x_wconf 85' lang='lat' dir='ltr'><strong>certum</strong></span> <span class='ocrx_word' id='word_1_162' title='bbox 606 1645 658 1702; x_wconf 88' lang='lat' dir='ltr'><strong>est</strong></span> <span class='ocrx_word' id='word_1_163' title='bbox 674 1631 779 1701; x_wconf 86' lang='lat' dir='ltr'><strong>nobis</strong></span> <span class='ocrx_word' id='word_1_164' title='bbox 795 1633 916 1701; x_wconf 86' lang='lat' dir='ltr'><strong>adesse</strong></span> <span class='ocrx_word' id='word_1_165' title='bbox 931 1627 1066 1700; x_wconf 84' lang='lat' dir='ltr'><strong>Filium</strong></span> <span class='ocrx_word' id='word_1_166' title='bbox 1079 1627 1160 1715; x_wconf 90' lang='lat' dir='ltr'><strong>Dei,</strong></span> <span class='ocrx_word' id='word_1_167' title='bbox 1209 1643 1343 1700; x_wconf 89' lang='lat' dir='ltr'><strong>rectum</strong></span> <span class='ocrx_word' id='word_1_168' title='bbox 1365 1643 1399 1699; x_wconf 93' lang='lat' dir='ltr'><strong>et</strong></span> <span class='ocrx_word' id='word_1_169' title='bbox 1416 1623 1633 1725; x_wconf 79' lang='grc' dir='ltr'><strong>προαίρεσιν</strong></span> <span class='ocrx_word' id='word_1_170' title='bbox 1650 1632 1779 1701; x_wconf 90' lang='lat' dir='ltr'><strong>bonam</strong></span> <span class='ocrx_word' id='word_1_171' title='bbox 1796 1632 2054 1723; x_wconf 88' lang='lat' dir='ltr'><strong>complectitur.</strong></span> <span class='ocrx_word' id='word_1_172' title='bbox 2106 1631 2203 1705; x_wconf 89' lang='lat' dir='ltr'><strong>Haec</strong></span> 
     </span>
     <span class='ocr_line' id='line_1_14' title="bbox 166 1730 2202 1832; baseline -0.001 -24"><span class='ocrx_word' id='word_1_173' title='bbox 166 1738 231 1832; x_wconf 89' lang='lat' dir='ltr'><strong>qui</strong></span> <span class='ocrx_word' id='word_1_174' title='bbox 248 1735 402 1807; x_wconf 86' lang='lat' dir='ltr'><strong>servabit</strong></span> <span class='ocrx_word' id='word_1_175' title='bbox 417 1730 611 1804; x_wconf 85' lang='lat' dir='ltr'><strong>Ecclesiam</strong></span> <span class='ocrx_word' id='word_1_176' title='bbox 630 1758 749 1819; x_wconf 89' lang='lat' dir='ltr'><strong>suam,</strong></span> <span class='ocrx_word' id='word_1_177' title='bbox 774 1756 980 1828; x_wconf 89' lang='lat' dir='ltr'><strong>quanquam</strong></span> <span class='ocrx_word' id='word_1_178' title='bbox 999 1732 1108 1802; x_wconf 88' lang='lat' dir='ltr'><strong>variis</strong></span> <span class='ocrx_word' id='word_1_179' title='bbox 1124 1745 1158 1801; x_wconf 88' lang='lat' dir='ltr'><strong>et</strong></span> <span class='ocrx_word' id='word_1_180' title='bbox 1208 1757 1289 1802; x_wconf 92' lang='lat' dir='ltr'><strong>cum</strong></span> <span class='ocrx_word' id='word_1_181' title='bbox 1319 1732 1504 1823; x_wconf 90' lang='lat' dir='ltr'><strong>perspicua</strong></span> <span class='ocrx_word' id='word_1_182' title='bbox 1534 1733 1623 1813; x_wconf 85' lang='lat' dir='ltr'><strong>sint,</strong></span> <span class='ocrx_word' id='word_1_183' title='bbox 1658 1749 1774 1803; x_wconf 88' lang='lat' dir='ltr'><strong>tamen</strong></span> <span class='ocrx_word' id='word_1_184' title='bbox 1806 1734 1845 1802; x_wconf 95' lang='lat' dir='ltr'><strong>in</strong></span> <span class='ocrx_word' id='word_1_185' title='bbox 1871 1735 1995 1806; x_wconf 90' lang='lat' dir='ltr'><strong>multis</strong></span> <span class='ocrx_word' id='word_1_186' title='bbox 2016 1749 2114 1805; x_wconf 90' lang='lat' dir='ltr'><strong>tanta</strong></span> <span class='ocrx_word' id='word_1_187' title='bbox 2136 1750 2202 1822; x_wconf 91' lang='lat' dir='ltr'><strong>est,</strong></span> 
     </span>
     <span class='ocr_line' id='line_1_15' title="bbox 166 1835 2203 1930; baseline -0.001 -20"><span class='ocrx_word' id='word_1_188' title='bbox 166 1840 304 1930; x_wconf 89' lang='lat' dir='ltr'><strong>magnis</strong></span> <span class='ocrx_word' id='word_1_189' title='bbox 317 1838 496 1908; x_wconf 88' lang='lat' dir='ltr'><strong>aerumnis</strong></span> <span class='ocrx_word' id='word_1_190' title='bbox 512 1851 710 1922; x_wconf 86' lang='lat' dir='ltr'><strong>exercetur,</strong></span> <span class='ocrx_word' id='word_1_191' title='bbox 724 1850 768 1907; x_wconf 88' lang='lat' dir='ltr'><strong>-et</strong></span> <span class='ocrx_word' id='word_1_192' title='bbox 785 1851 826 1907; x_wconf 89' lang='lat' dir='ltr'><strong>ut</strong></span> <span class='ocrx_word' id='word_1_193' title='bbox 840 1849 956 1906; x_wconf 87' lang='lat' dir='ltr'><strong>servet</strong></span> <span class='ocrx_word' id='word_1_194' title='bbox 972 1859 1057 1921; x_wconf 90' lang='lat' dir='ltr'><strong>nos,</strong></span> <span class='ocrx_word' id='word_1_195' title='bbox 1082 1848 1158 1906; x_wconf 87' lang='lat' dir='ltr'><strong>toto</strong></span> <span class='ocrx_word' id='word_1_196' title='bbox 1209 1859 1283 1904; x_wconf 94' lang='lat' dir='ltr'><strong>non</strong></span> <span class='ocrx_word' id='word_1_197' title='bbox 1307 1836 1388 1905; x_wconf 94' lang='lat' dir='ltr'><strong>dico</strong></span> <span class='ocrx_word' id='word_1_198' title='bbox 1411 1835 1569 1919; x_wconf 90' lang='lat' dir='ltr'><strong>inscitia,</strong></span> <span class='ocrx_word' id='word_1_199' title='bbox 1604 1838 1663 1904; x_wconf 86' lang='lat' dir='ltr'><strong>sed</strong></span> <span class='ocrx_word' id='word_1_200' title='bbox 1691 1837 1845 1921; x_wconf 85' lang='lat' dir='ltr'><strong>malitia,</strong></span> <span class='ocrx_word' id='word_1_201' title='bbox 1872 1851 1913 1908; x_wconf 94' lang='lat' dir='ltr'><strong>ut</strong></span> <span class='ocrx_word' id='word_1_202' title='bbox 1937 1860 2012 1906; x_wconf 92' lang='lat' dir='ltr'><strong>non</strong></span> <span class='ocrx_word' id='word_1_203' title='bbox 2035 1839 2203 1911; x_wconf 89' lang='lat' dir='ltr'><strong>desinant</strong></span> 
     </span>
     <span class='ocr_line' id='line_1_16' title="bbox 168 1937 1926 2035; baseline 0.001 -23"><span class='ocrx_word' id='word_1_204' title='bbox 168 1967 249 2015; x_wconf 92' lang='lat' dir='ltr'><strong>eum</strong></span> <span class='ocrx_word' id='word_1_205' title='bbox 266 1956 406 2035; x_wconf 91' lang='lat' dir='ltr'><strong>pectore</strong></span> <span class='ocrx_word' id='word_1_206' title='bbox 422 1964 498 2012; x_wconf 88' lang='lat' dir='ltr'><strong>oro.</strong></span> <span class='ocrx_word' id='word_1_207' title='bbox 640 1937 643 1944; x_wconf 59' lang='lat'><strong><em>‘</em></strong></span> <span class='ocrx_word' id='word_1_208' title='bbox 1208 1937 1336 2010; x_wconf 85' lang='lat' dir='ltr'><strong>latrare</strong></span> <span class='ocrx_word' id='word_1_209' title='bbox 1352 1951 1474 2007; x_wconf 92' lang='lat' dir='ltr'><strong>contra</strong></span> <span class='ocrx_word' id='word_1_210' title='bbox 1492 1937 1715 2010; x_wconf 78' lang='lat' dir='ltr'><strong>manifestam</strong></span> <span class='ocrx_word' id='word_1_211' title='bbox 1732 1939 1926 2014; x_wconf 85' lang='lat' dir='ltr'><strong>veritatem.</strong></span> 
     </span>
    </p>
   </div>
   <div class='ocr_carea' id='block_1_3' title="bbox 164 2067 2202 3392">
    <p class='ocr_par' dir='ltr' id='par_1_3' title="bbox 164 2067 2202 3392">
     <span class='ocr_line' id='line_1_17' title="bbox 267 2067 2201 2166; baseline -0.001 -18"><span class='ocrx_word' id='word_1_212' title='bbox 267 2074 426 2148; x_wconf 82' lang='lat' dir='ltr'><strong>Tantum</strong></span> <span class='ocrx_word' id='word_1_213' title='bbox 451 2073 496 2142; x_wconf 89' lang='lat' dir='ltr'><strong>de</strong></span> <span class='ocrx_word' id='word_1_214' title='bbox 519 2085 580 2142; x_wconf 91' lang='lat' dir='ltr'><strong>tua</strong></span> <span class='ocrx_word' id='word_1_215' title='bbox 605 2072 811 2166; x_wconf 89' lang='lat' dir='ltr'><strong>quaestione</strong></span> <span class='ocrx_word' id='word_1_216' title='bbox 834 2072 873 2142; x_wconf 93' lang='lat' dir='ltr'><strong>in</strong></span> <span class='ocrx_word' id='word_1_217' title='bbox 899 2067 965 2142; x_wconf 93' lang='lat' dir='ltr'><strong>hac</strong></span> <span class='ocrx_word' id='word_1_218' title='bbox 986 2071 1158 2142; x_wconf 86' lang='lat' dir='ltr'><strong>brevitate</strong></span> <span class='ocrx_word' id='word_1_219' title='bbox 1310 2069 1360 2144; x_wconf 90' lang='lat' dir='ltr'><strong>Ut</strong></span> <span class='ocrx_word' id='word_1_220' title='bbox 1373 2073 1482 2164; x_wconf 87' lang='lat' dir='ltr'><strong>igitur</strong></span> <span class='ocrx_word' id='word_1_221' title='bbox 1497 2073 1653 2145; x_wconf 88' lang='lat' dir='ltr'><strong>breviter</strong></span> <span class='ocrx_word' id='word_1_222' title='bbox 1668 2076 1921 2165; x_wconf 87' lang='lat' dir='ltr'><strong>respondeam,</strong></span> <span class='ocrx_word' id='word_1_223' title='bbox 1945 2075 2082 2146; x_wconf 86' lang='lat' dir='ltr'><strong>retineo</strong></span> <span class='ocrx_word' id='word_1_224' title='bbox 2095 2074 2201 2148; x_wconf 91' lang='lat' dir='ltr'><strong>Pauli</strong></span> 
     </span>
     <span class='ocr_line' id='line_1_18' title="bbox 164 2172 2202 2272; baseline -0 -20"><span class='ocrx_word' id='word_1_225' title='bbox 164 2177 337 2272; x_wconf 90' lang='lat' dir='ltr'><strong>temporis</strong></span> <span class='ocrx_word' id='word_1_226' title='bbox 359 2174 576 2265; x_wconf 89' lang='lat' dir='ltr'><strong>respondere</strong></span> <span class='ocrx_word' id='word_1_227' title='bbox 597 2174 716 2260; x_wconf 90' lang='lat' dir='ltr'><strong>volui,</strong></span> <span class='ocrx_word' id='word_1_228' title='bbox 749 2175 878 2266; x_wconf 90' lang='lat' dir='ltr'><strong>magis,</strong></span> <span class='ocrx_word' id='word_1_229' title='bbox 903 2191 943 2244; x_wconf 94' lang='lat' dir='ltr'><strong>ut</strong></span> <span class='ocrx_word' id='word_1_230' title='bbox 966 2173 1158 2244; x_wconf 69' lang='lat' dir='ltr'><strong>confessio</strong></span> <span class='ocrx_word' id='word_1_231' title='bbox 1208 2174 1363 2262; x_wconf 88' lang='lat' dir='ltr'><strong>dictum,</strong></span> <span class='ocrx_word' id='word_1_232' title='bbox 1389 2176 1451 2270; x_wconf 88' lang='lat' dir='ltr'><strong>qui</strong></span> <span class='ocrx_word' id='word_1_233' title='bbox 1472 2175 1539 2244; x_wconf 92' lang='lat' dir='ltr'><strong>ait:</strong></span> <span class='ocrx_word' id='word_1_234' title='bbox 1572 2172 1761 2247; x_wconf 89' lang='lat' dir='ltr'><strong>Debitores</strong></span> <span class='ocrx_word' id='word_1_235' title='bbox 1783 2200 1916 2251; x_wconf 91' lang='lat' dir='ltr'><strong>sumus.</strong></span> <span class='ocrx_word' id='word_1_236' title='bbox 1966 2173 2016 2248; x_wconf 90' lang='lat' dir='ltr'><strong>Et</strong></span> <span class='ocrx_word' id='word_1_237' title='bbox 2036 2173 2202 2252; x_wconf 88' lang='lat' dir='ltr'><strong>Christus</strong></span> 
     </span>
     <span class='ocr_line' id='line_1_19' title="bbox 165 2275 2202 2372; baseline 0.001 -20"><span class='ocrx_word' id='word_1_238' title='bbox 165 2305 250 2352; x_wconf 90' lang='lat' dir='ltr'><strong>nem</strong></span> <span class='ocrx_word' id='word_1_239' title='bbox 279 2301 393 2348; x_wconf 87' lang='lat' dir='ltr'><strong>meam</strong></span> <span class='ocrx_word' id='word_1_240' title='bbox 417 2277 657 2362; x_wconf 86' lang='lat' dir='ltr'><strong>ostenderem,</strong></span> <span class='ocrx_word' id='word_1_241' title='bbox 689 2301 794 2371; x_wconf 91' lang='lat' dir='ltr'><strong>quam</strong></span> <span class='ocrx_word' id='word_1_242' title='bbox 816 2291 858 2347; x_wconf 92' lang='lat' dir='ltr'><strong>ut</strong></span> <span class='ocrx_word' id='word_1_243' title='bbox 880 2277 1157 2368; x_wconf 90' lang='lat' dir='ltr'><strong>disputationem</strong></span> <span class='ocrx_word' id='word_1_244' title='bbox 1209 2276 1345 2372; x_wconf 87' lang='lat' dir='ltr'><strong>inquit:</strong></span> <span class='ocrx_word' id='word_1_245' title='bbox 1372 2279 1467 2372; x_wconf 92' lang='lat' dir='ltr'><strong>quod</strong></span> <span class='ocrx_word' id='word_1_246' title='bbox 1492 2278 1682 2347; x_wconf 90' lang='lat' dir='ltr'><strong>debuimus</strong></span> <span class='ocrx_word' id='word_1_247' title='bbox 1702 2279 1861 2352; x_wconf 87' lang='lat' dir='ltr'><strong>fecimus.</strong></span> <span class='ocrx_word' id='word_1_248' title='bbox 1912 2277 1963 2353; x_wconf 88' lang='lat' dir='ltr'><strong>Et</strong></span> <span class='ocrx_word' id='word_1_249' title='bbox 1984 2279 2003 2350; x_wconf 91' lang='lat'>1</span> <span class='ocrx_word' id='word_1_250' title='bbox 2025 2275 2202 2370; x_wconf 49' lang='lat' dir='ltr'><strong>lohans4.</strong></span> 
     </span>
     <span class='ocr_line' id='line_1_20' title="bbox 165 2375 1880 2473; baseline -0.001 -19"><span class='ocrx_word' id='word_1_251' title='bbox 165 2381 401 2454; x_wconf 86' lang='lat' dir='ltr'><strong>instituerem.</strong></span> <span class='ocrx_word' id='word_1_252' title='bbox 458 2375 550 2449; x_wconf 89' lang='lat' dir='ltr'><strong>Cum</strong></span> <span class='ocrx_word' id='word_1_253' title='bbox 572 2379 669 2448; x_wconf 93' lang='lat' dir='ltr'><strong>enim</strong></span> <span class='ocrx_word' id='word_1_254' title='bbox 691 2403 774 2449; x_wconf 86' lang='lat' dir='ltr'><strong>vera</strong></span> <span class='ocrx_word' id='word_1_255' title='bbox 798 2379 972 2451; x_wconf 88' lang='lat' dir='ltr'><strong>sententia</strong></span> <span class='ocrx_word' id='word_1_256' title='bbox 996 2399 1158 2470; x_wconf 86' lang='lat' dir='ltr'><strong>compre·</strong></span> <span class='ocrx_word' id='word_1_257' title='bbox 1208 2379 1357 2450; x_wconf 88' lang='lat' dir='ltr'><strong>dicitur:</strong></span> <span class='ocrx_word' id='word_1_258' title='bbox 1383 2377 1564 2450; x_wconf 90' lang='lat' dir='ltr'><strong>Debemus</strong></span> <span class='ocrx_word' id='word_1_259' title='bbox 1579 2381 1705 2452; x_wconf 87' lang='lat' dir='ltr'><strong>fratres</strong></span> <span class='ocrx_word' id='word_1_260' title='bbox 1720 2382 1880 2473; x_wconf 86' lang='lat' dir='ltr'><strong>diligere.</strong></span> 
     </span>
     <span class='ocr_line' id='line_1_21' title="bbox 167 2479 1158 2576; baseline -0.007 -22"><span class='ocrx_word' id='word_1_261' title='bbox 167 2481 278 2554; x_wconf 90' lang='lat' dir='ltr'><strong>hensa</strong></span> <span class='ocrx_word' id='word_1_262' title='bbox 307 2497 375 2568; x_wconf 85' lang='lat' dir='ltr'><strong>est,</strong></span> <span class='ocrx_word' id='word_1_263' title='bbox 407 2479 632 2576; x_wconf 87' lang='lat' dir='ltr'><strong>acquiescant</strong></span> <span class='ocrx_word' id='word_1_264' title='bbox 649 2482 689 2552; x_wconf 89' lang='lat' dir='ltr'><strong>in</strong></span> <span class='ocrx_word' id='word_1_265' title='bbox 711 2505 751 2551; x_wconf 92' lang='lat' dir='ltr'><strong>ea</strong></span> <span class='ocrx_word' id='word_1_266' title='bbox 770 2481 849 2573; x_wconf 90' lang='lat' dir='ltr'><strong>piae</strong></span> <span class='ocrx_word' id='word_1_267' title='bbox 870 2495 1025 2566; x_wconf 92' lang='lat' dir='ltr'><strong>mentes,</strong></span> <span class='ocrx_word' id='word_1_268' title='bbox 1056 2492 1091 2550; x_wconf 94' lang='lat' dir='ltr'><strong>et</strong></span> <span class='ocrx_word' id='word_1_269' title='bbox 1112 2479 1158 2548; x_wconf 91' lang='lat' dir='ltr'><strong>sit</strong></span> 
     </span>
     <span class='ocr_line' id='line_1_22' title="bbox 165 2582 1158 2677; baseline -0.007 -20"><span class='ocrx_word' id='word_1_270' title='bbox 165 2587 295 2657; x_wconf 90' lang='lat' dir='ltr'><strong>modus</strong></span> <span class='ocrx_word' id='word_1_271' title='bbox 315 2583 618 2677; x_wconf 87' lang='lat' dir='ltr'><strong>disputationum,</strong></span> <span class='ocrx_word' id='word_1_272' title='bbox 643 2599 679 2656; x_wconf 92' lang='grc' dir='ltr'><strong>ει</strong></span> <span class='ocrx_word' id='word_1_273' title='bbox 699 2583 881 2656; x_wconf 88' lang='lat' dir='ltr'><strong>rixatrices</strong></span> <span class='ocrx_word' id='word_1_274' title='bbox 903 2596 1048 2654; x_wconf 90' lang='lat' dir='ltr'><strong>naturas</strong></span> <span class='ocrx_word' id='word_1_275' title='bbox 1067 2582 1158 2652; x_wconf 85' lang='lat' dir='ltr'><strong>vite-</strong></span> 
     </span>
     <span class='ocr_line' id='line_1_23' title="bbox 165 2684 1156 2781; baseline -0.008 -22"><span class='ocrx_word' id='word_1_276' title='bbox 165 2713 264 2774; x_wconf 90' lang='lat' dir='ltr'><strong>mus,</strong></span> <span class='ocrx_word' id='word_1_277' title='bbox 295 2712 385 2781; x_wconf 91' lang='lat' dir='ltr'><strong>quae</strong></span> <span class='ocrx_word' id='word_1_278' title='bbox 413 2710 487 2755; x_wconf 92' lang='lat' dir='ltr'><strong>non</strong></span> <span class='ocrx_word' id='word_1_279' title='bbox 514 2687 699 2778; x_wconf 88' lang='lat' dir='ltr'><strong>patiuntur</strong></span> <span class='ocrx_word' id='word_1_280' title='bbox 720 2686 788 2757; x_wconf 82' lang='lat' dir='ltr'><strong>sibi</strong></span> <span class='ocrx_word' id='word_1_281' title='bbox 811 2684 992 2770; x_wconf 85' lang='lat' dir='ltr'><strong>satisfieri,</strong></span> <span class='ocrx_word' id='word_1_282' title='bbox 1027 2697 1061 2754; x_wconf 86' lang='lat' dir='ltr'><strong>et</strong></span> <span class='ocrx_word' id='word_1_283' title='bbox 1083 2707 1156 2752; x_wconf 94' lang='lat' dir='ltr'><strong>non</strong></span> 
     </span>
     <span class='ocr_line' id='line_1_24' title="bbox 165 2779 1157 2880; baseline -0.005 -19"><span class='ocrx_word' id='word_1_284' title='bbox 165 2786 235 2861; x_wconf 90' lang='lat' dir='ltr'><strong>hoc</strong></span> <span class='ocrx_word' id='word_1_285' title='bbox 249 2803 376 2880; x_wconf 90' lang='lat' dir='ltr'><strong>agunt,</strong></span> <span class='ocrx_word' id='word_1_286' title='bbox 402 2802 442 2859; x_wconf 91' lang='lat' dir='ltr'><strong>ut</strong></span> <span class='ocrx_word' id='word_1_287' title='bbox 456 2790 607 2858; x_wconf 88' lang='lat' dir='ltr'><strong>doceant</strong></span> <span class='ocrx_word' id='word_1_288' title='bbox 622 2803 655 2859; x_wconf 89' lang='lat' dir='ltr'><strong>et</strong></span> <span class='ocrx_word' id='word_1_289' title='bbox 670 2803 797 2860; x_wconf 86' lang='lat' dir='ltr'><strong>sanent</strong></span> <span class='ocrx_word' id='word_1_290' title='bbox 808 2789 908 2874; x_wconf 91' lang='lat' dir='ltr'><strong>alios,</strong></span> <span class='ocrx_word' id='word_1_291' title='bbox 933 2789 995 2858; x_wconf 92' lang='lat' dir='ltr'><strong>sed</strong></span> <span class='ocrx_word' id='word_1_292' title='bbox 1010 2800 1050 2857; x_wconf 92' lang='lat' dir='ltr'><strong>ut</strong></span> <span class='ocrx_word' id='word_1_293' title='bbox 1063 2779 1157 2856; x_wconf 82' lang='lat' dir='ltr'><strong>Aca-</strong></span> 
     </span>
     <span class='ocr_line' id='line_1_25' title="bbox 166 2886 1156 2975; baseline -0.005 -12"><span class='ocrx_word' id='word_1_294' title='bbox 166 2893 305 2964; x_wconf 90' lang='lat' dir='ltr'><strong>demico</strong></span> <span class='ocrx_word' id='word_1_295' title='bbox 327 2915 426 2961; x_wconf 92' lang='lat' dir='ltr'><strong>more</strong></span> <span class='ocrx_word' id='word_1_296' title='bbox 447 2889 660 2960; x_wconf 81' lang='lat' dir='ltr'><strong>labefactent</strong></span> <span class='ocrx_word' id='word_1_297' title='bbox 680 2891 820 2975; x_wconf 89' lang='lat' dir='ltr'><strong>omnia,</strong></span> <span class='ocrx_word' id='word_1_298' title='bbox 848 2904 884 2961; x_wconf 91' lang='grc' dir='ltr'><strong>ει</strong></span> <span class='ocrx_word' id='word_1_299' title='bbox 899 2902 1035 2960; x_wconf 89' lang='lat' dir='ltr'><strong>mentes</strong></span> <span class='ocrx_word' id='word_1_300' title='bbox 1048 2886 1087 2957; x_wconf 90' lang='lat' dir='ltr'><strong>in</strong></span> <span class='ocrx_word' id='word_1_301' title='bbox 1105 2889 1156 2958; x_wconf 94' lang='lat' dir='ltr'><strong>la-</strong></span> 
     </span>
     <span class='ocr_line' id='line_1_26' title="bbox 165 2987 1157 3090; baseline -0.007 -24"><span class='ocrx_word' id='word_1_302' title='bbox 165 2987 355 3090; x_wconf 87' lang='lat' dir='ltr'><strong>byrinthos</strong></span> <span class='ocrx_word' id='word_1_303' title='bbox 377 2994 569 3077; x_wconf 88' lang='lat' dir='ltr'><strong>inducant,</strong></span> <span class='ocrx_word' id='word_1_304' title='bbox 608 2991 671 3061; x_wconf 91' lang='lat' dir='ltr'><strong>ubi</strong></span> <span class='ocrx_word' id='word_1_305' title='bbox 694 2991 948 3062; x_wconf 90' lang='lat' dir='ltr'><strong>incertitudine</strong></span> <span class='ocrx_word' id='word_1_306' title='bbox 971 3012 1157 3082; x_wconf 88' lang='lat' dir='ltr'><strong>oppressae</strong></span> 
     </span>
     <span class='ocr_line' id='line_1_27' title="bbox 165 3092 1158 3189; baseline -0.008 -23"><span class='ocrx_word' id='word_1_307' title='bbox 165 3111 325 3189; x_wconf 85' lang='lat' dir='ltr'><strong>percant.</strong></span> <span class='ocrx_word' id='word_1_308' title='bbox 363 3094 419 3167; x_wconf 88' lang='lat' dir='ltr'><strong>Sit</strong></span> <span class='ocrx_word' id='word_1_309' title='bbox 429 3096 540 3185; x_wconf 86' lang='lat' dir='ltr'><strong>igitur</strong></span> <span class='ocrx_word' id='word_1_310' title='bbox 553 3095 680 3165; x_wconf 91' lang='lat' dir='ltr'><strong>modus</strong></span> <span class='ocrx_word' id='word_1_311' title='bbox 694 3092 989 3187; x_wconf 88' lang='lat' dir='ltr'><strong>disputationum,</strong></span> <span class='ocrx_word' id='word_1_312' title='bbox 1008 3104 1041 3160; x_wconf 88' lang='lat' dir='ltr'><strong>et</strong></span> <span class='ocrx_word' id='word_1_313' title='bbox 1057 3092 1158 3181; x_wconf 88' lang='lat' dir='ltr'><strong>agni-</strong></span> 
     </span>
     <span class='ocr_line' id='line_1_28' title="bbox 164 3189 1157 3288; baseline -0.009 -18"><span class='ocrx_word' id='word_1_314' title='bbox 164 3211 237 3288; x_wconf 88' lang='lat' dir='ltr'><strong>tam</strong></span> <span class='ocrx_word' id='word_1_315' title='bbox 263 3199 446 3268; x_wconf 87' lang='lat' dir='ltr'><strong>veritatem</strong></span> <span class='ocrx_word' id='word_1_316' title='bbox 469 3197 527 3288; x_wconf 92' lang='lat' dir='ltr'><strong>pie</strong></span> <span class='ocrx_word' id='word_1_317' title='bbox 550 3197 785 3279; x_wconf 86' lang='lat' dir='ltr'><strong>retineamus,</strong></span> <span class='ocrx_word' id='word_1_318' title='bbox 811 3210 846 3268; x_wconf 87' lang='lat' dir='ltr'><strong>et</strong></span> <span class='ocrx_word' id='word_1_319' title='bbox 867 3218 934 3266; x_wconf 90' lang='lat' dir='ltr'><strong>nos</strong></span> <span class='ocrx_word' id='word_1_320' title='bbox 953 3219 973 3264; x_wconf 91' lang='lat' dir='ltr'><strong>a</strong></span> <span class='ocrx_word' id='word_1_321' title='bbox 996 3193 1069 3263; x_wconf 88' lang='lat' dir='ltr'><strong>filio</strong></span> <span class='ocrx_word' id='word_1_322' title='bbox 1090 3189 1157 3263; x_wconf 89' lang='lat' dir='ltr'><strong>Dei</strong></span> 
     </span>
     <span class='ocr_line' id='line_1_29' title="bbox 164 3295 701 3392; baseline -0.007 -21"><span class='ocrx_word' id='word_1_323' title='bbox 164 3299 369 3371; x_wconf 86' lang='lat' dir='ltr'><strong>confirmari</strong></span> <span class='ocrx_word' id='word_1_324' title='bbox 384 3312 554 3392; x_wconf 83' lang='lat' dir='ltr'><strong>petamus.</strong></span> <span class='ocrx_word' id='word_1_325' title='bbox 606 3295 701 3375; x_wconf 85' lang='lat' dir='ltr'><strong>Dixi.</strong></span> 
     </span>
    </p>
   </div>
   <div class='ocr_carea' id='block_1_4' title="bbox 1206 2511 2201 3425">
    <p class='ocr_par' dir='ltr' id='par_1_4' title="bbox 1206 2511 2201 3425">
     <span class='ocr_line' id='line_1_30' title="bbox 1310 2511 2201 2611; baseline 0.004 -26"><span class='ocrx_word' id='word_1_326' title='bbox 1310 2513 1421 2605; x_wconf 91' lang='lat' dir='ltr'><strong>Quod</strong></span> <span class='ocrx_word' id='word_1_327' title='bbox 1438 2539 1522 2586; x_wconf 85' lang='lat' dir='ltr'><strong>vero</strong></span> <span class='ocrx_word' id='word_1_328' title='bbox 1538 2511 1765 2610; x_wconf 84' lang='lat' dir='ltr'><strong>Sycophanta</strong></span> <span class='ocrx_word' id='word_1_329' title='bbox 1782 2519 1926 2611; x_wconf 90' lang='lat' dir='ltr'><strong>quidam</strong></span> <span class='ocrx_word' id='word_1_330' title='bbox 1945 2517 1983 2586; x_wconf 92' lang='lat' dir='ltr'><strong>in</strong></span> <span class='ocrx_word' id='word_1_331' title='bbox 1999 2519 2129 2589; x_wconf 85' lang='lat' dir='ltr'><strong>vicinia</strong></span> <span class='ocrx_word' id='word_1_332' title='bbox 2144 2519 2201 2589; x_wconf 90' lang='lat' dir='ltr'><strong>di·</strong></span> 
     </span>
     <span class='ocr_line' id='line_1_31' title="bbox 1208 2614 2201 2712; baseline 0.004 -24"><span class='ocrx_word' id='word_1_333' title='bbox 1208 2632 1302 2689; x_wconf 89' lang='lat' dir='ltr'><strong>ctum</strong></span> <span class='ocrx_word' id='word_1_334' title='bbox 1322 2617 1444 2703; x_wconf 89' lang='lat' dir='ltr'><strong>Pauli,</strong></span> <span class='ocrx_word' id='word_1_335' title='bbox 1469 2620 1564 2712; x_wconf 88' lang='lat' dir='ltr'><strong>quod</strong></span> <span class='ocrx_word' id='word_1_336' title='bbox 1591 2619 1629 2687; x_wconf 92' lang='lat' dir='ltr'><strong>in</strong></span> <span class='ocrx_word' id='word_1_337' title='bbox 1646 2614 1807 2709; x_wconf 86' lang='lat' dir='ltr'><strong>Epistola</strong></span> <span class='ocrx_word' id='word_1_338' title='bbox 1827 2622 1872 2691; x_wconf 93' lang='lat' dir='ltr'><strong>ad</strong></span> <span class='ocrx_word' id='word_1_339' title='bbox 1886 2615 2094 2691; x_wconf 87' lang='lat' dir='ltr'><strong>Corinthios</strong></span> <span class='ocrx_word' id='word_1_340' title='bbox 2112 2623 2201 2692; x_wconf 89' lang='lat' dir='ltr'><strong>scri-</strong></span> 
     </span>
     <span class='ocr_line' id='line_1_32' title="bbox 1209 2714 2200 2820; baseline 0.004 -30"><span class='ocrx_word' id='word_1_341' title='bbox 1209 2736 1308 2812; x_wconf 89' lang='lat' dir='ltr'><strong>ptum</strong></span> <span class='ocrx_word' id='word_1_342' title='bbox 1323 2736 1390 2792; x_wconf 86' lang='lat' dir='ltr'><strong>est:</strong></span> <span class='ocrx_word' id='word_1_343' title='bbox 1416 2716 1461 2792; x_wconf 83' lang='grc' dir='ltr'><strong>οὐ</strong></span> <span class='ocrx_word' id='word_1_344' title='bbox 1478 2714 1574 2792; x_wconf 81' lang='grc' dir='ltr'><strong><em>κατὰ</em></strong></span> <span class='ocrx_word' id='word_1_345' title='bbox 1590 2717 1779 2820; x_wconf 75' lang='grc' dir='ltr'><strong>ἐπιταγὴν,</strong></span> <span class='ocrx_word' id='word_1_346' title='bbox 1803 2725 1954 2815; x_wconf 90' lang='lat' dir='ltr'><strong>opponit</strong></span> <span class='ocrx_word' id='word_1_347' title='bbox 1969 2719 2053 2794; x_wconf 91' lang='lat' dir='ltr'><strong>huic</strong></span> <span class='ocrx_word' id='word_1_348' title='bbox 2069 2749 2200 2816; x_wconf 89' lang='lat' dir='ltr'><strong>propo-</strong></span> 
     </span>
     <span class='ocr_line' id='line_1_33' title="bbox 1206 2823 2201 2910; baseline 0.004 -17"><span class='ocrx_word' id='word_1_349' title='bbox 1206 2823 1349 2909; x_wconf 86' lang='lat' dir='ltr'><strong>sitioni,</strong></span> <span class='ocrx_word' id='word_1_350' title='bbox 1374 2847 1467 2892; x_wconf 91' lang='lat' dir='ltr'><strong>nova</strong></span> <span class='ocrx_word' id='word_1_351' title='bbox 1489 2825 1693 2894; x_wconf 87' lang='lat' dir='ltr'><strong>obedientia</strong></span> <span class='ocrx_word' id='word_1_352' title='bbox 1709 2839 1761 2895; x_wconf 88' lang='lat' dir='ltr'><strong>est</strong></span> <span class='ocrx_word' id='word_1_353' title='bbox 1776 2827 1990 2910; x_wconf 89' lang='lat' dir='ltr'><strong>necessaria,</strong></span> <span class='ocrx_word' id='word_1_354' title='bbox 2016 2829 2073 2910; x_wconf 87' lang='lat' dir='ltr'><strong>vel</strong></span> <span class='ocrx_word' id='word_1_355' title='bbox 2090 2827 2201 2897; x_wconf 91' lang='lat' dir='ltr'><strong>insci·</strong></span> 
     </span>
     <span class='ocr_line' id='line_1_34' title="bbox 1208 2926 2201 3016; baseline 0.004 -20"><span class='ocrx_word' id='word_1_356' title='bbox 1208 2927 1256 2997; x_wconf 91' lang='lat' dir='ltr'><strong>tia</strong></span> <span class='ocrx_word' id='word_1_357' title='bbox 1277 2939 1348 3007; x_wconf 88' lang='lat' dir='ltr'><strong>est,</strong></span> <span class='ocrx_word' id='word_1_358' title='bbox 1374 2927 1431 2996; x_wconf 89' lang='lat' dir='ltr'><strong>vel</strong></span> <span class='ocrx_word' id='word_1_359' title='bbox 1453 2926 1683 3016; x_wconf 89' lang='lat' dir='ltr'><strong>impudentia.</strong></span> <span class='ocrx_word' id='word_1_360' title='bbox 1743 2927 1926 2999; x_wconf 90' lang='lat' dir='ltr'><strong>Discernit</strong></span> <span class='ocrx_word' id='word_1_361' title='bbox 1947 2929 2043 2998; x_wconf 91' lang='lat' dir='ltr'><strong>enim</strong></span> <span class='ocrx_word' id='word_1_362' title='bbox 2067 2927 2201 3000; x_wconf 88' lang='lat' dir='ltr'><strong>Paulus</strong></span> 
     </span>
     <span class='ocr_line' id='line_1_35' title="bbox 1208 3030 2200 3124; baseline 0.009 -29"><span class='ocrx_word' id='word_1_363' title='bbox 1208 3030 1373 3098; x_wconf 85' lang='lat' dir='ltr'><strong>mandata</strong></span> <span class='ocrx_word' id='word_1_364' title='bbox 1397 3054 1416 3098; x_wconf 91' lang='lat' dir='ltr'><strong>a</strong></span> <span class='ocrx_word' id='word_1_365' title='bbox 1439 3053 1514 3098; x_wconf 93' lang='lat' dir='ltr'><strong>non</strong></span> <span class='ocrx_word' id='word_1_366' title='bbox 1532 3030 1728 3109; x_wconf 87' lang='lat' dir='ltr'><strong>mandatis,</strong></span> <span class='ocrx_word' id='word_1_367' title='bbox 1759 3053 1824 3099; x_wconf 89' lang='lat' dir='ltr'><strong>nec</strong></span> <span class='ocrx_word' id='word_1_368' title='bbox 1840 3032 1933 3101; x_wconf 87' lang='lat' dir='ltr'><strong>valet</strong></span> <span class='ocrx_word' id='word_1_369' title='bbox 1949 3033 2200 3124; x_wconf 85' lang='lat' dir='ltr'><strong>consequentia</strong></span> 
     </span>
     <span class='ocr_line' id='line_1_36' title="bbox 1208 3130 2200 3224; baseline 0.005 -26"><span class='ocrx_word' id='word_1_370' title='bbox 1208 3154 1227 3198; x_wconf 90' lang='lat' dir='ltr'><strong>a</strong></span> <span class='ocrx_word' id='word_1_371' title='bbox 1252 3130 1462 3200; x_wconf 88' lang='lat' dir='ltr'><strong>confusione</strong></span> <span class='ocrx_word' id='word_1_372' title='bbox 1478 3132 1755 3223; x_wconf 88' lang='lat' dir='ltr'><strong>disparatorum‚</strong></span> <span class='ocrx_word' id='word_1_373' title='bbox 1780 3145 1821 3202; x_wconf 90' lang='lat' dir='ltr'><strong>ut</strong></span> <span class='ocrx_word' id='word_1_374' title='bbox 1835 3148 1919 3204; x_wconf 90' lang='lat' dir='ltr'><strong>sunt</strong></span> <span class='ocrx_word' id='word_1_375' title='bbox 1932 3135 2108 3224; x_wconf 88' lang='lat' dir='ltr'><strong>disparata</strong></span> <span class='ocrx_word' id='word_1_376' title='bbox 2124 3158 2200 3203; x_wconf 89' lang='lat' dir='ltr'><strong>non</strong></span> 
     </span>
     <span class='ocr_line' id='line_1_37' title="bbox 1208 3231 2200 3326; baseline 0.007 -27"><span class='ocrx_word' id='word_1_377' title='bbox 1208 3245 1392 3324; x_wconf 90' lang='lat' dir='ltr'><strong>praecepta</strong></span> <span class='ocrx_word' id='word_1_378' title='bbox 1412 3247 1446 3302; x_wconf 93' lang='lat' dir='ltr'><strong>et</strong></span> <span class='ocrx_word' id='word_1_379' title='bbox 1468 3247 1661 3324; x_wconf 90' lang='lat' dir='ltr'><strong>praecepta.</strong></span> <span class='ocrx_word' id='word_1_380' title='bbox 1712 3233 1795 3304; x_wconf 92' lang='lat' dir='ltr'><strong>Non</strong></span> <span class='ocrx_word' id='word_1_381' title='bbox 1819 3231 1992 3326; x_wconf 88' lang='lat' dir='ltr'><strong>prohibiti</strong></span> <span class='ocrx_word' id='word_1_382' title='bbox 2013 3250 2098 3307; x_wconf 93' lang='lat' dir='ltr'><strong>sunt</strong></span> <span class='ocrx_word' id='word_1_383' title='bbox 2112 3237 2200 3309; x_wconf 90' lang='lat' dir='ltr'><strong>certi</strong></span> 
     </span>
     <span class='ocr_line' id='line_1_38' title="bbox 1208 3329 2201 3425; baseline 0.006 -22"><span class='ocrx_word' id='word_1_384' title='bbox 1208 3334 1299 3416; x_wconf 90' lang='lat' dir='ltr'><strong>cibi,</strong></span> <span class='ocrx_word' id='word_1_385' title='bbox 1326 3357 1409 3424; x_wconf 89' lang='lat' dir='ltr'><strong>ergo</strong></span> <span class='ocrx_word' id='word_1_386' title='bbox 1427 3358 1500 3402; x_wconf 90' lang='lat' dir='ltr'><strong>non</strong></span> <span class='ocrx_word' id='word_1_387' title='bbox 1518 3329 1740 3425; x_wconf 90' lang='lat' dir='ltr'><strong>prohibitum</strong></span> <span class='ocrx_word' id='word_1_388' title='bbox 1758 3351 1808 3407; x_wconf 88' lang='lat' dir='ltr'><strong>est</strong></span> <span class='ocrx_word' id='word_1_389' title='bbox 1825 3339 2050 3409; x_wconf 87' lang='lat' dir='ltr'><strong>adulterium.</strong></span> <span class='ocrx_word' id='word_1_390' title='bbox 2103 3337 2201 3410; x_wconf 89' lang='lat' dir='ltr'><strong>Haec</strong></span> 
     </span>
    </p>
   </div>
   <div class='ocr_carea' id='block_1_5' title="bbox 1209 3430 2308 3527">
    <p class='ocr_par' dir='ltr' id='par_1_5' title="bbox 1209 3430 2308 3527">
     <span class='ocr_line' id='line_1_39' title="bbox 1209 3430 2308 3527; baseline 0.005 -21"><span class='ocrx_word' id='word_1_391' title='bbox 1209 3460 1281 3506; x_wconf 87' lang='lat' dir='ltr'><strong>esse</strong></span> <span class='ocrx_word' id='word_1_392' title='bbox 1297 3430 1542 3508; x_wconf 76' lang='grc' dir='ltr'><strong><em>ἀνακόλουθα</em></strong></span> <span class='ocrx_word' id='word_1_393' title='bbox 1557 3460 1679 3506; x_wconf 91' lang='lat' dir='ltr'><strong>omnes</strong></span> <span class='ocrx_word' id='word_1_394' title='bbox 1694 3437 1911 3527; x_wconf 90' lang='lat' dir='ltr'><strong>intelligunt.</strong></span> <span class='ocrx_word' id='word_1_395' title='bbox 1955 3440 2069 3511; x_wconf 89' lang='lat' dir='ltr'><strong>Docet</strong></span> <span class='ocrx_word' id='word_1_396' title='bbox 2082 3455 2199 3510; x_wconf 90' lang='lat' dir='ltr'><strong>autem</strong></span> <span class='ocrx_word' id='word_1_397' title='bbox 2241 3485 2245 3489; x_wconf 29' lang='grc' dir='ltr'><strong><em>ν</em></strong></span> <span class='ocrx_word' id='word_1_398' title='bbox 2305 3482 2308 3486; x_wconf 86' lang='grc'>·</span> 
     </span>
    </p>
   </div>
   <div class='ocr_carea' id='block_1_6' title="bbox 167 3534 2201 3728">
    <p class='ocr_par' dir='ltr' id='par_1_6' title="bbox 167 3534 2201 3728">
     <span class='ocr_line' id='line_1_40' title="bbox 167 3534 2199 3635; baseline -0.001 -21"><span class='ocrx_word' id='word_1_399' title='bbox 167 3549 347 3634; x_wconf 61' lang='lat' dir='ltr'><strong>&amp;sponsio</strong></span> <span class='ocrx_word' id='word_1_400' title='bbox 368 3546 522 3615; x_wconf 77' lang='lat' dir='ltr'><strong>Doctoris</strong></span> <span class='ocrx_word' id='word_1_401' title='bbox 542 3546 745 3616; x_wconf 76' lang='lat' dir='ltr'><strong>lobannis</strong></span> <span class='ocrx_word' id='word_1_402' title='bbox 766 3546 969 3635; x_wconf 75' lang='lat' dir='ltr'><strong>Gopcleri,</strong></span> <span class='ocrx_word' id='word_1_403' title='bbox 989 3547 1030 3614; x_wconf 87' lang='lat' dir='ltr'><strong>de</strong></span> <span class='ocrx_word' id='word_1_404' title='bbox 1050 3546 1158 3615; x_wconf 75' lang='lat' dir='ltr'><strong>altem</strong></span> <span class='ocrx_word' id='word_1_405' title='bbox 1209 3539 1411 3608; x_wconf 89' lang='lat' dir='ltr'><strong>universam</strong></span> <span class='ocrx_word' id='word_1_406' title='bbox 1421 3534 1613 3607; x_wconf 83' lang='lat' dir='ltr'><strong>Ecclesiam</strong></span> <span class='ocrx_word' id='word_1_407' title='bbox 1623 3536 1773 3621; x_wconf 89' lang='lat' dir='ltr'><strong>Paulus,</strong></span> <span class='ocrx_word' id='word_1_408' title='bbox 1799 3563 1873 3608; x_wconf 93' lang='lat' dir='ltr'><strong>non</strong></span> <span class='ocrx_word' id='word_1_409' title='bbox 1890 3564 1963 3611; x_wconf 89' lang='lat' dir='ltr'><strong>esse</strong></span> <span class='ocrx_word' id='word_1_410' title='bbox 1978 3556 2199 3632; x_wconf 89' lang='lat' dir='ltr'><strong>praeceptam</strong></span> 
     </span>
     <span class='ocr_line' id='line_1_41' title="bbox 566 3632 2201 3728; baseline 0.004 -23"><span class='ocrx_word' id='word_1_411' title='bbox 566 3632 762 3720; x_wconf 61' lang='lat' dir='ltr'><strong>quaestione·</strong></span> <span class='ocrx_word' id='word_1_412' title='bbox 1208 3639 1427 3711; x_wconf 88' lang='lat' dir='ltr'><strong>Platonicam</strong></span> <span class='ocrx_word' id='word_1_413' title='bbox 1453 3639 1809 3711; x_wconf 88' lang='lat' dir='ltr'><strong>communicationem</strong></span> <span class='ocrx_word' id='word_1_414' title='bbox 1833 3666 1971 3728; x_wconf 77' lang='lat' dir='ltr'><strong>renam,</strong></span> <span class='ocrx_word' id='word_1_415' title='bbox 2001 3666 2067 3712; x_wconf 90' lang='lat' dir='ltr'><strong>nec</strong></span> <span class='ocrx_word' id='word_1_416' title='bbox 2091 3644 2201 3712; x_wconf 87' lang='lat' dir='ltr'><strong>mini·</strong></span> 
     </span>
    </p>
   </div>
   <div class='ocr_carea' id='block_1_7' title="bbox 1208 3739 2198 3840">
    <p class='ocr_par' dir='ltr' id='par_1_7' title="bbox 1208 3739 2198 3840">
     <span class='ocr_line' id='line_1_42' title="bbox 1208 3739 2198 3840; baseline 0.001 -26"><span class='ocrx_word' id='word_1_417' title='bbox 1208 3759 1299 3814; x_wconf 88' lang='lat' dir='ltr'><strong>stros</strong></span> <span class='ocrx_word' id='word_1_418' title='bbox 1313 3739 1499 3832; x_wconf 80' lang='lat' dir='ltr'><strong>Evangelii</strong></span> <span class='ocrx_word' id='word_1_419' title='bbox 1522 3757 1656 3812; x_wconf 89' lang='lat' dir='ltr'><strong>certum</strong></span> <span class='ocrx_word' id='word_1_420' title='bbox 1676 3768 1864 3812; x_wconf 89' lang='lat' dir='ltr'><strong>nnmerum</strong></span> <span class='ocrx_word' id='word_1_421' title='bbox 1882 3741 2198 3840; x_wconf 85' lang='lat' dir='ltr'><strong>Eleemosynarum</strong></span> 
     </span>
    </p>
   </div>
   <div class='ocr_carea' id='block_1_8' title="bbox 164 3843 2202 4378">
    <p class='ocr_par' dir='ltr' id='par_1_8' title="bbox 164 3843 2202 4378">
     <span class='ocr_line' id='line_1_43' title="bbox 166 3843 2200 3971; baseline -0.013 -21"><span class='ocrx_word' id='word_1_422' title='bbox 166 3878 287 3969; x_wconf 78' lang='lat' dir='ltr'><strong>digitis</strong></span> <span class='ocrx_word' id='word_1_423' title='bbox 302 3877 486 3947; x_wconf 85' lang='lat' dir='ltr'><strong>obstruere</strong></span> <span class='ocrx_word' id='word_1_424' title='bbox 501 3876 648 3947; x_wconf 86' lang='lat' dir='ltr'><strong>aurium</strong></span> <span class='ocrx_word' id='word_1_425' title='bbox 658 3890 803 3962; x_wconf 89' lang='lat' dir='ltr'><strong>meatus,</strong></span> <span class='ocrx_word' id='word_1_426' title='bbox 830 3878 1018 3971; x_wconf 86' lang='lat' dir='ltr'><strong>siquando</strong></span> <span class='ocrx_word' id='word_1_427' title='bbox 1034 3879 1158 3948; x_wconf 89' lang='lat' dir='ltr'><strong>audie·</strong></span> <span class='ocrx_word' id='word_1_428' title='bbox 1208 3847 1364 3965; x_wconf 44' lang='lat' dir='ltr'><strong>indicere</strong></span> <span class='ocrx_word' id='word_1_429' title='bbox 1380 3869 1491 3937; x_wconf 65' lang='lat' dir='ltr'><strong>P⁰⁵⁵⁰a</strong></span> <span class='ocrx_word' id='word_1_430' title='bbox 1516 3859 1557 3916; x_wconf 64' lang='lat'><strong>¹¹²</strong></span> <span class='ocrx_word' id='word_1_431' title='bbox 1569 3843 1685 3936; x_wconf 54' lang='lat' dir='ltr'><strong>Ridess</strong></span> <span class='ocrx_word' id='word_1_432' title='bbox 1699 3846 1830 3965; x_wconf 57' lang='lat' dir='ltr'><strong>lflblflss</strong></span> <span class='ocrx_word' id='word_1_433' title='bbox 1846 3847 2031 3966; x_wconf 43' lang='lat' dir='ltr'><strong>indicum..</strong></span> <span class='ocrx_word' id='word_1_434' title='bbox 2074 3844 2128 3918; x_wconf 81' lang='lat' dir='ltr'><strong>De</strong></span> <span class='ocrx_word' id='word_1_435' title='bbox 2144 3843 2200 3918; x_wconf 76' lang='lat' dir='ltr'><strong>his</strong></span> 
     </span>
     <span class='ocr_line' id='line_1_44' title="bbox 164 3945 2200 4072; baseline -0.016 -20"><span class='ocrx_word' id='word_1_436' title='bbox 164 3983 227 4052; x_wconf 92' lang='lat' dir='ltr'><strong>bat</strong></span> <span class='ocrx_word' id='word_1_437' title='bbox 240 3974 462 4071; x_wconf 89' lang='lat' dir='ltr'><strong>blasphemas</strong></span> <span class='ocrx_word' id='word_1_438' title='bbox 476 4003 589 4052; x_wconf 85' lang='lat' dir='ltr'><strong>voces.</strong></span> <span class='ocrx_word' id='word_1_439' title='bbox 616 3975 693 4067; x_wconf 89' lang='lat' dir='ltr'><strong>Ego</strong></span> <span class='ocrx_word' id='word_1_440' title='bbox 709 3993 744 4049; x_wconf 92' lang='lat' dir='ltr'><strong>et</strong></span> <span class='ocrx_word' id='word_1_441' title='bbox 757 3975 848 4048; x_wconf 92' lang='lat' dir='ltr'><strong>mihi</strong></span> <span class='ocrx_word' id='word_1_442' title='bbox 861 3994 895 4049; x_wconf 92' lang='lat' dir='ltr'><strong>et</strong></span> <span class='ocrx_word' id='word_1_443' title='bbox 909 3981 1044 4072; x_wconf 73' lang='lat' dir='ltr'><strong>populo</strong></span> <span class='ocrx_word' id='word_1_444' title='bbox 1056 4005 1158 4052; x_wconf 62' lang='lat' dir='ltr'><strong>aum</strong></span> <span class='ocrx_word' id='word_1_445' title='bbox 1207 3964 1315 4068; x_wconf 59' lang='lat' dir='ltr'><strong>tantis</strong></span> <span class='ocrx_word' id='word_1_446' title='bbox 1330 3949 1470 4067; x_wconf 58' lang='lat' dir='ltr'><strong>rebus,</strong></span> <span class='ocrx_word' id='word_1_447' title='bbox 1504 3945 1637 4018; x_wconf 87' lang='lat' dir='ltr'><strong>Paulus</strong></span> <span class='ocrx_word' id='word_1_448' title='bbox 1664 3950 1888 4070; x_wconf 63' lang='lat' dir='ltr'><strong>utilrssrmam</strong></span> <span class='ocrx_word' id='word_1_449' title='bbox 1918 3954 2117 4069; x_wconf 71' lang='lat' dir='ltr'><strong>doctrinam</strong></span> <span class='ocrx_word' id='word_1_450' title='bbox 2148 3951 2200 4020; x_wconf 81' lang='lat' dir='ltr'><strong>rba</strong></span> 
     </span>
     <span class='ocr_line' id='line_1_45' title="bbox 166 4051 2201 4173; baseline -0.01 -31"><span class='ocrx_word' id='word_1_451' title='bbox 166 4086 365 4155; x_wconf 63' lang='lat' dir='ltr'><strong>obstructa,</strong></span> <span class='ocrx_word' id='word_1_452' title='bbox 387 4105 462 4151; x_wconf 68' lang='lat' dir='ltr'><strong>esse</strong></span> <span class='ocrx_word' id='word_1_453' title='bbox 484 4081 658 4172; x_wconf 62' lang='lat' dir='ltr'><strong>optarim,</strong></span> <span class='ocrx_word' id='word_1_454' title='bbox 684 4105 763 4151; x_wconf 61' lang='lat' dir='ltr'><strong>cum</strong></span> <span class='ocrx_word' id='word_1_455' title='bbox 782 4084 938 4152; x_wconf 57' lang='lat' dir='ltr'><strong>eduma„</strong></span> <span class='ocrx_word' id='word_1_456' title='bbox 956 4096 1017 4153; x_wconf 59' lang='lat' dir='ltr'><strong>,ug</strong></span> <span class='ocrx_word' id='word_1_457' title='bbox 1033 4084 1157 4173; x_wconf 53' lang='lat' dir='ltr'><strong>legun,</strong></span> <span class='ocrx_word' id='word_1_458' title='bbox 1207 4054 1492 4171; x_wconf 41' lang='lat' dir='ltr'><strong>tradrdrt,·quae</strong></span> <span class='ocrx_word' id='word_1_459' title='bbox 1517 4064 1588 4120; x_wconf 88' lang='lat' dir='ltr'><strong>tota</strong></span> <span class='ocrx_word' id='word_1_460' title='bbox 1611 4052 1776 4171; x_wconf 60' lang='lat' dir='ltr'><strong>obruitur</strong></span> <span class='ocrx_word' id='word_1_461' title='bbox 1797 4053 2060 4134; x_wconf 76' lang='lat' dir='ltr'><strong>deluamenns,</strong></span> <span class='ocrx_word' id='word_1_462' title='bbox 2082 4066 2117 4122; x_wconf 90' lang='lat' dir='ltr'><strong>et</strong></span> <span class='ocrx_word' id='word_1_463' title='bbox 2132 4051 2201 4123; x_wconf 87' lang='lat' dir='ltr'><strong>so-</strong></span> 
     </span>
     <span class='ocr_line' id='line_1_46' title="bbox 165 4149 2202 4275; baseline -0.006 -17"><span class='ocrx_word' id='word_1_464' title='bbox 165 4203 225 4258; x_wconf 92' lang='lat' dir='ltr'><strong>tur</strong></span> <span class='ocrx_word' id='word_1_465' title='bbox 241 4186 323 4257; x_wconf 89' lang='lat' dir='ltr'><strong>illae</strong></span> <span class='ocrx_word' id='word_1_466' title='bbox 340 4199 450 4256; x_wconf 88' lang='lat' dir='ltr'><strong>tetrae</strong></span> <span class='ocrx_word' id='word_1_467' title='bbox 464 4207 567 4254; x_wconf 89' lang='lat' dir='ltr'><strong>voces</strong></span> <span class='ocrx_word' id='word_1_468' title='bbox 580 4184 892 4255; x_wconf 89' lang='lat' dir='ltr'><strong>contendentium:</strong></span> <span class='ocrx_word' id='word_1_469' title='bbox 919 4184 1056 4254; x_wconf 89' lang='lat' dir='ltr'><strong>Novam</strong></span> <span class='ocrx_word' id='word_1_470' title='bbox 1071 4188 1158 4256; x_wconf 89' lang='lat' dir='ltr'><strong>obe·</strong></span> <span class='ocrx_word' id='word_1_471' title='bbox 1209 4149 1357 4245; x_wconf 61' lang='grc' dir='ltr'><strong>Ριὶίδῑκέὶ</strong></span> <span class='ocrx_word' id='word_1_472' title='bbox 1382 4154 1526 4271; x_wconf 66' lang='lat' dir='ltr'><strong>&#39;uf&#39;mm</strong></span> <span class='ocrx_word' id='word_1_473' title='bbox 1549 4167 1875 4272; x_wconf 61' lang='lat' dir='ltr'><strong>Pm‘sl&#39;liffilfflu&#39;ns</strong></span> <span class='ocrx_word' id='word_1_474' title='bbox 1899 4157 1960 4249; x_wconf 77' lang='lat' dir='ltr'><strong>‘lui</strong></span> <span class='ocrx_word' id='word_1_475' title='bbox 1986 4156 2202 4275; x_wconf 60' lang='lat' dir='ltr'><strong>dfm‘lu‘nl</strong></span> 
     </span>
     <span class='ocr_line' id='line_1_47' title="bbox 165 4253 2201 4378; baseline -0.009 -19"><span class='ocrx_word' id='word_1_476' title='bbox 165 4290 338 4360; x_wconf 93' lang='lat' dir='ltr'><strong>dientiam</strong></span> <span class='ocrx_word' id='word_1_477' title='bbox 357 4311 431 4356; x_wconf 93' lang='lat' dir='ltr'><strong>non</strong></span> <span class='ocrx_word' id='word_1_478' title='bbox 447 4310 521 4356; x_wconf 88' lang='lat' dir='ltr'><strong>esse</strong></span> <span class='ocrx_word' id='word_1_479' title='bbox 536 4287 787 4370; x_wconf 88' lang='lat' dir='ltr'><strong>necessariam,</strong></span> <span class='ocrx_word' id='word_1_480' title='bbox 814 4287 913 4356; x_wconf 90' lang='lat' dir='ltr'><strong>item:</strong></span> <span class='ocrx_word' id='word_1_481' title='bbox 940 4289 1035 4358; x_wconf 87' lang='lat' dir='ltr'><strong>bona</strong></span> <span class='ocrx_word' id='word_1_482' title='bbox 1051 4312 1156 4378; x_wconf 90' lang='lat' dir='ltr'><strong>opera</strong></span> <span class='ocrx_word' id='word_1_483' title='bbox 1208 4256 1315 4325; x_wconf 56' lang='lat' dir='ltr'>verba</span> <span class='ocrx_word' id='word_1_484' title='bbox 1332 4253 1436 4325; x_wconf 52' lang='grc' dir='ltr'><strong>ΡΜ</strong></span> <span class='ocrx_word' id='word_1_485' title='bbox 1455 4257 1499 4325; x_wconf 63' lang='lat' dir='ltr'><strong>“d</strong></span> <span class='ocrx_word' id='word_1_486' title='bbox 1516 4255 1584 4324; x_wconf 70' lang='lat'>³¹¹³</span> <span class='ocrx_word' id='word_1_487' title='bbox 1603 4280 1729 4345; x_wconf 60' lang='lat' dir='ltr'><strong>⁰Pef³²</strong></span> <span class='ocrx_word' id='word_1_488' title='bbox 1756 4281 1846 4349; x_wconf 54' lang='grc' dir='ltr'><strong>ΨΜ</strong></span> <span class='ocrx_word' id='word_1_489' title='bbox 1863 4281 2035 4350; x_wconf 52' lang='grc' dir='ltr'><strong>ΜΡΝ88Ιὸ</strong></span> <span class='ocrx_word' id='word_1_490' title='bbox 2052 4259 2201 4326; x_wconf 60' lang='lat' dir='ltr'><strong>manda·</strong></span> 
     </span>
    </p>
   </div>
   <div class='ocr_carea' id='block_1_9' title="bbox 167 4355 2201 4551">
    <p class='ocr_par' dir='ltr' id='par_1_9' title="bbox 167 4355 2201 4551">
     <span class='ocr_line' id='line_1_48' title="bbox 167 4355 2200 4480; baseline -0.007 -19"><span class='ocrx_word' id='word_1_491' title='bbox 167 4389 306 4461; x_wconf 84' lang='lat' dir='ltr'><strong>ofhcere</strong></span> <span class='ocrx_word' id='word_1_492' title='bbox 329 4391 446 4460; x_wconf 86' lang='lat' dir='ltr'><strong>saluti.</strong></span> <span class='ocrx_word' id='word_1_493' title='bbox 498 4388 695 4459; x_wconf 85' lang='lat' dir='ltr'><strong>Mirabitur</strong></span> <span class='ocrx_word' id='word_1_494' title='bbox 716 4390 903 4480; x_wconf 86' lang='lat' dir='ltr'><strong>posteritas</strong></span> <span class='ocrx_word' id='word_1_495' title='bbox 920 4384 1026 4461; x_wconf 89' lang='lat' dir='ltr'><strong>huius</strong></span> <span class='ocrx_word' id='word_1_496' title='bbox 1048 4391 1156 4462; x_wconf 89' lang='lat' dir='ltr'><strong>seculi</strong></span> <span class='ocrx_word' id='word_1_497' title='bbox 1207 4358 1253 4429; x_wconf 60' lang='lat'><strong>¹3⁸</strong></span> <span class='ocrx_word' id='word_1_498' title='bbox 1273 4357 1438 4476; x_wconf 51' lang='lat' dir='ltr'><strong>⁰fdl¹¹³l³</strong></span> <span class='ocrx_word' id='word_1_499' title='bbox 1459 4371 1554 4476; x_wconf 59' lang='grc' dir='ltr'><strong>ΨΜ·</strong></span> <span class='ocrx_word' id='word_1_500' title='bbox 1605 4355 1784 4429; x_wconf 62' lang='lat' dir='ltr'><strong>Ad‘lef‘ffl</strong></span> <span class='ocrx_word' id='word_1_501' title='bbox 1805 4361 1925 4480; x_wconf 48' lang='lat' dir='ltr'><strong>Pluris</strong></span> <span class='ocrx_word' id='word_1_502' title='bbox 1952 4359 2200 4478; x_wconf 50' lang='lat' dir='ltr'><strong>¹¹5⁵lfl¹¹8⁰⁵ll³</strong></span> 
     </span>
     <span class='ocr_line' id='line_1_49' title="bbox 1119 4454 2201 4551; baseline -0.003 -19"><span class='ocrx_word' id='word_1_503' title='bbox 1119 4495 1128 4512; x_wconf 95' lang='lat'><strong>·</strong></span> <span class='ocrx_word' id='word_1_504' title='bbox 1208 4475 1376 4551; x_wconf 71' lang='lat' dir='ltr'><strong>temporis</strong></span> <span class='ocrx_word' id='word_1_505' title='bbox 1399 4454 1616 4551; x_wconf 74' lang='lat' dir='ltr'><strong>prohiberet,</strong></span> <span class='ocrx_word' id='word_1_506' title='bbox 1667 4461 1736 4533; x_wconf 86' lang='lat' dir='ltr'><strong>Sed</strong></span> <span class='ocrx_word' id='word_1_507' title='bbox 1756 4487 1819 4531; x_wconf 88' lang='lat' dir='ltr'><strong>oco</strong></span> <span class='ocrx_word' id='word_1_508' title='bbox 1836 4465 1950 4534; x_wconf 87' lang='lat' dir='ltr'><strong>lilmm</strong></span> <span class='ocrx_word' id='word_1_509' title='bbox 1965 4460 2055 4547; x_wconf 84' lang='lat' dir='ltr'><strong>Der,</strong></span> <span class='ocrx_word' id='word_1_510' title='bbox 2080 4476 2120 4532; x_wconf 91' lang='lat' dir='ltr'><strong>ut</strong></span> <span class='ocrx_word' id='word_1_511' title='bbox 2135 4485 2201 4530; x_wconf 90' lang='lat' dir='ltr'><strong>nos</strong></span> 
     </span>
    </p>
   </div>
   <div class='ocr_carea' id='block_1_10' title="bbox 268 3773 1156 3870">
    <p class='ocr_par' dir='ltr' id='par_1_10' title="bbox 268 3773 1156 3870">
     <span class='ocr_line' id='line_1_50' title="bbox 268 3773 1156 3870; baseline 0 -25"><span class='ocrx_word' id='word_1_512' title='bbox 268 3773 505 3870; x_wconf 84' lang='lat' dir='ltr'><strong>Polycarpum</strong></span> <span class='ocrx_word' id='word_1_513' title='bbox 531 3789 691 3844; x_wconf 90' lang='lat' dir='ltr'><strong>sanctum</strong></span> <span class='ocrx_word' id='word_1_514' title='bbox 716 3798 835 3844; x_wconf 90' lang='lat' dir='ltr'><strong>senem</strong></span> <span class='ocrx_word' id='word_1_515' title='bbox 859 3775 978 3860; x_wconf 90' lang='lat' dir='ltr'><strong>aiunt,</strong></span> <span class='ocrx_word' id='word_1_516' title='bbox 1012 3776 1156 3846; x_wconf 91' lang='lat' dir='ltr'><strong>solitum</strong></span> 
     </span>
    </p>
   </div>
   <div class='ocr_carea' id='block_1_11' title="bbox 165 4492 2205 5503">
    <p class='ocr_par' dir='ltr' id='par_1_11' title="bbox 165 4492 1392 4687">
     <span class='ocr_line' id='line_1_51' title="bbox 165 4492 1104 4584; baseline -0.002 -20"><span class='ocrx_word' id='word_1_517' title='bbox 165 4495 324 4574; x_wconf 85' lang='lat' dir='ltr'><strong>furores,</strong></span> <span class='ocrx_word' id='word_1_518' title='bbox 349 4515 421 4584; x_wconf 91' lang='lat' dir='ltr'><strong>quo</strong></span> <span class='ocrx_word' id='word_1_519' title='bbox 443 4492 669 4578; x_wconf 90' lang='lat' dir='ltr'><strong>conceditur,</strong></span> <span class='ocrx_word' id='word_1_520' title='bbox 695 4505 735 4562; x_wconf 90' lang='lat' dir='ltr'><strong>ut</strong></span> <span class='ocrx_word' id='word_1_521' title='bbox 757 4492 842 4562; x_wconf 90' lang='lat' dir='ltr'><strong>talia</strong></span> <span class='ocrx_word' id='word_1_522' title='bbox 865 4493 1104 4563; x_wconf 87' lang='lat' dir='ltr'><strong>defendantur</strong></span> 
     </span>
     <span class='ocr_line' id='line_1_52' title="bbox 167 4566 1392 4687; baseline 0.002 -24"><span class='ocrx_word' id='word_1_523' title='bbox 167 4592 344 4682; x_wconf 91' lang='lat' dir='ltr'><strong>Templis,</strong></span> <span class='ocrx_word' id='word_1_524' title='bbox 374 4605 409 4662; x_wconf 90' lang='lat' dir='ltr'><strong>et</strong></span> <span class='ocrx_word' id='word_1_525' title='bbox 430 4592 594 4682; x_wconf 89' lang='lat' dir='ltr'><strong>legantur</strong></span> <span class='ocrx_word' id='word_1_526' title='bbox 615 4597 653 4664; x_wconf 93' lang='lat' dir='ltr'><strong>in</strong></span> <span class='ocrx_word' id='word_1_527' title='bbox 680 4595 833 4686; x_wconf 90' lang='lat' dir='ltr'><strong>publicis</strong></span> <span class='ocrx_word' id='word_1_528' title='bbox 856 4593 1018 4687; x_wconf 89' lang='lat' dir='ltr'><strong>Scriptis.</strong></span> <span class='ocrx_word' id='word_1_529' title='bbox 1076 4592 1157 4666; x_wconf 82' lang='lat' dir='ltr'><strong>Est</strong></span> <span class='ocrx_word' id='word_1_530' title='bbox 1208 4566 1392 4655; x_wconf 58' lang='lat' dir='ltr'><strong>gubernet·</strong></span> 
     </span>
    </p>

    <p class='ocr_par' dir='ltr' id='par_1_12' title="bbox 165 4687 2205 5503">
     <span class='ocr_line' id='line_1_53' title="bbox 166 4687 2201 4791; baseline -0 -28"><span class='ocrx_word' id='word_1_531' title='bbox 166 4708 284 4764; x_wconf 89' lang='lat' dir='ltr'><strong>autem</strong></span> <span class='ocrx_word' id='word_1_532' title='bbox 307 4687 452 4763; x_wconf 89' lang='lat' dir='ltr'><strong>etmihi</strong></span> <span class='ocrx_word' id='word_1_533' title='bbox 474 4695 606 4784; x_wconf 91' lang='lat' dir='ltr'><strong>placet,</strong></span> <span class='ocrx_word' id='word_1_534' title='bbox 630 4721 704 4767; x_wconf 90' lang='lat' dir='ltr'><strong>non</strong></span> <span class='ocrx_word' id='word_1_535' title='bbox 729 4699 782 4769; x_wconf 90' lang='lat' dir='ltr'><strong>uti</strong></span> <span class='ocrx_word' id='word_1_536' title='bbox 808 4693 874 4768; x_wconf 94' lang='lat' dir='ltr'><strong>hac</strong></span> <span class='ocrx_word' id='word_1_537' title='bbox 895 4699 1157 4791; x_wconf 86' lang='lat' dir='ltr'><strong>propositione:</strong></span> <span class='ocrx_word' id='word_1_538' title='bbox 1309 4693 1495 4769; x_wconf 81' lang='lat' dir='ltr'><strong>Adhortor</strong></span> <span class='ocrx_word' id='word_1_539' title='bbox 1510 4698 1616 4769; x_wconf 88' lang='lat' dir='ltr'><strong>etiam</strong></span> <span class='ocrx_word' id='word_1_540' title='bbox 1635 4697 1796 4788; x_wconf 92' lang='lat' dir='ltr'><strong>publicos</strong></span> <span class='ocrx_word' id='word_1_541' title='bbox 1806 4696 2055 4784; x_wconf 86' lang='lat' dir='ltr'><strong>Magistratus,</strong></span> <span class='ocrx_word' id='word_1_542' title='bbox 2080 4709 2120 4764; x_wconf 93' lang='lat' dir='ltr'><strong>ut</strong></span> <span class='ocrx_word' id='word_1_543' title='bbox 2133 4720 2201 4787; x_wconf 89' lang='lat' dir='ltr'><strong>pu-</strong></span> 
     </span>
     <span class='ocr_line' id='line_1_54' title="bbox 166 4794 2202 4890; baseline 0 -24"><span class='ocrx_word' id='word_1_544' title='bbox 166 4794 271 4866; x_wconf 88' lang='lat' dir='ltr'><strong>Bona</strong></span> <span class='ocrx_word' id='word_1_545' title='bbox 302 4819 408 4886; x_wconf 87' lang='lat' dir='ltr'><strong>opera</strong></span> <span class='ocrx_word' id='word_1_546' title='bbox 437 4807 522 4864; x_wconf 91' lang='lat' dir='ltr'><strong>sunt</strong></span> <span class='ocrx_word' id='word_1_547' title='bbox 550 4800 747 4868; x_wconf 89' lang='lat' dir='ltr'><strong>necessaria</strong></span> <span class='ocrx_word' id='word_1_548' title='bbox 770 4802 812 4869; x_wconf 93' lang='lat' dir='ltr'><strong>ad</strong></span> <span class='ocrx_word' id='word_1_549' title='bbox 835 4801 1003 4881; x_wconf 88' lang='lat' dir='ltr'><strong>salutem,</strong></span> <span class='ocrx_word' id='word_1_550' title='bbox 1037 4816 1157 4872; x_wconf 91' lang='lat' dir='ltr'><strong>tamen</strong></span> <span class='ocrx_word' id='word_1_551' title='bbox 1207 4801 1310 4869; x_wconf 88' lang='lat' dir='ltr'><strong>blicis</strong></span> <span class='ocrx_word' id='word_1_552' title='bbox 1334 4800 1458 4888; x_wconf 89' lang='lat' dir='ltr'><strong>poenis</strong></span> <span class='ocrx_word' id='word_1_553' title='bbox 1472 4794 1683 4869; x_wconf 87' lang='lat' dir='ltr'><strong>coherceant</strong></span> <span class='ocrx_word' id='word_1_554' title='bbox 1698 4797 1930 4888; x_wconf 87' lang='lat' dir='ltr'><strong>petulantiam</strong></span> <span class='ocrx_word' id='word_1_555' title='bbox 1947 4795 2113 4880; x_wconf 90' lang='lat' dir='ltr'><strong>illorum,</strong></span> <span class='ocrx_word' id='word_1_556' title='bbox 2139 4797 2202 4890; x_wconf 89' lang='lat' dir='ltr'><strong>qni</strong></span> 
     </span>
     <span class='ocr_line' id='line_1_55' title="bbox 167 4897 2201 4982; baseline -0 -13"><span class='ocrx_word' id='word_1_557' title='bbox 167 4910 370 4969; x_wconf 87' lang='lat' dir='ltr'><strong>constanter</strong></span> <span class='ocrx_word' id='word_1_558' title='bbox 391 4897 561 4982; x_wconf 86' lang='lat' dir='ltr'><strong>adfirmo,</strong></span> <span class='ocrx_word' id='word_1_559' title='bbox 588 4911 623 4966; x_wconf 90' lang='lat' dir='ltr'><strong>et</strong></span> <span class='ocrx_word' id='word_1_560' title='bbox 637 4897 714 4969; x_wconf 88' lang='lat' dir='ltr'><strong>Deo</strong></span> <span class='ocrx_word' id='word_1_561' title='bbox 735 4901 880 4971; x_wconf 89' lang='lat' dir='ltr'><strong>iuvante</strong></span> <span class='ocrx_word' id='word_1_562' title='bbox 900 4903 939 4970; x_wconf 92' lang='lat' dir='ltr'><strong>in</strong></span> <span class='ocrx_word' id='word_1_563' title='bbox 958 4916 1032 4973; x_wconf 90' lang='lat' dir='ltr'><strong>tota</strong></span> <span class='ocrx_word' id='word_1_564' title='bbox 1046 4918 1160 4973; x_wconf 88' lang='lat' dir='ltr'><strong>acter-</strong></span> <span class='ocrx_word' id='word_1_565' title='bbox 1208 4903 1288 4971; x_wconf 90' lang='lat' dir='ltr'><strong>illas</strong></span> <span class='ocrx_word' id='word_1_566' title='bbox 1316 4901 1518 4972; x_wconf 90' lang='lat' dir='ltr'><strong>barbaricas</strong></span> <span class='ocrx_word' id='word_1_567' title='bbox 1548 4924 1650 4969; x_wconf 84' lang='lat' dir='ltr'><strong>voces</strong></span> <span class='ocrx_word' id='word_1_568' title='bbox 1674 4900 1889 4982; x_wconf 88' lang='lat' dir='ltr'><strong>defendunt,</strong></span> <span class='ocrx_word' id='word_1_569' title='bbox 1928 4900 2201 4968; x_wconf 88' lang='lat' dir='ltr'><strong>contumeliosas</strong></span> 
     </span>
     <span class='ocr_line' id='line_1_56' title="bbox 166 4995 2202 5092; baseline 0.001 -23"><span class='ocrx_word' id='word_1_570' title='bbox 166 5000 277 5069; x_wconf 91' lang='lat' dir='ltr'><strong>nitate</strong></span> <span class='ocrx_word' id='word_1_571' title='bbox 297 5000 513 5084; x_wconf 87' lang='lat' dir='ltr'><strong>adfirmabo,</strong></span> <span class='ocrx_word' id='word_1_572' title='bbox 539 4995 632 5069; x_wconf 89' lang='lat' dir='ltr'><strong>hanc</strong></span> <span class='ocrx_word' id='word_1_573' title='bbox 648 5002 928 5092; x_wconf 88' lang='lat' dir='ltr'><strong>propositionem</strong></span> <span class='ocrx_word' id='word_1_574' title='bbox 949 5027 1068 5073; x_wconf 88' lang='lat' dir='ltr'><strong>veram</strong></span> <span class='ocrx_word' id='word_1_575' title='bbox 1084 5025 1158 5072; x_wconf 90' lang='lat' dir='ltr'><strong>esse</strong></span> <span class='ocrx_word' id='word_1_576' title='bbox 1209 5017 1332 5073; x_wconf 87' lang='lat' dir='ltr'><strong>contra</strong></span> <span class='ocrx_word' id='word_1_577' title='bbox 1357 4999 1492 5087; x_wconf 91' lang='lat' dir='ltr'><strong>Deum,</strong></span> <span class='ocrx_word' id='word_1_578' title='bbox 1525 5016 1559 5070; x_wconf 92' lang='lat' dir='ltr'><strong>et</strong></span> <span class='ocrx_word' id='word_1_579' title='bbox 1582 5000 1797 5091; x_wconf 91' lang='lat' dir='ltr'><strong>perniciosas</strong></span> <span class='ocrx_word' id='word_1_580' title='bbox 1817 4999 1990 5071; x_wconf 85' lang='lat' dir='ltr'><strong>moribus.</strong></span> <span class='ocrx_word' id='word_1_581' title='bbox 2043 4998 2202 5074; x_wconf 89' lang='lat' dir='ltr'><strong>Discant</strong></span> 
     </span>
     <span class='ocr_line' id='line_1_57' title="bbox 167 5097 2200 5194; baseline -0 -21"><span class='ocrx_word' id='word_1_582' title='bbox 167 5104 245 5173; x_wconf 90' lang='lat' dir='ltr'><strong>sine</strong></span> <span class='ocrx_word' id='word_1_583' title='bbox 268 5103 342 5173; x_wconf 92' lang='lat' dir='ltr'><strong>ulla</strong></span> <span class='ocrx_word' id='word_1_584' title='bbox 362 5103 550 5194; x_wconf 88' lang='lat' dir='ltr'><strong>peregrina·</strong></span> <span class='ocrx_word' id='word_1_585' title='bbox 571 5102 880 5192; x_wconf 86' lang='lat' dir='ltr'><strong>interpretatione,</strong></span> <span class='ocrx_word' id='word_1_586' title='bbox 904 5104 982 5173; x_wconf 89' lang='lat' dir='ltr'><strong>sine</strong></span> <span class='ocrx_word' id='word_1_587' title='bbox 1001 5105 1076 5174; x_wconf 91' lang='lat' dir='ltr'><strong>ulla</strong></span> <span class='ocrx_word' id='word_1_588' title='bbox 1091 5103 1160 5175; x_wconf 89' lang='lat' dir='ltr'><strong>So·</strong></span> <span class='ocrx_word' id='word_1_589' title='bbox 1210 5102 1267 5173; x_wconf 93' lang='lat' dir='ltr'><strong>illi</strong></span> <span class='ocrx_word' id='word_1_590' title='bbox 1297 5105 1470 5174; x_wconf 88' lang='lat' dir='ltr'><strong>admoniti</strong></span> <span class='ocrx_word' id='word_1_591' title='bbox 1496 5102 1705 5171; x_wconf 89' lang='lat' dir='ltr'><strong>verberibus</strong></span> <span class='ocrx_word' id='word_1_592' title='bbox 1727 5115 1768 5172; x_wconf 88' lang='lat' dir='ltr'><strong>ut</strong></span> <span class='ocrx_word' id='word_1_593' title='bbox 1793 5097 1997 5187; x_wconf 84' lang='lat' dir='ltr'><strong>Thersites,</strong></span> <span class='ocrx_word' id='word_1_594' title='bbox 2037 5105 2200 5193; x_wconf 90' lang='lat' dir='ltr'><strong>petulan-</strong></span> 
     </span>
     <span class='ocr_line' id='line_1_58' title="bbox 166 5197 2203 5299; baseline 0.001 -26"><span class='ocrx_word' id='word_1_595' title='bbox 166 5200 318 5299; x_wconf 89' lang='lat' dir='ltr'><strong>phistica</strong></span> <span class='ocrx_word' id='word_1_596' title='bbox 340 5206 568 5276; x_wconf 91' lang='lat' dir='ltr'><strong>intellectam:</strong></span> <span class='ocrx_word' id='word_1_597' title='bbox 596 5203 696 5275; x_wconf 85' lang='lat' dir='ltr'><strong>Nova</strong></span> <span class='ocrx_word' id='word_1_598' title='bbox 714 5205 917 5275; x_wconf 91' lang='lat' dir='ltr'><strong>obedientia</strong></span> <span class='ocrx_word' id='word_1_599' title='bbox 934 5220 985 5275; x_wconf 90' lang='lat' dir='ltr'><strong>est</strong></span> <span class='ocrx_word' id='word_1_600' title='bbox 999 5229 1160 5276; x_wconf 89' lang='lat' dir='ltr'><strong>necessa·</strong></span> <span class='ocrx_word' id='word_1_601' title='bbox 1208 5208 1295 5277; x_wconf 90' lang='lat' dir='ltr'><strong>tiam</strong></span> <span class='ocrx_word' id='word_1_602' title='bbox 1310 5207 1452 5297; x_wconf 87' lang='lat' dir='ltr'><strong>linguae</strong></span> <span class='ocrx_word' id='word_1_603' title='bbox 1467 5205 1711 5295; x_wconf 88' lang='lat' dir='ltr'><strong>turpissimum</strong></span> <span class='ocrx_word' id='word_1_604' title='bbox 1728 5206 1892 5275; x_wconf 91' lang='lat' dir='ltr'><strong>morbum</strong></span> <span class='ocrx_word' id='word_1_605' title='bbox 1909 5229 1982 5275; x_wconf 86' lang='lat' dir='ltr'><strong>esse</strong></span> <span class='ocrx_word' id='word_1_606' title='bbox 1999 5197 2203 5286; x_wconf 79' lang='grc' dir='ltr'><strong><em>ἀκόλαστος</em></strong></span> 
     </span>
     <span class='ocr_line' id='line_1_59' title="bbox 165 5299 2204 5408; baseline -0.001 -30"><span class='ocrx_word' id='word_1_607' title='bbox 165 5307 239 5389; x_wconf 83' lang='lat' dir='ltr'><strong>ria,</strong></span> <span class='ocrx_word' id='word_1_608' title='bbox 265 5330 344 5394; x_wconf 89' lang='lat' dir='ltr'><strong>seu,</strong></span> <span class='ocrx_word' id='word_1_609' title='bbox 368 5311 585 5398; x_wconf 85' lang='lat' dir='ltr'><strong>bonaopera</strong></span> <span class='ocrx_word' id='word_1_610' title='bbox 603 5320 688 5380; x_wconf 91' lang='lat' dir='ltr'><strong>sunt</strong></span> <span class='ocrx_word' id='word_1_611' title='bbox 701 5307 916 5389; x_wconf 86' lang='lat' dir='ltr'><strong>necessaria,</strong></span> <span class='ocrx_word' id='word_1_612' title='bbox 939 5309 1021 5403; x_wconf 91' lang='lat' dir='ltr'><strong>quia</strong></span> <span class='ocrx_word' id='word_1_613' title='bbox 1038 5331 1161 5379; x_wconf 90' lang='lat' dir='ltr'><strong>neces-</strong></span> <span class='ocrx_word' id='word_1_614' title='bbox 1209 5312 1362 5408; x_wconf 74' lang='grc' dir='ltr'><strong><em>γλῶσσα</em></strong></span> <span class='ocrx_word' id='word_1_615' title='bbox 1376 5303 1547 5401; x_wconf 76' lang='grc' dir='ltr'><strong><em>αἰσχίστη</em></strong></span> <span class='ocrx_word' id='word_1_616' title='bbox 1561 5299 1682 5387; x_wconf 82' lang='grc' dir='ltr'><strong><em>νόσος.</em></strong></span> <span class='ocrx_word' id='word_1_617' title='bbox 1726 5305 1884 5378; x_wconf 89' lang='lat' dir='ltr'><strong>Pertinet</strong></span> <span class='ocrx_word' id='word_1_618' title='bbox 1899 5309 1995 5377; x_wconf 92' lang='lat' dir='ltr'><strong>enim</strong></span> <span class='ocrx_word' id='word_1_619' title='bbox 2012 5321 2045 5376; x_wconf 91' lang='lat' dir='ltr'><strong>et</strong></span> <span class='ocrx_word' id='word_1_620' title='bbox 2063 5311 2107 5375; x_wconf 88' lang='lat' dir='ltr'><strong>ad</strong></span> <span class='ocrx_word' id='word_1_621' title='bbox 2127 5309 2204 5399; x_wconf 90' lang='lat' dir='ltr'><strong>pios</strong></span> 
     </span>
     <span class='ocr_line' id='line_1_60' title="bbox 165 5405 2205 5503; baseline 0 -23"><span class='ocrx_word' id='word_1_622' title='bbox 165 5411 299 5480; x_wconf 89' lang='lat' dir='ltr'><strong>sarium</strong></span> <span class='ocrx_word' id='word_1_623' title='bbox 324 5435 398 5480; x_wconf 91' lang='lat' dir='ltr'><strong>non</strong></span> <span class='ocrx_word' id='word_1_624' title='bbox 422 5410 597 5501; x_wconf 87' lang='lat' dir='ltr'><strong>significat</strong></span> <span class='ocrx_word' id='word_1_625' title='bbox 618 5422 716 5481; x_wconf 93' lang='lat' dir='ltr'><strong>metu</strong></span> <span class='ocrx_word' id='word_1_626' title='bbox 738 5422 934 5497; x_wconf 89' lang='lat' dir='ltr'><strong>extortum,</strong></span> <span class='ocrx_word' id='word_1_627' title='bbox 965 5413 1028 5483; x_wconf 92' lang='lat' dir='ltr'><strong>sed</strong></span> <span class='ocrx_word' id='word_1_628' title='bbox 1049 5411 1160 5502; x_wconf 89' lang='lat' dir='ltr'><strong>signi·</strong></span> <span class='ocrx_word' id='word_1_629' title='bbox 1209 5412 1433 5501; x_wconf 85' lang='lat' dir='ltr'><strong>magistratus</strong></span> <span class='ocrx_word' id='word_1_630' title='bbox 1461 5405 1686 5501; x_wconf 88' lang='lat' dir='ltr'><strong>blasphemos</strong></span> <span class='ocrx_word' id='word_1_631' title='bbox 1717 5424 1752 5480; x_wconf 87' lang='lat' dir='ltr'><strong>et</strong></span> <span class='ocrx_word' id='word_1_632' title='bbox 1785 5411 2002 5503; x_wconf 90' lang='lat' dir='ltr'><strong>perniciosos</strong></span> <span class='ocrx_word' id='word_1_633' title='bbox 2025 5433 2205 5480; x_wconf 89' lang='lat' dir='ltr'><strong>sermones</strong></span> 
     </span>
    </p>
   </div>
   <div class='ocr_carea' id='block_1_12' title="bbox 165 5511 1498 5612">
    <p class='ocr_par' dir='ltr' id='par_1_13' title="bbox 165 5511 1498 5612">
     <span class='ocr_line' id='line_1_61' title="bbox 165 5511 1498 5612; baseline 0 -29"><span class='ocrx_word' id='word_1_634' title='bbox 165 5514 248 5586; x_wconf 81' lang='lat' dir='ltr'><strong>ficat</strong></span> <span class='ocrx_word' id='word_1_635' title='bbox 278 5515 442 5585; x_wconf 90' lang='lat' dir='ltr'><strong>ordinem</strong></span> <span class='ocrx_word' id='word_1_636' title='bbox 469 5514 654 5600; x_wconf 89' lang='lat' dir='ltr'><strong>divinum,</strong></span> <span class='ocrx_word' id='word_1_637' title='bbox 687 5537 760 5612; x_wconf 91' lang='lat' dir='ltr'><strong>quo</strong></span> <span class='ocrx_word' id='word_1_638' title='bbox 789 5525 948 5586; x_wconf 85' lang='lat' dir='ltr'><strong>creatura</strong></span> <span class='ocrx_word' id='word_1_639' title='bbox 973 5514 1160 5587; x_wconf 87' lang='lat' dir='ltr'><strong>rationalis</strong></span> <span class='ocrx_word' id='word_1_640' title='bbox 1211 5514 1351 5607; x_wconf 87' lang='lat' dir='ltr'><strong>punire.</strong></span> <span class='ocrx_word' id='word_1_641' title='bbox 1404 5511 1498 5584; x_wconf 88' lang='lat' dir='ltr'><strong>Dixi.</strong></span> 
     </span>
    </p>
   </div>
   <div class='ocr_carea' id='block_1_13' title="bbox 1521 5610 1607 5687">
    <p class='ocr_par' dir='ltr' id='par_1_14' title="bbox 1521 5610 1607 5687">
     <span class='ocr_line' id='line_1_62' title="bbox 1521 5610 1607 5687; baseline -0.035 0"><span class='ocrx_word' id='word_1_642' title='bbox 1521 5610 1607 5687; x_wconf 81' lang='lat'><strong>56*</strong></span> 
     </span>
    </p>
   </div>
   <div class='ocr_carea' id='block_1_14' title="bbox 0 0 2378 6021">
    <p class='ocr_par' dir='ltr' id='par_1_15' title="bbox 0 0 2378 6021">
     <span class='ocr_line' id='line_1_63' title="bbox 0 0 2378 6021; baseline 0 0"><span class='ocrx_word' id='word_1_643' title='bbox 0 0 2378 6021; x_wconf 95' lang='lat' dir='ltr'><strong> </strong></span> 
     </span>
    </p>
   </div>
  </div>
 </body>
</html>
