4748 6022
253 278 329 354 499

255 449 429 523 Adfertur
448 441 520 515 buc
535 437 752 512 Terentiana
773 435 906 520 fabula,

130 629 135 635 ,
253 551 323 624 Cui
340 573 473 619 nomeu
493 559 597 616 autor
612 543 686 633 ipse
700 539 783 609 fecit
798 535 988 618 Andriam,

254 654 405 736 Favete,
431 649 546 720 bellus
559 647 596 715 in
612 644 769 713 medium
785 638 906 731 prodit
924 660 1040 707 senex.

273 862 1240 894 Μ

292 1031 359 1102 No.
388 1026 449 1100 46.

265 1127 478 1160 Μ
585 1108 589 1117 ’

900 1013 969 1112 (an.
985 1023 1080 1086 1625.
1096 1023 1145 1081 vel
1159 1010 1234 1103 26.)

896 1112 1252 1158 w

329 1241 362 1293 ln
376 1233 512 1302 farragine
525 1231 617 1287 secer.
630 1240 657 1284 et
668 1229 698 1283 iu
713 1245 778 1302 opp.
792 1193 856 1285 1322.
872 1227 907 1284 Τ.
922 1226 954 1281 V.
972 1248 999 1301 p.
1011 1225 1073 1281 682.
1097 1225 1167 1279 Item
1182 1222 1253 1288 apud

366 1305 488 1358 vincent.
507 1299 609 1370 2123.

411 1462 589 1556 Prologus
614 1464 657 1532 tn
678 1457 873 1532 Hecubam
895 1453 1101 1549 Euripidis.
1170 1467 1177 1483 ·

260 1618 400 1690 Salvete
415 1628 625 1709 spectatores
641 1611 899 1698 candidissimi,

259 1719 335 1811 Qui
352 1719 530 1791 literariae
547 1718 599 1786 rei
617 1717 709 1786 bene
727 1715 867 1806 cupitis,

259 1823 310 1895 Hi
323 1847 379 1892 me
399 1820 548 1890 luvenes
563 1819 682 1889 daturi
699 1815 807 1888 hodie
822 1815 1060 1904 Tragoediam

259 1922 376 1998 Orare
393 1946 533 1993 causam
550 1923 643 2013 apud
661 1944 723 1990 vos
742 1923 922 1990 iusserunt
938 1939 1048 1989 suam.

260 2026 346 2099 ldeo
365 2022 424 2096 bic
439 2025 569 2118 inipso
586 2022 729 2093 constiti
743 2020 943 2115 proscenio,

127 2141 132 2147 ’
259 2127 309 2202 Et
321 2130 397 2218 lege
411 2128 548 2196 scenica
565 2140 666 2217 peto,
686 2138 726 2196 ut
740 2123 863 2218 aequis
879 2118 1026 2191 auribus

260 2228 473 2303 Orationem
491 2228 669 2319 accipiatis
685 2252 818 2307 meam,
847 2237 881 2294 et
895 2244 993 2292 meos

260 2333 431 2423 Gregales
446 2331 619 2401 invidiam
635 2343 758 2399 contra
774 2325 958 2399 tueamini.

259 2434 418 2526 Quidam
431 2459 535 2517 novo,
560 2425 711 2527 atque*)
727 2432 873 2501 infando
888 2427 1048 2518 exemplo
1061 2422 1253 2508 clamitant,

259 2538 386 2608 Factos
403 2537 520 2605 alieno
539 2549 699 2626 tempore
718 2534 821 2603 ludos
839 2530 1006 2609 scenicos,

260 2638 309 2710 Et
325 2663 402 2708 sera
419 2630 654 2706 Bacchanalia
670 2661 688 2704 a
708 2634 813 2704 nobis
831 2632 899 2722 agi,

225 2820 228 2827 ,
258 2741 355 2814 Dum
373 2736 587 2809 Christianis
601 2740 822 2828 operandum
839 2733 946 2803 sacris
958 2731 1038 2803 fuit.

258 2843 332 2915 Nec
349 2841 511 2934 publicos
524 2862 658 2926 mores,
685 2864 749 2909 nec
766 2861 861 2907 sacra
877 2836 1017 2905 laedere
1144 2912 1150 2923 ,

257 2945 355 3018 Ludi
372 2955 507 3037 queunt
522 2942 647 3015 nostri.
699 2941 788 3012 Nam
807 2964 882 3008 non
897 2934 1127 3008 Comoediam

258 3047 475 3131 Iocularem,
499 3059 561 3115 aut
576 3043 750 3114 iuveniles
766 3064 924 3126 amores,
949 3042 1088 3110 furtave

258 3149 483 3232 Puellarum,
511 3161 571 3216 aut
585 3148 820 3238 parasitorum
840 3142 1003 3214 scurrilia

163 3331 174 3351 Ι
258 3249 340 3321 Huc
358 3252 524 3319 adferunt
537 3250 647 3332 dicta,
675 3273 763 3342 quae
784 3246 936 3315 infirmis
952 3244 1069 3314 solent

258 3352 394 3424 Nocere
412 3353 611 3433 mentibus,
637 3354 697 3419 sed
711 3352 833 3419 tetrica
849 3348 982 3431 fabula,

259 3453 524 3547 sententiisque
537 3454 663 3523 referta
680 3451 895 3543 gravissimis
912 3452 1030 3532 datur,

258 3557 303 3628 ln
318 3581 387 3651 qua
404 3559 568 3627 fortunae
584 3555 698 3624 varias
713 3576 856 3624 cernere
873 3568 923 3624 est
939 3551 1045 3635 vices,

258 3659 359 3750 Quae
374 3659 511 3749 magnis
529 3659 656 3749 opibus
678 3659 863 3738 invidens,
890 3666 1058 3735 evertere,

191 3841 197 3851 ,
245 3751 452 3852 *Fasrigium
467 3763 512 3831 ad
529 3783 707 3830 summum
723 3784 811 3853 quos
825 3757 956 3840 evexit,
981 3755 1082 3826 solet.

257 3865 297 3938 si
318 3890 423 3959 quem
439 3866 582 3944 fortuna
597 3862 705 3945 fovit,
730 3860 902 3929 mollibus
918 3854 1100 3939 hactenus,

255 3965 494 4059 Regnumque
509 3967 538 4034 si
556 3965 612 4034 cui
630 3988 749 4055 gerere
766 3963 984 4054 praeclarum
1003 3957 1103 4028 dedit

256 4069 300 4138 ln
316 4070 448 4162 populo
466 4063 563 4137 hunc
581 4080 722 4138 nostrae
741 4076 970 4136 commonent
986 4055 1207 4151 Tragoediae

255 4168 449 4261 Exempla,
476 4183 672 4260 suspectam
687 4171 852 4239 fortunae
866 4169 995 4236 ducere

216 4342 218 4347 .
253 4272 400 4354 Fidem,
428 4271 497 4340 ima
517 4271 665 4340 summis
680 4283 861 4340 momento
878 4280 992 4338 mutat
1007 4264 1089 4338 levi.
1143 4251 1147 4268 ¹

253 4372 366 4445 Proin
381 4374 493 4442 favete
514 4385 673 4454 nostrae,
699 4396 847 4465 quaeso,
871 4371 1025 4455 fabulae,

254 4474 579 4566 Memorabilesque
593 4471 687 4542 vitae
700 4496 801 4543 casus
815 4472 964 4561 noscite,

254 4580 473 4672 Tragoediae
488 4571 596 4647 huius
608 4589 712 4645 autor
727 4590 778 4645 est
792 4573 1019 4665 gravissimus

251 4681 461 4774 Euripides,
487 4680 589 4751 cuius
604 4678 643 4748 in
659 4675 833 4770 poe'matis
848 4676 898 4746 ait

252 4780 409 4855 Oracula
426 4799 495 4870 tot,
521 4796 609 4879 quot
622 4782 763 4865 sersus,
790 4803 863 4849 esse
880 4776 1035 4849 Tullius.

251 4884 360 4976 Quod
377 4889 406 4956 si
422 4889 641 4977 placeamus,
670 4886 763 4955 clare
781 4878 870 4951 mihi
885 4881 1048 4972 plausum
1067 4880 1158 4952 date.

250 4985 322 5060 Sed
339 5003 587 5077 argumentum
604 4988 731 5079 cupitis
746 4985 836 5056 scire
850 4985 1004 5068 fabulae,

249 5090 292 5164 ld
310 5093 397 5163 dicit
413 5092 483 5159 iam
498 5088 698 5184 Polydorus
716 5076 863 5159 emissus
878 5110 985 5179 specu

246 5192 433 5268 Profunda
449 5192 613 5278 Tartari,
637 5193 749 5264 fatum
764 5204 908 5286 questus
922 5213 1037 5264 suum.

280 5460 309 5530 ¹⁹)
326 5463 422 5532 atque]
441 5459 502 5515 llas.
516 5467 554 5514 et.

1002 200 1327 337 caanrnun
1376 257 1485 335 am.
1509 258 1542 353 r.

1300 521 1304 530 ¹
1332 430 1398 504 No.
1426 428 1488 505 47.

1257 3947 1261 3957 ,
1309 3921 1479 3949 Μ

2220 263 2301 340 600

1951 432 2018 530 (aa.
2035 442 2131 511 1525.
2146 447 2197 506 vel
2210 445 2287 527 26.)

1305 527 1518 566 Μ
1936 533 2299 581 Nm

1274 611 1277 627 1
1370 648 1400 700 lu
1419 648 1554 718 farragine
1575 647 1676 702 Secerii
1697 658 1724 703 et
1741 646 1772 701 in
1793 665 1858 719 opp.
1876 646 1940 703 Bas.
1963 647 1996 706 T.
2010 647 2044 706 V.
2069 669 2097 724 p,
2108 649 2170 708 661.
2215 653 2300 725 Apud

1406 716 1534 771 vincent.
1554 737 1579 788 p.
1598 717 1654 772 124.

1463 880 1640 974 Prologus
1666 881 1708 949 in
1737 875 1937 973 Thyestem
1962 883 2145 956 Senecae.

1303 1028 1443 1101 Salvete
1461 1045 1673 1123 spectatores
1687 1034 1945 1121 candidissimi,

1301 1131 1461 1202 Honoris
1478 1129 1547 1204 huc
1565 1136 1770 1229 quicunque
1787 1139 1902 1209 nostri
1919 1136 2051 1226 gratiae

1304 1232 1481 1321 Venistis,
1508 1249 1543 1306 et
1557 1239 1683 1307 favetis
1695 1239 1833 1309 artibus
1846 1241 1963 1328 bonis,

1303 1336 1466 1427 Quarum
1493 1340 1764 1411 excolendamm
1792 1339 1939 1440 modo¹)
1966 1362 2087 1427 causa,
2123 1343 2297 1440 quicquid

1817 1461 1880 1532 esc,

1304 1540 1408 1631 Quod
1427 1566 1554 1634 operae
1562 1534 1593 1634 2)
1614 1543 1782 1634 ponimus
1798 1546 1838 1615 in
1854 1544 2001 1637 agendis
2015 1545 2147 1617 fabulis

1303 1641 1497 1714 sumimus.
1548 1645 1597 1714 At
1617 1670 1662 1715 ne
1684 1648 1862 1718 detineam
1884 1672 1949 1720 vos
1971 1647 2120 1734 diutius,

1302 1744 1439 1820 Dicam.
1493 1743 1676 1841 Thyesten
1693 1751 1806 1821 acturi
1824 1750 1978 1822 Senecae
1992 1772 2125 1838 sumus,

1303 1844 1349 1918 Et
1363 1849 1471 1941 impia
1488 1851 1638 1920 fratrum
1655 1853 1765 1938 facta,
1791 1854 1976 1946 tristesque
1990 1852 2103 1921 esitus
2127 1925 2129 1929 ,

1302 1947 1564 2036 Recitabimus,
1589 1948 1626 2023 Ο
1644 1967 1816 2048 quantum
1832 1955 1980 2026 ambitio
1994 1954 2089 2045 parit
2108 1957 2203 2029 mali.

1303 2050 1361 2122 Sic
1377 2055 1477 2143 regni
1493 2054 1658 2126 scelerata
1672 2057 1849 2148 cupiditas
1866 2057 1986 2128 omnia

1303 2152 1459 2225 Confusa
1476 2157 1554 2226 iura
1571 2172 1719 2231 naturae
1736 2161 1964 2246 contaminat,

1304 2255 1353 2329 Ut
1367 2259 1475 2329 frater
1491 2258 1619 2350 impias
1633 2262 1736 2333 fratri
1752 2262 1889 2335 inliciat
1901 2283 2040 2331 manus.

1303 2355 1458 2430 Proinde
1474 2365 1703 2453 spectandum
1720 2362 1918 2457 exemplum
1936 2365 2063 2433 damus
2077 2361 2177 2447 utile,

1302 2459 1392 2531 Nam
1410 2487 1553 2533 cernere
1569 2459 1633 2534 hac
1649 2467 1770 2539 licebit
1788 2467 1827 2536 iu
1840 2465 2053 2554 Tragoedia,

1304 2562 1362 2633 Nil
1381 2589 1454 2636 esse
1471 2567 1572 2658 peius
1586 2569 1802 2651 ambitione,
1823 2592 1913 2662 quae
1926 2567 2048 2647 omnia

1302 2662 1453 2753 Divina,
1479 2664 1657 2750 humana,
1676 2670 1802 2765 iusque
1817 2685 1850 2742 et
1865 2694 1926 2741 vas
1943 2682 2079 2738 vertere
2095 2667 2197 2752 solet,

1303 2767 1404 2858 Quae
1420 2771 1680 2843 florentissimis
1695 2774 1896 2868 quibusque
1911 2774 1984 2841 fere
1999 2770 2070 2840 fuit

1303 2867 1422 2942 Exitio
1442 2873 1664 2961 civitatibus,
1688 2900 1778 2968 quae
1798 2870 1951 2968 denique
2010 2946 2019 2969 Ι
2075 2930 2082 2943 ,

1303 2972 1398 3044 Tum
1417 2976 1610 3066 plurimum
1630 2990 1750 3064 nocet,
1776 3003 1855 3048 cum
1873 2977 1913 3047 in
1930 2973 2061 3066 templa
2077 2973 2258 3063 irruperit,

1304 3075 1375 3147 Ubi
1389 3073 1457 3147 hoc
1472 3091 1629 3169 tempore
1647 3103 1785 3149 saevam
1800 3091 1936 3150 exercet
1950 3075 2208 3171 Tyranuidem.
2245 3090 2252 3104 ·

1303 3175 1338 3247 0
1355 3177 1414 3248 Dii
1433 3204 1540 3272 quarn
1562 3181 1671 3251 tristis
1686 3176 1742 3251 his
1757 3182 1940 3273 impendet
1954 3179 2080 3262 exitus,
2137 3165 2145 3179 ’

1303 3279 1477 3370 Quidum
1496 3297 1622 3373 parant
1637 3306 1783 3373 regnum
1803 3284 1890 3368 sibi,
1916 3305 2012 3353 sacra
2029 3279 2208 3371 polluunt.

1302 3381 1370 3453 Sed
1390 3406 1467 3453 ecce
1482 3385 1603 3475 prodit
1616 3384 1790 3456 Tantalus
1807 3380 1878 3456 huc
1895 3386 1940 3456 ab
1956 3382 2090 3465 inferis,

1303 3481 1337 3555 ls
1353 3486 1447 3557 dicet
1463 3501 1711 3576 argumentum
1729 3484 1838 3558 huius
1853 3485 2085 3576 Tragoediae.

2204 3691 2293 3699 ...ο-

1307 3694 1506 3705 --—--......1---n
1517 3699 1760 3707 ...w-..-
1769 3699 1796 3707 .-
1853 3699 1904 3708 ..om
1916 3696 2052 3706 -..u—.—
2059 3694 2117 3702 ..ι-η
2132 3693 2159 3700 --
2166 3693 2191 3700 ..-

1325 3824 1392 3897 No.
1411 3823 1473 3895 48.
1967 3827 2034 3911 (aa.
2053 3829 2147 3896 1525.
2161 3834 2210 3892 rel
2224 3830 2296 3908 26.)

1977 3924 2294 3967 m»-

1369 4039 2295 4191 ⁸tllllf‘tlalftan,llff‘ttttlfi‘ttssfttsstt:

1403 4183 1455 4235 tius
1471 4180 1653 4234 Melantbonis
1667 4178 1905 4264 epigrammatibus
1919 4197 1975 4232 nou
1988 4179 2112 4234 inserurt.
2146 4179 2224 4233 Haud
2239 4179 2295 4233 du·

1402 4252 1445 4305 bie
1464 4268 1527 4303 vero
1548 4249 1628 4303 etiam
1649 4258 1765 4320 pertruet
1782 4247 1816 4303 ad
1838 4248 1950 4302 tertium
1964 4246 2126 4301 decennium
2141 4248 2227 4303 seculi
2244 4250 2295 4318 16,

1402 4338 1520 4391 eumque
1534 4318 1579 4374 bic
1591 4319 1704 4374 caeteris
1715 4316 1895 4374 adiuummus.

1421 4478 1603 4572 Prologus
1629 4479 1670 4548 in
1694 4473 1960 4550 Phormionem
1988 4480 2172 4548 Terentii.

1235 4697 1236 4701 ,
1299 4625 1409 4697 Vobis
1426 4625 1574 4696 salutem
1589 4638 1710 4694 noster
1727 4617 1785 4693 hic
1800 4637 1901 4715 optat
1917 4619 2073 4709 Chorus,
2200 4623 2201 4626 ’

1297 4723 1372 4820 Qui
1389 4741 1484 4796 veste
1500 4728 1662 4819 quamvis
1679 4726 1817 4797 scenica
1839 4726 1878 4795 in
1896 4721 2075 4797 theatrum
2094 4730 2194 4799 venit

1296 4832 1439 4903 Mentes
1460 4843 1597 4911 tamen,
1623 4851 1810 4921 moresque
1828 4843 1957 4910 castos,
1984 4844 2019 4900 et
2035 4831 2115 4921 pios

1294 4933 1459 5018 Retinet,
1485 4929 1671 5025 Deumque
1688 4933 1763 5002 vult
1778 4932 1865 5002 iocis
1880 4945 1914 5001 et
1929 4924 2041 5001 seriis

1295 5036 1448 5123 Adesse,
1476 5059 1579 5129 quern
1600 5058 1803 5126 precamur,
1828 5048 1868 5106 ut
1885 5057 1951 5105 nos
1967 5049 2139 5127 protegat,

1293 5138 1488 5234 Servetque
1504 5138 1696 5210 literariam
1711 5135 1996 5229 Rempublicam.

1328 5375 1359 5432 1)
1378 5371 1479 5432 modo]
1493 5384 1549 5420 non
1562 5363 1642 5421 babet
1658 5367 1721 5420 Bra·

1324 5455 1356 5519 ἴ)
1376 5454 1439 5510 Bar.
1456 5453 1518 5508 Hoc
1530 5469 1636 5521 operae
1649 5455 1732 5522 quod.
