4748 6022
231 239 306 315 519
444 295 452 308 ,
908 214 914 223 “
958 223 1288 305 CARMINUM
1338 227 1443 303 ΜΒ.
1469 230 1524 303 lt.
2183 236 2263 355 ,⁵²⁰

233 412 283 486 Ut
297 410 426 480 summi
444 408 552 500 patris
569 406 707 476 assidua
722 428 824 497 prece
837 403 975 494 mitiget
992 403 1093 502 iram.
1271 399 1370 488 erin
1386 427 1449 475 vos
1464 405 1606 490 efficite,
1632 417 1672 474 ut
1687 406 1844 498 probitas
1860 405 2003 477 innoxia
2020 430 2162 499 semper

234 514 328 585 Huic
345 512 453 601 igitur
467 511 539 600 regi
556 510 699 578 iuvenes
714 530 855 599 parere,
881 528 1067 599 senesque:
1323 502 1502 576 Praesidio
1523 521 1636 577 vestro
1654 521 1726 577 tuta
1743 534 1887 579 manere
1904 523 2020 602 queat.

236 614 513 705 Tempusenim,
527 606 619 679 mihi
629 611 768 692 credite,
786 607 941 676 eritcum
952 605 1109 673 numinis
1117 603 1223 688 ultor,
1270 601 1345 673 Nec
1362 607 1602 678 circumscribi
1619 611 1774 701 pupillos
1789 613 1914 681 fraude
1928 611 2064 698 sinatis,

236 713 414 786 Contemti
431 715 505 806 ipse
522 713 577 782 sui
592 735 741 802 poenas,
767 722 801 778 et
817 709 907 778 iusta
923 717 1080 797 reposcet
1324 703 1450 779 lniusti
1468 724 1626 780 metuant
1642 711 1756 782 tristia
1772 713 1849 783 iura
1864 712 1945 783 sori.

239 815 438 908 Supplicia,
464 830 498 886 et
513 816 594 904 liget
609 837 747 905 semper
763 830 926 878 mensura
944 802 1112 898 trophaea
1272 805 1342 877 Sed
1361 805 1454 879 nibil
1468 805 1525 879 his
1540 813 1685 881 monitis
1700 836 1823 904 regum
1839 815 1911 883 lera
1928 814 2034 885 corda
2052 829 2252 899 moventur,

237 917 410 989 Hostibus
426 916 598 986 extinctis.
649 914 738 984 Nam
754 912 872 1000 magni
887 913 1008 979 dextra
1025 906 1181 1000 parentis
1324 908 1396 978 Nec
1414 936 1535 981 coccae
1551 911 1686 984 m'eutes
1701 900 1850 985 numin‘a
1866 939 2001 985 summa
2017 918 2156 987 timent.

238 1019 346 1090 Hunc
360 1019 476 1102 iuvat,
497 1000 536 1086 et
548 1038 669 1105 regum
687 1016 825 1103 franget
839 1005 1000 1106 viresque
1015 1010 1211 1101 minasque,
1273 1007 1379 1079 Nulla
1394 1013 1591 1104 voluptates
1604 1018 1835 1086 moderantur
1848 1018 1990 1086 vincula
2006 1017 2135 1108 legum,

238 1118 847 1214 thuanquamaerumnosnostras,
866 1128 1085 1205 mortemque
1093 1109 1225 1192 subire,
1326 1110 1479 1184 Miscent
1493 1116 1641 1187 arbitrio
1658 1118 1784 1201 fanda,
1811 1120 1963 1187 nesanda
1979 1142 2056 1193 suo.

238 1219 289 1292 Et
304 1222 457 1313 perferre
472 1219 569 1288 iubet
584 1231 702 1309 pater,
727 1212 824 1286 huuc
839 1229 956 1284 tamen
972 1213 1056 1282 inde
1070 1214 1213 1284 reducet
1274 1210 1344 1285 Sed
1363 1215 1506 1285 meritas
1518 1217 1606 1287 olim
1622 1219 1723 1291 dabit
1736 1220 1800 1290 ista
1816 1219 1958 1290 licentia
1975 1243 2120 1312 poenas,

238 1320 283 1392 lu
296 1324 422 1407 vitam,
446 1322 623 1413 fascesque
637 1318 752 1415 dabit,
777 1338 995 1410 regnumque
1011 1328 1143 1387 tenere.
1325 1311 1592 1411 Convenietqne
1607 1319 1693 1388 actis
1708 1322 1820 1391 exitus
1836 1320 1910 1411 ipse
1922 1323 2006 1395 suis.

439 1462 442 1467 -
549 1451 614 1505 n,
758 1445 761 1449 ·
839 1488 842 1497 ,
988 1485 992 1492 ,
1274 1410 1367 1489 Ecce
1381 1441 1444 1508 ego
1459 1420 1624 1508 deiicism
1639 1421 1728 1492 celsa
1743 1424 1787 1493 de
1801 1427 1881 1493 sede
1897 1421 2098 1516 Tyrannus,

1327 1515 1417 1588 Cum
1436 1521 1598 1589 manibus
1612 1535 1723 1594 terras
1737 1524 1812 1615 ipse
1827 1527 1976 1594 movebo
1994 1526 2092 1595 meis.

1023 1667 1080 1744 (m
1106 1661 1216 1738 1527.)
1277 1618 1351 1689 Vos
1367 1622 1529 1714 equidem
1545 1646 1618 1691 esse
1634 1621 1727 1695 Deos
1742 1626 1844 1709 iussi,
1869 1639 2041 1720 natosque
2059 1627 2191 1707 vocavi,

1016 1711 1227 1785 »im
1330 1719 1424 1792 Voce
1439 1748 1513 1792 inea
1529 1725 1629 1794 vobis
1646 1749 1752 1827 regua
1772 1741 1890 1796 tenere
1906 1727 1999 1797 dedi.

308 1887 371 1942 Ino
430 1887 453 1940 Β
507 1884 578 1939 Tv
633 1883 681 1939 Μ
727 1894 736 1938 t
803 1884 866 1940 dv·
960 1886 991 1940 ,ι
1277 1822 1347 1894 Sed
1364 1826 1673 1913 repetamtitulos,
1696 1842 1730 1896 ct
1746 1829 1846 1916 regni
1862 1831 1968 1898 iratus
1983 1823 2149 1915 bonores,

371 1905 417 1961 Pp·
455 1905 493 1942 υ·
533 1921 542 1938 ⁰
578 1904 626 1957 'P'
687 1902 724 1964 ’e'
749 1904 802 1958 Ῥη
858 1903 953 1957 '⁸⁰⁸⁹'
994 1923 1003 1941 ’
1327 1920 2069 2019 Etdabitispoenasvosaliquandomibi.

295 2047 466 2118 Psalmtss
487 2047 600 2117 CXL:
631 2042 871 2145 „confitebor
894 2039 1089 2118 Domin0”
1112 2049 1175 2118 etc,
1277 2024 1470 2144 thuealii
1486 2028 1580 2147 cnuti
1597 2030 1714 2118 regnis
1729 2033 1885 2100 cecidere
1901 2029 2076 2126 Tyranni,

1329 2125 1401 2216 Qnr
1419 2129 1525 2200 veluti
1543 2129 1655 2219 plebis
1672 2155 1770 2222 pars,
1793 2133 1870 2201 sine
1888 2129 2022 2202 bonore
2034 2133 2162 2202 iacent:

1277 2225 1337 2299 Sic
1353 2243 1534 2323 postquem
1550 2232 1645 2301 tituli
1660 2233 1762 2302 vobis
1777 2256 1840 2323 ego
1855 2237 2038 2326 dempsero
2055 2230 2236 2314 bonorem,

1326 2328 1509 2424 Lapsaque
1524 2356 1604 2400 curn
1619 2334 1754 2404 tuerint
1768 2349 1899 2424 sceptra
1915 2331 2067 2424 superba
2086 2359 2208 2405 manu:

1278 2428 1350 2499 Vos
1364 2436 1482 2520 ignota
1500 2433 1596 2503 eritis
1612 2447 1881 2527 contemptaque
1898 2438 2041 2521 lunera,
2066 2439 2156 2506 sicut

1327 2527 1489 2602 Obscura
1507 2535 1633 2619 tulgus
1646 2548 1759 2604 morte
1774 2535 1889 2625 perire
1902 2538 2002 2608 solet.
2103 2596 2112 2605 ,

1272 2629 1324 2702 At
1340 2648 1377 2702 tu
1394 2659 1529 2702 sumine
1544 2633 1650 2706 Deus
1665 2658 1803 2725 surgas,
1827 2650 2027 2730 terramque
2042 2641 2229 2726 gubernes,

1327 2734 1474 2828 Absque
1489 2751 1549 2805 tuo
1567 2758 1714 2827 regnum
1732 2738 1880 2807 numine
1894 2753 1987 2807 stare
2003 2738 2138 2832 nequit.

1277 2831 1412 2905 Omnes
1430 2852 1463 2905 te
1479 2852 1597 2922 gentes
1611 2836 1804 2909 Dominum
1820 2852 2047 2931 metuantque
2061 2843 2250 2933 rotantque

1326 2934 1459 3007 Omnia
1475 2952 1556 3008 sunt
1573 2941 1702 3009 etenim
1718 2941 1785 3010 sub
1802 2942 1937 3011 ditione
1951 2955 2024 3011 tua.
2083 3004 2088 3011 ,

237 1662 407 1786 Q

291 2195 391 2284 Quas
406 2195 529 2262 laudes
545 2192 610 2262 tibi
625 2218 691 2263 uos
706 2207 805 2284 pater
818 2216 994 2276 canemus,

290 2296 391 2385 Quae
410 2309 597 2386 praeconta
614 2296 845 2386 maximisque
861 2295 962 2364 lactis

289 2395 478 2467 Dicemus?
506 2397 688 2465 manifesta
704 2397 800 2483 signa
818 2396 922 2463 uobis

289 2497 497 2567 Monstrasti
514 2496 683 2567 bonitatis
697 2513 730 2564 et
746 2496 888 2579 favoris,

290 2599 339 2668 Ut
354 2622 457 2667 curae
473 2599 537 2666 tibi
553 2621 618 2665 nos
632 2597 783 2664 sciamus
800 2619 884 2668 esse.

289 2695 416 2767 Escarn
434 2722 585 2789 namque
603 2697 670 2786 piis
685 2709 783 2787 pater
798 2697 938 2782 dedisti,

289 2797 338 2869 Et
354 2799 463 2868 tradis
479 2795 663 2866 Cananaea
680 2820 786 2886 regua
804 2798 919 2881 nobis,

289 2899 502 2970 Mansurum
520 2923 660 2990 quoqne
676 2900 799 2967 soedus
814 2923 921 2966 oume
935 2898 972 2965 in
992 2920 1116 2968 sertim

289 3000 433 3071 Fecisti:
461 3015 535 3070 rata
552 3015 655 3083 suut,
680 3015 853 3092 eruntque
866 3022 1012 3089 semper,
1069 3006 1072 3011 ’

290 3102 391 3193 Quae
407 3103 495 3170 dicis
512 3115 629 3191 pater,
654 3116 759 3193 atque
773 3102 962 3193 polliceris.
2054 3193 2059 3197 φ

287 3202 465 3274 Delendes
480 3204 650 3292 populum
665 3215 784 3287 tirum,
810 3218 914 3295 atque
928 3203 1045 3272 mittes
1274 3203 1340 3275 No.
1356 3208 1417 3281 ΒΞ.
2039 3208 2262 3303 '(an.15‘27.)
2348 3208 2352 3214 “

287 3306 329 3376 ln
346 3321 455 3373 terras
469 3303 687 3387 Dominum,
712 3305 773 3372 ille
792 3303 967 3389 liberabit,
1278 3308 1408 3334 ’ἢ
1756 3366 1764 3385 ‚
2084 3305 2254 3333 Μ

287 3406 334 3478 Et
352 3429 416 3474 nos
433 3419 605 3494 proteget,
632 3418 666 3473 et
684 3406 807 3493 procul
824 3406 960 3494 fugabit
1344 3404 1376 3459 ln
1391 3421 1456 3478 opp.
1471 3401 1530 3458 Bac
1543 3402 1575 3461 Τ.
1586 3403 1619 3460 V.
1633 3424 1659 3478 p.
1667 3405 1720 3462 sto
1732 3426 1794 3481 sqq.
1808 3417 1836 3464 et
1850 3407 1923 3482 apud
1937 3408 2018 3464 vinc.
2033 3426 2059 3480 p.
2067 3407 2112 3463 2⁵.

288 3506 931 3696 tttzttttustututtt‘
1164 3638 1167 3643 .
1470 3566 1890 3742 uxavgpp
1917 3565 2061 3639 aecta
2085 3565 2262 3642 em-

288 3709 338 3780 Er
350 3737 383 3776 ro
398 3733 520 3776 stannes
534 3706 727 3779 Dominum
746 3707 860 3777 Deum
879 3712 1011 3793 timete,
1440 3784 1447 3799 ,
1471 3784 1478 3798 ,

203 3835 207 3849 ·
289 3766 377 3882 Naln
397 3812 508 3928 prima
526 3824 577 3878 est
592 3810 762 3928 sapient-ia
780 3806 874 3928 hante
895 3813 1028 3896 timere,
1316 3783 1709 3929 Εζῖἓζῖἒΐᾶἒέἰωῃῗιζέ
1722 3799 2079 3932 ῗὸἶωθῗὸνὶᾚιὲωὸἓ
2088 3788 2263 3951 ,θῖἓῗξζζῗιζ

289 3913 460 4003 Q⁰l⁸q¹¹¹⁵
478 3936 569 3979 ”¹⁸⁵³
585 3908 652 3979 ΒΗ
670 3913 768 4029 flens
794 3913 960 4003 ⁰⁰l¹¹q¹¹⁰›
1317 3952 1465 4028 publicum
1496 3913 1703 4031 ministel‘ium,
1746 3914 1878 4016 et’iubet
1898 3957 1983 4014 huius
2003 3911 2154 4015 miniiterii
2175 3977 2261 4017 nauso

290 4014 324 4084 ls
341 4015 1034 4103 demumsapereopumeestpntandus.
1259 4088 1262 4093 .
1318 4035 1436 4095 sortiter
1466 4037 1604 4113 perterre
1626 4056 1795 4117 autumnas,
1833 4054 1864 4101 et
1885 4041 2042 4121 pollicetur
2063 4042 2212 4102 Ecclesiae
2230 4043 2262 4101 in

1318 4121 1456 4198 periculis
1479 4122 1620 4181 auxilium
1641 4124 1709 4182 Dei.

1278 4255 1385 4328 Nulla
1401 4258 1546 4340 domus,
1572 4283 1645 4328 non
1660 4259 1734 4329 ulla
1748 4255 1836 4329 mibi
1855 4261 2044 4330 iucundior
2058 4265 2141 4332 urbs
2157 4278 2219 4345 est,

255 4350 311 4420 No
336 4352 395 4420 st.
640 4384 645 4392 ’
1039 4359 1103 4438 (sn.
1120 4358 1228 4440 1527.)
1330 4356 1504 4447 Quamvis
1520 4358 1678 4450 ingentes
1693 4363 1922 4432 accumularit
1938 4386 2039 4453 opes:

249 4446 421 4474 Μ
1050 4448 1220 4476 Μ
1279 4458 1399 4549 Quam
1411 4459 1533 4550 templi
1550 4475 1632 4531 sunt
1648 4475 1735 4532 tecta
1752 4464 1822 4547 tui,
1849 4479 1947 4556 pater
1961 4464 2093 4555 optime
2109 4489 2255 4552 rerum,

310 4549 344 4603 1⁰
358 4567 421 4620 ⁰Pt1·
434 4546 495 4602 ¹³³⁸·
513 4544 546 4604 T·
557 4545 589 4596 V·
606 4562 633 4616 P·
643 4543 702 4599 Μ
715 4554 742 4597 ‘¹
753 4547 825 4617 ’9¹¹³
841 4547 920 4606 vinc,
938 4549 1015 4620 12²⁸*
1330 4560 1373 4631 ln
1388 4584 1460 4653 quo
1474 4563 1655 4632 doctrinae
1670 4588 1738 4632 vox
1753 4579 1855 4636 sonat
1870 4567 1943 4657 ipsa
1961 4555 2053 4639 tuae.

1279 4660 1383 4733 Hanc
1400 4686 1513 4732 arcem
1528 4675 1604 4733 toto
1620 4667 1816 4736 venerabor
1830 4682 1970 4758 pectore
1983 4689 2132 4759 semper,

1332 4762 1412 4853 Qua
1427 4785 1501 4831 non
1518 4778 1568 4834 est
1583 4764 1702 4834 aniano
1717 4760 1859 4838 charior
1873 4769 1946 4839 ulla
1962 4793 2052 4844 mco.

246 4855 323 4927 Stat
338 4855 433 4925 Deus
450 4855 487 4921 in
504 4854 621 4923 media
636 4854 758 4939 turba,
784 4868 956 4950 coetuque
971 4853 1138 4947 Deorum,
1282 4864 1361 4959 lpse
1376 4877 1454 4935 tuas
1468 4888 1545 4934 aras
1559 4867 1655 4936 sestis
1671 4869 1805 4939 ornabo
1822 4868 1974 4950 coronis,

189 4996 197 5006 ·
297 4956 538 5047 Terribilique
554 4957 641 5025 alios
656 4957 815 5047 increpat
829 4981 890 5027 ore
906 4959 1013 5030 Deos.
1332 4964 1452 5061 Atque
1465 4967 1544 5037 illas
1559 4968 1653 5040 iusto
1670 4993 1805 5061 semper
1819 4966 1956 5042 bonore
1971 4972 2096 5042 colam.

244 5058 409 5151 Nunquis
424 5057 489 5124 erit
504 5059 647 5125 tandem
662 5059 830 5127 scelerum
847 5061 997 5129 modus?
1022 5065 1141 5136 omnia
1153 5065 1230 5139 iura
1282 5067 1400 5163 thue
1414 5071 1487 5140 suis
1500 5069 1645 5142 timidae
1661 5072 1757 5142 nidis
1771 5078 1923 5163 gaudere
1936 5076 2109 5158 volucres,

296 5157 475 5251 Oppressa
493 5182 511 5226 a
529 5158 629 5227 vobis
643 5159 749 5250 vique
765 5160 919 5255 doloque
934 5160 1059 5236 iacent.
1332 5170 1432 5260 Quos
1445 5171 1514 5252 sibi
1530 5196 1689 5268 quaeque
1705 5199 1767 5244 sua
1782 5177 1945 5247 condidit
1958 5190 2050 5263 arte,
2075 5175 2209 5249 solent:

246 5261 307 5332 Nil
325 5263 361 5329 in
379 5259 520 5330 iudiciis
537 5260 654 5350 inopis
669 5261 761 5329 valet
775 5264 908 5353 optima
927 5289 1042 5353 causa,
1281 5268 1325 5342 ln
1343 5273 1472 5366 quibus
1487 5289 1523 5347 et
1537 5290 1684 5366 possunt
1698 5272 1815 5347 hostes
1831 5292 2056 5350 contemnere
2072 5270 2179 5366 tutae,

299 5361 423 5433 Gratia
439 5363 497 5432 sed
516 5374 654 5433 tantum
671 5361 791 5432 divitis
804 5363 865 5437 illa
879 5366 978 5456 regit.
1330 5369 1380 5446 Et
1390 5376 1508 5469 pullos
1521 5379 1618 5450 dulci
1635 5391 1747 5450 mater
1761 5402 1880 5448 amore
1894 5379 2006 5454 foret:

1630 5517 1675 5542 χ

244 4702 588 4782 munemne
612 4707 751 4795 „Deus
764 4710 874 4779 stetit
885 4706 1151 4808 ineynapopa”
1161 4717 1228 4788 etc.
