4748 6022
117 284 192 364 753

214 447 373 523 Metonis
386 439 718 543 ἐννεαδεκώήριδα
729 449 818 518 adeo
832 448 1032 540 probarunt
1042 466 1106 519 ar-

113 554 241 639 tifices,
264 569 306 627 ut'
317 552 477 627 Romani
492 576 511 621 a
527 547 717 623 Chaldaeis
732 552 973 622 transmissam
989 552 1105 622 aureis

112 658 226 728 literis
239 656 464 749 inserendam
479 677 574 740 anno
590 651 748 735 Iuliano,
773 653 888 746 iisque
902 677 1013 724 novas
1028 653 1103 724 Lu·

111 782 196 843 nas,
220 782 311 851 quae
332 760 380 829 ub
400 758 621 828 immutatam
640 752 822 823 Mensium
837 755 1010 825 rationem
1027 779 1101 824 non

704 275 1126 374 Quausrloruts
1165 271 1562 354 ACADEMICAR

2025 324 2028 330 ι
2066 283 2143 361 764

1156 468 1297 517 morum
1315 441 1632 530 commotionibus,
1658 441 1720 538 qui
1735 468 1796 519 sua
1812 442 1965 543 quadam
1981 448 2057 544 lege
2081 468 2142 530 aut

1156 548 1409 641 effundantur,
1451 559 1512 617 aut
1544 547 1744 637 refugiunt,
1789 564 1830 621 ut
1860 553 1993 626 diversi
2024 557 2140 629 cordis

1155 665 1273 721 motus
1288 648 1394 720 cient.
1446 644 1500 718 De
1518 642 1584 718 hae
1598 651 1767 720 materiae
1779 650 1856 742 lege
1880 655 2039 738 videtur,
2064 675 2139 730 nou

1154 752 1305 822 effusum
1324 773 1397 819 esse
1413 751 1620 840 sanguinem
1641 750 1768 824 ordine
1791 747 1982 830 humorum
2008 760 2138 849 usitato

111 860 264 953 amplius
278 858 402 930 Lunae
422 856 544 929 cursui
565 857 829 946 congruebant,
855 858 988 947 populo
1004 856 1101 926 indi·
1140 853 1192 957 p'n
1209 864 1336 924 natura
1357 845 1526 927 hominis.
1577 851 1667 922 Nam
1691 878 1771 924 cum
1792 871 1948 947 constet,
1976 861 2016 931 in
2037 887 2137 934 moe

111 964 241 1032 caudas
266 959 480 1031 censuerint.
548 956 655 1030 Unde
685 958 784 1029 aurei
811 955 960 1028 Numeri
991 972 1099 1029 tracta
1152 979 1233 1026 rore
1264 976 1305 1024 ae
1334 966 1451 1034 metu,
1489 978 1570 1024 cum
1604 956 1734 1047 quibua
1758 958 1916 1030 animum
1938 958 2071 1037 Christi
2094 989 2135 1037 eo

110 1061 318 1155 appellatio,
343 1062 406 1156 qui
428 1055 546 1130 a'dhue
567 1059 606 1128 in
623 1057 836 1129 Calendario
851 1057 1017 1132 Romano
1040 1085 1101 1130 es·

111 1164 281 1256 primitur
297 1175 333 1233 et
348 1162 558 1234 celebratur.
607 1160 703 1234 Dixi.

771 1438 825 1539 sa.
852 1470 933 1553 ap..
961 1471 1056 1539 rasa.

722 1559 1091 1611 w

176 1663 208 1715 ln
220 1661 382 1731 Quaestion.
397 1683 423 1736 p.
431 1668 475 1721 60.
510 1667 580 1720 Item
596 1662 778 1721 incendii.
796 1680 823 1734 p.
837 1663 897 1718 ⁶79.
913 1665 981 1734 etin
995 1624 1095 1722 Seleet.

207 1733 287 1793 uest.
298 1733 331 1791 T.
340 1735 387 1793 lll.
401 1736 512 1791 Erlord.
526 1733 576 1790 iol.
589 1733 649 1789 Μ.
664 1742 690 1787 et
700 1734 772 1806 apud
787 1731 919 1788 ltiebard.
929 1735 984 1788 -ΙΙΙ,
998 1751 1025 1803 p.
1033 1734 1093 1788 453.

104 1470 249 1596 Q.

36 1955 40 1960 .
107 1899 281 1982 ortuense
307 1895 355 1968 de
386 1891 691 1993 aquaevivae,
729 1897 921 1984 proposita
946 1914 971 1963 a
993 1896 1092 1990 May.

153 1999 244 2072 lols.
264 1995 658 2072 Oestreaeldiuno
684 1993 723 2066 d.
746 1992 806 2069 lu.
822 1996 909 2087 Apr.
928 1993 1039 2069 1545.

41 2234 43 2238 Α
105 2141 343 2224 videohunc
361 2172 496 2218 morem
513 2172 533 2217 a
551 2146 746 2215 maioribus
761 2146 964 2218 institutum
982 2164 1017 2220 et
1034 2173 1084 2218 re·

102 2269 243 2346 ceptum
263 2274 336 2320 esse
353 2248 392 2318 in
409 2243 555 2335 scholis,
580 2262 621 2320 ut
638 2247 701 2316 tali
718 2259 896 2339 tempore,
921 2264 1026 2342 atque
1048 2273 1091 2321 ex

103 2349 172 2423 hoc
195 2353 273 2422 loco
296 2352 454 2445 quaestio
477 2351 594 2445 aliqua
616 2363 851 2441 proponatur:
892 2351 949 2420 cui
976 2345 1089 2422 hone-

102 2454 255 2528 stissimo
272 2453 435 2524 instituto
453 2465 488 2522 et
504 2475 569 2521 nos
592 2451 835 2541 obtemperare
859 2451 1088 2523 decrevimus.

101 2555 253 2628 Prorsus
268 2558 360 2625 euim
376 2555 424 2625 ita
439 2553 573 2638 sentio,
599 2546 692 2622 nihil
707 2552 817 2639 magis
833 2555 955 2622 decere
969 2548 1088 2622 homi-

101 2685 183 2728 nem
206 2673 297 2728 recte
320 2656 541 2741 institutum,
572 2666 607 2724 et
627 2654 811 2724 doctrinae
833 2655 962 2723 studiis
986 2656 1087 2724 dedi-

101 2775 196 2846 tum,
238 2783 344 2853 quam
376 2771 417 2827 ut
446 2752 704 2826 honestissimis
739 2745 913 2825 maiorum
948 2756 1086 2846 legibus

100 2887 207 2957 quam
231 2860 383 2937 maxime
408 2882 530 2950 parere
553 2857 702 2928 studeat.
761 2853 809 2925 Et
832 2851 919 2925 mihi
936 2859 1085 2928 omnino

100 2961 169 3034 hoc
207 2963 419 3053 persuadeo,
464 2955 560 3029 hune
591 2957 851 3027 sanctissimum
883 2982 1084 3028 consessum

99 3067 315 3159 optimorum
334 3076 368 3132 et
381 3061 666 3132 doctissimorum
683 3055 893 3144 hominum,
919 3062 1029 3151 magis
1047 3061 1084 3130 id

99 3168 254 3238 osticium
279 3167 448 3255 probare,
474 3186 580 3257 quam
604 3161 635 3231 si
659 3163 739 3257 quis
759 3161 882 3230 afferat
905 3162 961 3231 vel
984 3161 1083 3232 Peri·

98 3271 208 3338 cleam
224 3265 473 3362 eloquentiam.

200 3385 402 3476 Proponam
426 3382 534 3472 igitur
548 3380 789 3478 quaestionem
803 3403 944 3471 gravem
968 3405 1008 3481 ac
1028 3382 1083 3451 di-

97 3513 213 3579 gnam,
230 3512 318 3581 quae
330 3512 350 3556 a
364 3487 488 3581 quovis
499 3479 856 3553 homineChristiano
866 3506 929 3573 per
940 3507 1082 3551 omnem
1115 3506 1120 3521 ·

96 3592 205 3661 vitam
226 3588 318 3658 serio
335 3613 375 3658 ae
389 3586 590 3676 saepissime
605 3584 858 3653 consideretur.
914 3581 954 3651 ln
970 3579 1083 3654 histo·

96 3695 148 3763 ria
175 3689 373 3778 evangelica
389 3688 560 3770 traditur,
586 3686 699 3754 filium
716 3683 783 3752 Dei
803 3684 987 3753 dominum
1015 3710 1082 3754 no-

96 3809 205 3864 strum
233 3789 347 3859 lesum
368 3782 551 3858 Christum
572 3787 677 3855 initio
706 3786 841 3868 anoctis,
883 3811 952 3878 qua
977 3811 997 3855 a
1020 3814 1081 3856 cu-

95 3892 197 3967 hurte
221 3890 406 3960 Pontificia
432 3886 627 3980 prehensus
649 3901 720 3972 est,
757 3912 836 3956 curn
864 3887 1076 3981 quibusdam

93 4025 135 4068 ex
160 3991 344 4083 discipulis
369 3991 440 4061 suis
464 3993 503 4058 in
526 3985 668 4060 hortum
691 3990 818 4059 orandi
840 4012 943 4058 eausa
967 4014 1079 4060 seces·

92 4103 197 4179 sisse,
223 4096 345 4187 ibique
368 4116 450 4162 cum
471 4104 584 4178 morte
608 4106 642 4162 et
667 4092 817 4182 peccatis
841 4093 988 4174 nostris,
1012 4116 1075 4183 pro

92 4203 222 4301 quibus
238 4199 329 4289 ipse,
356 4207 540 4289 postquam
558 4193 749 4280 illuxisset,
770 4207 920 4263 mortem
938 4195 1077 4263 subitu-

92 4330 153 4376 rus
176 4316 270 4384 erat,
302 4297 513 4368 acerrimum
536 4297 744 4368 sustinuisse
759 4310 962 4376 certamen,
988 4299 1076 4364 adeo

91 4423 132 4478 ut
152 4407 245 4475 inter
270 4401 446 4470 orandum
469 4412 503 4469 et
527 4399 565 4468 in
590 4398 651 4467 illa
678 4397 814 4488 ingenti
840 4397 933 4467 lucta
957 4412 1076 4487 guttae

91 4503 274 4596 sanguinis
291 4525 362 4570 una
377 4526 457 4571 cum
472 4503 602 4571 sudore
618 4501 809 4591 eruperint.
862 4497 935 4568 lam
952 4497 1075 4591 quaeri

91 4622 224 4701 potest,
267 4599 405 4674 Utrum
439 4598 504 4672 ille
529 4589 644 4675 sudor
669 4595 866 4673 secundnm
897 4608 1074 4670 naturam

81 4707 223 4810 suerit,
249 4729 301 4775 an
316 4699 416 4771 non?

191 4825 281 4896 Nam
297 4847 377 4892 eum
392 4837 575 4913 'nusquam
598 4818 735 4910 legatur
755 4822 827 4890 ulla
851 4820 890 4888 in
914 4817 1074 4904 historia,

88 4955 203 5023 neque
220 4948 286 4998 usu
303 4934 522 5014 compertum
545 4919 610 5004 sit,
634 4923 701 4990 ulli
725 4921 928 4991 mortalium
952 4923 988 4990 id
1014 4946 1074 4989 ac·

89 5034 231 5104 cidisse:
255 5049 330 5096 nou
354 5036 485 5093 temere
509 5015 577 5089 hoc
599 5023 749 5092 moverit
769 5021 929 5090 animum
956 5018 1073 5089 homi-

87 5138 164 5220 nis,
189 5133 281 5203 serio
298 5130 342 5197 de
358 5121 425 5193 hac
441 5148 479 5192 re
496 5120 693 5211 cogitantis.
742 5120 816 5191 Ner
833 5144 898 5189 nos
911 5123 954 5191 de
972 5144 1072 5215 prae-

87 5240 190 5330 cipua
213 5256 335 5317 causa,
361 5224 429 5296 hoc
453 5238 523 5308 est,
554 5223 598 5292 de
623 5222 780 5307 obiecto,
813 5247 853 5292 ac
875 5224 1072 5294 terroribus

42 5364 47 5373 ·
85 5340 289 5435 loquimur,
316 5332 376 5426 qui
394 5353 459 5398 nec
476 5325 688 5417 cogitatione
701 5318 858 5394 humana
872 5348 939 5394 uec
955 5323 1071 5393 verbis

86 5435 340 5533 comprehendi
357 5443 519 5525 possunt,
545 5429 605 5498 sed
623 5429 667 5498 de
680 5427 849 5513 materia,
873 5428 908 5496 id
927 5441 978 5499 est
1000 5421 1070 5498 hu-

134 5550 315 5615 llraaxrn.
339 5540 445 5609 Orsa.
471 5524 555 5607 Vos..
583 5533 630 5604 x.

1151 1070 1310 1148 tempore
1332 1054 1571 1126 conflictatum
1595 1058 1680 1129 satis
1703 1074 1865 1149 apparet,
1906 1064 2072 1156 spiritum
2100 1082 2137 1139 et

1149 1183 1220 1228 una
1238 1182 1318 1228 eum
1336 1183 1377 1229 eo
1392 1158 1599 1247 sanguinem
1614 1183 1655 1228 ex
1670 1161 2010 1256 omnibus‘eorporis
2025 1171 2137 1259 parti-

1149 1262 1285 1330 busad
1312 1283 1391 1339 cor,
1418 1262 1515 1333 velut
1540 1262 1583 1329 ad
1610 1279 1725 1330 arcem
1750 1262 1862 1346 vitae,
1891 1269 2050 1359 refugere
2075 1294 2136 1342 so-

1148 1363 1239 1448 lere,
1265 1374 1299 1431 et
1315 1374 1466 1431 extrema
1482 1363 1640 1430 membra
1662 1365 1834 1453 sanguine
1857 1388 1897 1434 ac
1920 1371 2050 1460 spiritu
2070 1375 2135 1445 de·

1147 1464 1276 1535 stituit.
1304 1463 1388 1532 inde
1421 1456 1584 1533 homines
1617 1475 1795 1551 tremunt,
1831 1488 1946 1561 neque
1980 1468 2130 1564 pedibus

1148 1571 1359 1649 consistere,
1393 1587 1509 1658 neque
1534 1566 1736 1652 vociferari,
1769 1581 1829 1638 aut
1852 1569 1993 1661 linguae
2014 1575 2130 1648 officio
2169 1614 2174 1622 ·

1147 1671 1200 1738 uti
1221 1667 1373 1758 amplius
1398 1680 1563 1757 possunt:
1590 1682 1624 1739 et
1646 1670 1774 1741 accidit
1797 1692 1917 1762 saepe,
1942 1687 1982 1745 ut
2004 1676 2044 1746 in
2066 1678 2131 1749 tali

1147 1770 1401 1866 commotione,
1434 1765 1596 1840 homines
1626 1771 1836 1857 exanimati,
1870 1797 2131 1873 nonnunquam

1145 1871 1250 1941 etiam
1268 1871 1411 1942 extincti
1437 1872 1526 1958 sint,
1554 1874 1591 1942 in
1615 1872 1789 1943 eiusmodi
1810 1873 1918 1964 igitur
1942 1882 2129 1970 perturba·

1144 1973 1240 2043 tione
1265 1966 1357 2042 nihil
1382 1974 1502 2043 minus
1526 1975 1682 2045 accidere
1702 1999 1804 2065 posse
1826 1979 1987 2066 videtur,
2020 2007 2127 2076 quam

1142 2088 1184 2145 ut
1204 2075 1354 2145 omnino
1378 2079 1481 2146 sudet
1505 2075 1653 2170 aliquis,
1686 2078 1839 2163 nedum,
1872 2093 1911 2150 ut
1940 2107 2011 2155 una
2046 2109 2127 2155 cum

1143 2178 1272 2247 sudore
1286 2177 1493 2266 sanguinem
1509 2178 1657 2252 emittat.
1697 2175 1869 2250 Videmus
1884 2185 1978 2262 enim
1997 2187 2035 2254 in
2052 2211 2128 2259 ma-

1141 2301 1209 2369 gna
1226 2278 1510 2349 consternatione
1524 2279 1671 2364 mentis,
1696 2294 1757 2351 aut
1770 2305 1920 2373 pavore,
1946 2287 2050 2357 etiam
2068 2290 2126 2358 in-

1142 2380 1222 2449 cisis
1245 2380 1364 2460 venis,
1390 2380 1598 2469 sanguinem
1622 2381 1734 2453 teneri
1757 2409 1798 2453 ac
1819 2385 2028 2476 consistere,
2061 2414 2125 2464 nes

1140 2483 1196 2551 vel
1214 2496 1349 2578 guttam
1369 2482 1453 2552 inde
1467 2482 1642 2572 profluere
1656 2497 1716 2553 aut
1731 2484 1812 2559 eiici
1832 2509 1945 2579 posse.
2001 2553 2019 2563 -
2134 2566 2137 2572 ,

1239 2582 1318 2653 Hae
1345 2584 1491 2677 inquam
1517 2585 1672 2654 rationes
1695 2584 1849 2680 aliquem
1874 2614 2016 2663 movere
2040 2617 2123 2686 pos·
2228 2660 2233 2665 .

1137 2684 1230 2771 sint,
1255 2698 1295 2754 ut
1312 2697 1459 2767 statuat,
1479 2687 1644 2754 sudorem
1659 2682 1792 2759 Christi
1816 2705 2021 2779 cruentum,
2048 2720 2123 2768 non

1137 2786 1293 2856 naturali
1312 2787 1441 2857 ordine
1457 2786 1613 2857 fluxisse:
1639 2789 1699 2857 sed
1716 2802 1755 2859 ut
1770 2792 1882 2862 multa
1898 2794 1966 2864 alia
1984 2795 2022 2865 in
2044 2797 2120 2885 illo,

1137 2912 1212 2957 non
1229 2902 1364 2983 tantum
1381 2899 1528 2958 naturae
1545 2889 1708 2959 ordinem
1725 2914 1765 2960 ac
1784 2893 1916 2985 legem,
1937 2898 1998 2967 sed
2014 2900 2122 3002 gtiam

1137 3015 1279 3060 omnem
1304 2988 1481 3061 humanae
1503 2991 1632 3075 mentis
1657 3015 1797 3062 sensum
1825 3010 2036 3094 captumque
2061 3023 2121 3074 su.

1136 3106 1280 3183 perant,
1324 3095 1372 3164 ita
1399 3087 1495 3162 hunc
1522 3118 1663 3188 quoque
1685 3097 1852 3166 sudorem
1877 3098 1951 3191 illi,
1974 3101 2121 3176 'areana

1136 3217 1257 3280 eausa,
1298 3208 1421 3265 contra
1451 3219 1594 3265 omnem
1618 3208 1765 3268 naturae
1791 3201 1953 3272 ordinem
1979 3229 2021 3275 ac
2042 3227 2120 3278 mo-

1135 3296 1241 3382 dum,
1266 3297 1442 3366 accidisse.
2152 3376 2156 3384 ,

1236 3397 1306 3469 Sed
1330 3422 1404 3467 uon
1428 3400 1556 3468 desunt
1581 3399 1736 3470 rationes
1764 3416 1870 3497 atque
1902 3426 2119 3502 ammenta,
2149 3389 2153 3445 ἕ

1134 3499 1264 3592 quibus
1280 3513 1313 3570 et
1330 3500 1438 3569 altera
1455 3502 1627 3571 sententia
1642 3503 1843 3573 confirmari
1861 3522 1985 3597 potest.
2038 3512 2119 3584 Pri-

1132 3623 1230 3668 mum
1249 3601 1343 3668 enim
1360 3602 1408 3668 ita
1427 3624 1492 3671 nos
1507 3603 1550 3670 de
1567 3597 1710 3674 Christo
1725 3604 1877 3693 cogitare
1893 3618 2051 3701 oportet,
2077 3632 2117 3689 ut

1132 3724 1206 3769 non
1232 3696 1482 3772 hominemex
1506 3698 1671 3789 homine,
1709 3719 1750 3777 ut
1772 3706 1819 3777 ita
1844 3711 1978 3794 dicam,
2009 3739 2117 3789 exua-

1132 3827 1231 3883 mus,
1257 3796 1324 3873 hoc
1341 3818 1408 3884 est,
1433 3829 1479 3874 ne
1493 3830 1533 3874 ex
1551 3800 1693 3877 Christo
1708 3808 1872 3899 spiritum
1895 3825 2031 3886 tantum
2055 3835 2116 3893 aut

1129 3900 1281 3978 Phasma
1299 3908 1499 4002 quoddam,
1525 3909 1620 4002 quod
1644 3909 1789 4002 quidam
1812 3914 1921 4005 impie
1944 3917 2139 4007 feceruut,¹

1130 4008 1328 4077 faciamus.w
1361 4007 1451 4080 Nam
1468 4034 1549 4079 cum
1564 4009 1659 4080 iuxta
1685 4015 1896 4085 sententiam
1921 4018 2115 4111 scripturae
2211 4020 2217 4031 ’

1130 4131 1253 4207 verum
1276 4105 1478 4200 hominem,
1505 4104 1539 4181 ei
1563 4134 1636 4181 non
1661 4113 1826 4204 spiritum
1850 4132 1912 4190 aut
1935 4106 2113 4211 spectrum

1129 4211 1245 4303 ipsum
1271 4234 1344 4280 esse
1366 4211 1540 4299 sciamus,
1576 4226 1737 4305 oportet,
1775 4229 1872 4289 ut-et
1896 4222 2053 4294 adfectus
2079 4240 2114 4298 et
2159 4294 2165 4305 ,

1128 4308 1319 4382 humomm
1344 4329 1481 4395 motus,
1506 4316 1637 4409 absque
1655 4330 1772 4389 tamen
1789 4335 1952 4411 peccato,
1974 4324 2030 4395 illi
2046 4329 2113 4398 tri·

1127 4416 1297 4498 buamus,
1327 4416 1455 4507 quibus
1469 4409 1633 4487 homines
1646 4424 1839 4490 secundum
1859 4438 2021 4496 naturam
2043 4423 2114 4499 huss

1127 4539 1267 4584 manum
1293 4517 1439 4586 obnoxii
1467 4540 1539 4588 esse
1565 4519 1692 4592 solent.
1743 4521 1838 4594 Alsit
1863 4525 1943 4612 ille,
1977 4531 2111 4618 esuriit,
2193 4566 2198 4573 ·

1125 4617 1235 4699 sitiit,
1267 4618 1423 4688 indoluit
1447 4620 1552 4688 etiam
1585 4645 1626 4691 ac
1658 4624 1802 4706 metuit,
1838 4629 1933 4717 quod
1963 4622 2110 4704 historia

1127 4720 1218 4788 vitae
1243 4719 1354 4811 ipsius
1382 4721 1504 4790 multis
1536 4723 1573 4790 in
1608 4722 1696 4792 lotis
1730 4725 1913 4796 manifeste
1948 4743 2107 4805 testatur.

1125 4817 1247 4915 Quare
1268 4835 1303 4890 et
1326 4815 1418 4892 hanc
1447 4822 1718 4912 pavitationem,
1752 4822 1940 4920 fugamque
1970 4836 2107 4927 mortis,

1125 4933 1230 5013 atque
1254 4922 1420 5004 sudorem
1446 4923 1547 4991 illum
1577 4923 1830 5012 sanguineum,
1870 4942 1910 5000 ut
1936 4946 2052 5023 partes
2073 4952 2107 5009 et

1124 5043 1254 5110 organa
1269 5023 1428 5115 corporis
1443 5038 1477 5092 et
1498 5017 1663 5093 humores
1679 5023 1754 5094 veri
1770 5027 1905 5117 solent,
1938 5035 1998 5106 illa
2015 5040 2107 5108 acci·
2178 5030 2189 5049 Χ

1123 5122 1216 5191 disse
1239 5133 1514 5195 consentaneum
1541 5136 1603 5198 est.
1661 5124 1835 5215 Quamvis
1860 5135 2018 5206 enimin
2040 5140 2105 5210 tali

1122 5222 1359 5295 commotione
1381 5224 1493 5294 animi
1525 5227 1570 5295 ab
1601 5227 1834 5303 exterioribus
1864 5239 2033 5307 membris
2058 5243 2103 5313 ad

1122 5338 1301 5410 centrum,
1326 5340 1366 5397 ut
1386 5326 1600 5420 loquuntur,
1627 5323 1695 5400 hoc
1715 5345 1783 5418 est,
1815 5336 1867 5404 ad'
1885 5330 1964 5423 ebt,
1996 5343 2104 5432 spiri.

1121 5440 1178 5497 tus
1194 5440 1322 5498 etcum
1340 5451 1381 5523 eo
1397 5429 1539 5521 sanguis
1552 5431 1712 5523 refugere
1726 5434 1859 5507 solent:
1886 5450 2041 5515 attamen
2063 5446 2103 5518 in

1396 5526 1446 5602 48
