4748 6022
277 344 361 462 aas
641 367 892 462 sontem
923 381 1000 461 an
1036 384 1235 485 aaran
1266 382 1340 462 ar
1371 378 1612 459 norrun
1642 377 1946 467 nanturra
2231 380 2323 465 ‘ros

276 563 471 652 scripturae
500 571 534 628 et
563 558 805 653 antiquitatis,
838 574 931 630 certa
956 560 1165 632 diiudicatio
1192 560 1268 630 fieri
1323 579 1409 651 quas
1434 557 1580 626 insidias
1602 556 1774 627 falsorum
1794 560 1965 642 fratrum,
1997 581 2104 654 quam
2128 571 2254 632 tetram
2280 579 2316 636 et

274 677 415 758 posset,
441 676 475 733 et
498 662 641 729 navavit
662 674 747 732 tunc
770 655 958 751 Philippus
976 663 1014 730 in
1031 662 1092 730 illa
1111 664 1267 754 disputa·
1323 659 1598 728 abominabilem
1634 652 1742 728 huius
1776 658 1886 728 seculi
1922 656 2182 751 sophisticam,
2224 688 2317 756 quae

274 766 374 835 tione
395 787 472 832 eam
497 785 641 852 operam
657 756 836 846 Luthcro,
861 777 966 855 atque
991 764 1039 833 ita
1062 764 1268 855 interpella·
1323 760 1524 841 mendacia,
1546 783 1633 853 quas
1658 762 1891 830 contumelias
1912 776 2007 834 tanta
2030 787 2111 832 cum
2134 763 2317 854 patientia,

274 867 329 937 vit
352 892 391 935 ac
413 863 579 934 refutavit
594 859 761 948 Decium,
786 876 826 932 ut
842 861 922 948 ille,
947 864 1036 950 sicut
1057 879 1131 935 erat
1153 864 1269 953 impa·
1323 886 1362 931 ac
1378 884 1467 953 pene
1482 861 1559 929 sine
1575 884 1680 929 sensu
1698 862 1884 943 sustinuit,
1911 864 2012 957 quasi
2028 866 2073 933 ad
2091 864 2210 934 omnia
2227 860 2314 937 haec

278 970 391 1051 tiens,
414 969 557 1036 tandem
582 966 621 1031 in
644 959 731 1032 haec
757 964 861 1033 verba
886 977 1147 1057 prorumperet:
1175 963 1269 1035 Tace
1323 964 1393 1032 iam
1409 963 1547 1054 pridem
1562 962 1794 1034 occalluisset.
1836 960 1910 1034 Nos
1924 988 2008 1035 vero
2025 989 2104 1035 cum
2122 964 2313 1057 impatien-

279 1086 320 1138 tn
342 1064 508 1158 Philippe
534 1090 573 1139 ac
592 1079 652 1134 tua
677 1063 790 1132 studia
817 1088 916 1152 cura,
942 1091 988 1136 ne
1011 1091 1067 1135 me
1090 1056 1269 1159 perturba.
1324 1065 1372 1134 tia
1387 1077 1507 1132 nostra
1523 1063 1623 1148 moti,
1641 1078 1676 1135 et
1692 1064 1792 1133 illius
1806 1065 1918 1134 vicem
1935 1066 2106 1152 dolentes,
2130 1066 2311 1139 interdum

281 1168 474 1259 Praesagiit
489 1181 575 1236 tunc
592 1161 697 1233 lllccio
714 1168 819 1235 credo
836 1168 986 1252 animus,
1012 1168 1152 1262 qualem
1166 1167 1269 1239 illum
1324 1166 1356 1234 ei
1377 1158 1575 1234 hortatores
1596 1178 1629 1235 et
1652 1164 1874 1256 instigatores
1901 1188 2071 1249 essemus,
2105 1181 2144 1239 ut
2164 1190 2312 1261 respou-

283 1270 524 1341 adversarium
541 1266 733 1357 aliquando
753 1263 1053 1342 essethabiturus.
1323 1267 1442 1336 dendo
1474 1280 1509 1336 et
1539 1266 1722 1337 mendacia
1752 1269 1968 1353 refellendo,
1999 1267 2112 1338 Zoilis
2145 1269 2218 1340 illis
2244 1270 2312 1340 ali-

285 1387 289 1397 '
385 1369 539 1442 Rediere
555 1368 599 1436 ab
616 1367 678 1436 illo
694 1391 884 1459 congressu
898 1371 1022 1455 nostri,
1048 1396 1088 1440 ac
1104 1371 1197 1440 inter
1212 1391 1272 1438 eos
1324 1369 1467 1461 quando
1500 1368 1643 1438 tandem
1672 1393 1735 1439 ora
1767 1370 1981 1441 obstrueret:
2019 1368 2228 1462 Respondet
2252 1371 2313 1442 ille

285 1484 441 1543 amoret
463 1481 582 1539 saneta
606 1470 794 1539 concordia
817 1471 855 1538 in
880 1473 954 1541 «lies
977 1473 1135 1562 singulos
1161 1470 1272 1559 magis
1325 1468 1523 1539 doctrinam
1549 1492 1649 1538 suam
1675 1483 1710 1540 et
1738 1472 1866 1562 scripta
1887 1484 1971 1543 nota
1994 1494 2088 1552 esse,
2125 1467 2220 1542 nihil
2242 1473 2314 1546 alia

284 1575 465 1665 magisque
485 1570 629 1640 coaluit.
679 1567 763 1641 Fuit
787 1585 872 1643 tunc
894 1574 930 1641 id
953 1587 1109 1665 tempus,
1142 1597 1213 1667 quo
1236 1595 1273 1640 se
1325 1569 1555 1662 responsione
1584 1584 1645 1642 aut
1670 1572 1885 1643 refutatione
1912 1597 2002 1665 opus
2029 1595 2116 1645 esses
2175 1571 2315 1645 Interea

284 1678 386 1745 furor
402 1672 683 1745 adversariorum
701 1688 1030 1767 nostrorumusqne
1053 1677 1140 1744 adeo
1157 1673 1273 1744 effun-
1325 1695 1431 1742 suum
1462 1671 1549 1757 iter,
1588 1683 1631 1742 ut
1659 1672 1755 1760 dixi,
1796 1675 1961 1764 urgebat,
2001 1699 2081 1746 cum
2116 1669 2314 1747 Pontificiis

287 1780 403 1860 debat,
428 1787 528 1857 utne
544 1773 689 1867 quidem
701 1773 901 1860 furtissuis,
928 1789 962 1846 et
975 1775 1179 1866 imposturis
1197 1775 1273 1865 pla-
1326 1773 1509 1844 doctrinae
1521 1786 1661 1846 nostrae
1673 1770 1834 1846 hostibus
1847 1799 1909 1847 sua
1924 1777 1963 1847 in
1977 1775 2128 1850 statione
2142 1776 2315 1869 acerrime

287 1878 365 1948 cide
389 1875 546 1946 contenti
563 1897 657 1954 esse,
681 1889 743 1946 aut
763 1875 941 1969 quiescere
959 1892 1120 1970 possent,
1145 1874 1215 1947 Sed
1233 1900 1273 1944 ea
1325 1874 1562 1967 depugnabat·

287 1981 432 2068 insuper
446 2000 510 2067 pro
527 1999 661 2046 summa
676 1976 821 2067 pietate,
847 1981 1097 2065 sanctimonia,
1122 1992 1156 2048 et
1171 1978 1274 2047 iusti·

286 2081 340 2148 cia
359 2079 499 2148 adorari
518 2077 745 2167 postularent.
798 2076 939 2150 Accidit
958 2103 1059 2169 ergo,
1084 2091 1123 2149 ut
1138 2073 1273 2149 Luthe·
1425 2070 1553 2147 Edidit
1561 2075 1694 2168 scripta
1712 2077 1865 2170 plurima
1878 2077 2065 2149 utilissima
2081 2090 2116 2149 et
2129 2077 2232 2148 valde
2248 2103 2316 2150 ne-

287 2204 349 2250 rns
378 2202 469 2271 pene
501 2178 634 2247 invitus
668 2177 713 2246 ad
741 2180 1056 2252 contradicendum
1079 2181 1274 2250 manifestis
1325 2175 1490 2256 cessaria,
1516 2202 1606 2271 quae
1622 2173 1681 2248 hic
1693 2177 1835 2271 singula
1849 2202 2028 2253 recensere
2042 2178 2189 2269 longum
2210 2180 2317 2268 foret,

286 2282 431 2350 illorum
447 2273 676 2370 blasphemiis
691 2280 971 2370 compelleretur,
987 2283 1102 2354 adfuit
1114 2280 1170 2351 illi
1183 2282 1274 2373 lidus
1324 2278 1387 2349 sed
1402 2273 1601 2359 fietet-hoc,
1625 2277 1702 2351 Deo
1715 2281 1920 2367 auxiliante,
1942 2282 2014 2351 alio
2030 2294 2199 2374 tempore.
2220 2279 2316 2353 Sunt

286 2383 419 2474 ubique
437 2395 470 2449 et
487 2380 648 2449 assiduus
668 2374 905 2476 παραστάτης
924 2378 1131 2475 Philippus,
1155 2378 1274 2476 Atque
1324 2392 1444 2450 autem
1464 2401 1507 2447 ex
1525 2373 1581 2449 his
1598 2381 1770 2472 quaedam
1787 2377 1997 2481 ἐξηγητικὰ,
2025 2382 2156 2477 quibus
2179 2382 2314 2473 praeci-

287 2487 336 2552 ita
357 2484 480 2560 ambo,
506 2495 546 2548 nt
568 2482 607 2549 lit
629 2494 708 2570 post
728 2497 930 2553 consertum
951 2486 1123 2575 praelium
1142 2485 1182 2552 in
1199 2508 1271 2553 me·
1326 2479 1390 2571 pui
1405 2479 1490 2549 libri
1515 2479 1604 2550 sacri
1622 2481 1801 2569 luculenta
1824 2483 2118 2573 interpretatione
2135 2482 2316 2575 explican-

288 2587 386 2653 ‹lium
407 2597 541 2652 aestum
559 2580 761 2650 certaminis
777 2580 1040 2672 pertrahuntur.
1090 2585 1168 2656 Hoc
1183 2599 1273 2656 tem·
1326 2593 1405 2665 tur,
1442 2593 1484 2651 ut
1516 2583 1759 2652 commentarii
1793 2583 1833 2654 in
1872 2581 2080 2667 Danielem,
2116 2578 2322 2656 lohannem'

287 2708 376 2777 pore
390 2683 499 2752 multa
516 2682 632 2750 moliti
646 2696 730 2753 sunt
744 2685 949 2772 adversarii,
964 2701 1103 2759 nostros
1117 2702 1158 2759 ut
1173 2711 1275 2758 ever-
1325 2677 1610 2772 Evangelistam,
1647 2677 1827 2774 Epistolas
1852 2683 1976 2771 Pauli,
2014 2697 2050 2756 et
2081 2685 2171 2756 alios
2201 2685 2315 2759 libros

289 2799 421 2867 terent,
455 2784 490 2852 id
515 2783 611 2876 quod
634 2784 763 2876 scripta
785 2800 818 2857 et
840 2802 915 2858 acta
941 2813 1064 2859 eorum
1090 2803 1274 2864 testantur.
1325 2807 1460 2869 sacros,
1484 2783 1616 2877 quibus
1636 2809 1711 2854 nou
1730 2787 1804 2858 scio
1828 2787 1915 2882 quid
1943 2787 2097 2859 exactius
2119 2800 2181 2859 aut
2202 2787 2316 2879 magis

289 2887 505 2975 adiungunt
532 2898 565 2954 et
590 2886 720 2955 nostris
750 2888 861 2981 aliqui
893 2914 951 2972 se,
984 2893 1045 2985 qui
1076 2883 1274 2988 παράλογα
1325 2886 1549 2976 perspicuum
1569 2907 1645 2955 esse
1661 2888 1781 2978 possit.
1832 2885 2026 2961 Conferant
2047 2882 2133 2960 haec
2156 2912 2236 2959 cum
2251 2913 2313 2957 ve-

288 2991 464 3082 quaedam
483 3001 643 3071 movent,
667 2987 758 3060 sicut
778 2990 818 3059 lit
835 2992 941 3062 rebus
960 2993 1066 3063 motis
1080 3007 1114 3064 ct
1135 3007 1273 3084 pertnr-
1325 2987 1481 3073 teribus,
1499 2986 1561 3080 qui
1578 2987 1710 3073 volent,
1736 2997 1770 3060 et
1786 3014 1843 3080 me
1856 3014 1979 3060 verum
1993 3002 2116 3062 testem
2136 3013 2209 3061 esse
2222 2990 2315 3062 fate-

288 3091 391 3161 batis.
442 3087 520 3158 Hoc
537 3090 615 3157 loco
631 3089 771 3180 inquas
788 3093 1019 3179 difficultates,
1046 3108 1274 3190 etquaeccr-
1298 3122 1303 3229 q
1325 3088 1473 3162 buntur.
1513 3086 1652 3177 Pugnat
1672 3104 1706 3160 et
1723 3115 1802 3160 cum
1818 3085 1980 3164 hostibus
1996 3091 2154 3164 veritatis
2168 3091 2313 3183 ubique,

289 3193 423 3263 tamina
440 3189 670 3262 Reverendus
682 3188 859 3265 Dominus
874 3193 1083 3293 Praeceptor
1098 3196 1274 3278 inciderit,
1324 3201 1366 3260 ut
1382 3189 1467 3274 dixi,
1491 3191 1672 3275 acerrime,
1697 3205 1730 3262 ct
1746 3193 1817 3263 illis
1833 3194 1976 3287 quidem
1992 3193 2153 3283 iugulum
2169 3194 2311 3285 premit,

290 3315 565 3361 commemorare
588 3315 745 3381 possem,
776 3298 837 3365 sed
861 3296 898 3364 in
922 3297 1020 3367 aliud
1045 3311 1183 3389 tempus
1209 3299 1273 3367 ista
1326 3293 1391 3359 etsi
1408 3290 1528 3360 minus
1544 3290 1690 3360 fortasse
1707 3294 1964 3380 tumultuatur,
1987 3285 2094 3390 quam
2109 3294 2219 3387 aliqui
2237 3294 2314 3364 vel-

289 3418 442 3467 rcservo.
493 3389 570 3462 Etsi
591 3387 658 3462 hoc
675 3393 817 3486 quidem
836 3397 925 3481 scio,
952 3412 986 3469 et
1002 3423 1083 3469 vere
1099 3400 1274 3469 affirmare
1298 3440 1302 3466 ι
1325 3392 1412 3464 lent·
1456 3389 1638 3461 Postremo
1656 3406 1695 3463 ut
1711 3394 1779 3464 alia
1794 3398 1968 3482 omittam,
1992 3416 2165 3466 summam
2179 3397 2313 3466 doctri·

288 3520 453 3585 possum,
486 3495 602 3585 ipsum
624 3494 751 3565 multas
774 3519 857 3568 sane
882 3494 1045 3574 horridas
1073 3503 1274 3586 sententias,
1325 3517 1392 3562 nae
1409 3488 1644 3563 Ecclesiamm
1661 3510 1861 3567 nostrarum
1878 3496 2163 3583 commodissimo
2179 3510 2213 3568 et
2228 3521 2314 3567 eru-

288 3622 335 3665 ae
350 3597 435 3690 quid
452 3597 587 3667 tristius
603 3595 735 3682 dicam,
767 3612 851 3670 tunc
867 3602 1047 3696 aliquibus
1064 3627 1143 3673 curn
1161 3604 1273 3674 matta
1326 3596 1501 3665 ditissimo
1515 3596 1726 3684 cosnpendio
1742 3600 1944 3690 complexus
1957 3613 2009 3669 est
2023 3598 2063 3667 in
2078 3598 2210 3690 duplici
2232 3597 2310 3680 ἕξο-

289 3699 432 3768 lenitate
460 3714 495 3768 et
526 3700 797 3769 mansuetudine
825 3726 844 3770 e
872 3705 1038 3774 manibus
1073 3707 1272 3775 extorsisse:
1290 3692 1301 3781 ἰ
1324 3689 1523 3795 μολογήσει
1553 3694 1780 3786 Augustana,
1813 3717 1847 3771 et
1877 3700 1958 3786 illa,
1989 3723 2077 3793 quae
2106 3699 2313 3789 superioris,

136 3862 139 3867 .
266 3891 268 3896 Ι
289 3800 406 3890 Quale
422 3797 488 3870 hoc
504 3812 572 3882 est,
598 3792 736 3869 homini
753 3796 954 3874 Christiano
973 3828 1047 3873 uon
1072 3807 1176 3874 licere
1197 3808 1274 3876 liti·
1298 3792 1301 3805 '
1326 3799 1488 3890 repetitio
1501 3810 1569 3882 est,
1591 3798 1684 3869 edita
1699 3824 1795 3870 anuo
1813 3802 1924 3880 1551.
1975 3799 2043 3876 His
2056 3802 2190 3871 accedit
2204 3801 2310 3893 plena

43 3900 48 3915 '
168 3926 172 3932 ·
287 3928 368 3991 gare
382 3902 420 3969 in
435 3900 580 3983 iudicio,
599 3913 661 3970 aut
675 3899 902 3989 Magistratus
914 3904 1056 3975 Politici
1070 3908 1271 3994 cognitione
1326 3914 1359 3970 et
1392 3897 1608 3969 exactissima
1635 3902 1820 3992 explicatio
1851 3906 2056 3993 dogmatum
2088 3902 2311 3994 singulorum

287 4004 345 4071 vel
369 4004 526 4072 subsidio
543 4003 611 4072 uti:
638 3999 697 4072 lus
714 4000 910 4075 Mosaicum
929 4008 967 4076 in
985 4009 1101 4078 forum
1123 4032 1196 4078 esse
1214 4034 1271 4077 re·
1325 3996 1576 4092 consprehensa
1594 4000 1708 4086 libro,
1736 4004 1793 4073 cui
1814 4007 1940 4076 titulus
1955 4017 2024 4088 est,
2049 4002 2135 4074 Loci
2149 4026 2313 4074 commu-

287 4106 505 4189 vocandum,
531 4126 646 4196 neque
659 4103 742 4172 ullis
759 4106 892 4195 legibus
907 4113 1079 4180 utendum
1098 4106 1272 4180 Christia-
1325 4127 1404 4187 nes,
1438 4100 1553 4191 Quem
1576 4102 1708 4171 librum
1734 4129 1812 4173 cum
1837 4107 1983 4177 vidisset
2005 4101 2182 4176 Lutherus
2203 4128 2312 4177 ausus

286 4205 353 4272 nis.
411 4202 492 4272 Non
522 4205 585 4271 ista
610 4198 758 4273 Lutheri
783 4206 884 4297 culpa
914 4214 1167 4293 movebantur,
1201 4212 1270 4284 Sed
1297 4214 1301 4315 l
1324 4206 1394 4275 fuit
1410 4205 1536 4287 dicere,
1562 4227 1634 4271 non
1651 4207 1815 4277 dubitare
1830 4232 1878 4293 se,
1905 4208 1994 4303 quin
2013 4206 2070 4276 vel
2085 4229 2196 4277 unum
2213 4202 2311 4278 hunc

284 4306 390 4374 fiebat
403 4303 458 4389 id,
484 4307 578 4398 quod
594 4305 632 4372 in
649 4305 778 4376 talibus
795 4311 1050 4383 mutationibus
1066 4328 1100 4383 et
1117 4315 1272 4383 medica·
1297 4322 1301 4401 j
1324 4308 1455 4375 librum
1474 4302 1629 4396 Philippi
1647 4308 1814 4379 omnihus
1833 4309 2091 4394 sententiariis,
2115 4323 2151 4380 et
2171 4304 2313 4384 scholaae
2346 4385 2349 4388 Α

283 4406 443 4476 tionibus
458 4405 615 4476 accidere
632 4407 738 4476 solet:
764 4408 857 4477 bona
873 4413 967 4481 enim
983 4435 1085 4505 saepe
1098 4437 1178 4482 cum
1195 4441 1271 4484 ma·
1323 4410 1418 4476 stitis
1444 4407 1582 4497 scriptis
1610 4399 1810 4481 aiateferret
1869 4410 2056 4504 Atquemt
2082 4424 2251 4502 rumpant
2272 4434 2310 4482 se

283 4508 329 4577 lis
351 4509 592 4591 eradicantur,
619 4520 654 4577 et
674 4530 758 4577 sana
781 4533 861 4579 cum
879 4515 1053 4583 morbosis
1069 4515 1270 4591 eiiciantur.
1296 4554 1299 4579 r
1324 4508 1438 4577 invidi
1461 4511 1521 4601 qui
1546 4523 1663 4600 postea
1682 4513 1758 4581 viro
1776 4527 1873 4584 tanto
1897 4514 2091 4583 obtrectare
2108 4505 2313 4603 coeperunt,
2353 4568 2357 4573 .

283 4607 375 4679 Nota
400 4606 514 4681 adhuc
539 4605 683 4679 mihiel
707 4610 806 4702 quasi
830 4612 869 4680 in
887 4632 1074 4705 conspectu
1096 4630 1179 4686 sunt
1195 4617 1270 4686 eius
1323 4612 1480 4700 proferre
1503 4635 1615 4702 neque
1637 4635 1678 4679 ex
1702 4632 1857 4684 veterum
1882 4639 1946 4685 nec
1967 4615 2202 4684 recentiorum
2221 4615 2311 4683 scri·

283 4715 405 4782 aetatis
427 4707 510 4781 hacc
533 4729 566 4784 et
589 4713 656 4782 alia
678 4713 886 4796 certamina,
912 4740 1002 4808 quae
1023 4719 1209 4804 sustinuit,
1236 4734 1270 4790 et
1322 4713 1409 4801 ptis,
1433 4735 1547 4803 neque
1571 4714 1677 4782 etiam
1700 4737 1764 4784 suo
1781 4741 1821 4785 ex
1838 4712 1995 4788 Theatro
2013 4714 2209 4808 quidquam
2228 4738 2311 4804 pos-

281 4836 385 4904 saepe
405 4816 449 4881 de
471 4809 526 4881 his
548 4813 708 4908 querelas
729 4836 826 4900 suas,
857 4812 1033 4887 Dominus
1058 4819 1270 4911 Praeceptor
1320 4827 1423 4897 tuni,
1457 4836 1537 4880 cum
1569 4808 1636 4884 h⁰⁰
1666 4817 1816 4907 θθΐῖνῑθ,
1848 4821 1942 4915 qumi
1973 4816 2020 4886 δὴ
2041 4817 2310 4896 θθῦἷθΐθῑῑόυῐΰ.

280 4918 376 5006 apud
402 4936 457 4981 tue
482 4918 653 5003 deposuit.
715 4916 783 4988 Sed
806 4931 845 4989 ut
876 4919 1045 4989 formicae
1075 4935 1209 4991 certum
1233 4937 1267 4993 et
1319 4913 1366 4986 Et
1383 4916 1501 4985 sinon
1518 4916 1623 4984 nimis
1640 4916 1755 5011 iniqui
1775 4937 1858 4991 sunt
1872 4920 2110 4991 aestimatores
2128 4919 2237 4989 alieni
2258 4919 2312 4988 la·-

279 5041 394 5086 unum
418 5015 485 5083 iter
505 5029 639 5101 terunt,
668 5019 714 5086 ita
739 5019 801 5088 ille
824 5045 936 5090 unum
958 5046 1097 5092 cursum
1120 5026 1267 5113 urgebat
1316 5019 1433 5099 horis,
1460 5019 1580 5089 dicant
1599 5019 1654 5087 illi
1675 5023 1798 5106 nubis,
1823 5025 1893 5092 nisi
1911 5035 2089 5112 utranque
2104 5016 2312 5091 Confessio-

279 5143 433 5211 scmper,
465 5116 658 5206 simplicem
682 5121 884 5208 veritatem,
918 5147 1064 5217 eamque
1092 5125 1263 5195 illibatam
1318 5112 2164 5213 uemPhilippietLocoscommuneshabereut,
2192 5125 2311 5214 quod-

279 5236 318 5291 ut
333 5235 509 5303 tueretur,
535 5218 637 5285 illurn
656 5244 796 5287 cursum
813 5227 943 5308 tenuit,
971 5251 1118 5319 eamque
1135 5240 1261 5296 metam
1315 5249 1398 5294 nam
1420 5247 1547 5316 corpus
1567 5222 1761 5313 integrum,
1790 5238 1851 5294 aut
1868 5249 1976 5319 quam
1997 5246 2171 5293 summam
2199 5218 2310 5296 huins

278 5337 416 5391 secutus
441 5338 510 5402 est,
537 5325 649 5390 donec
672 5321 779 5403 vixit,
805 5348 869 5392 nec
892 5328 936 5394 ab
959 5352 997 5396 ea
1012 5329 1095 5398 ullis
1118 5352 1153 5396 se
1176 5354 1261 5397 con-
1314 5324 1494 5397 doctrinae
1521 5339 1636 5394 essent
1670 5321 1853 5396 habituri?
1896 5324 1979 5398 Non
2011 5327 2082 5394 iam
2117 5325 2232 5395 dicam
2261 5328 2308 5398 de

275 5423 431 5490 tumeliis
445 5439 505 5495 aut
519 5423 660 5492 iniuriis
675 5423 846 5493 dimoveri
861 5450 981 5514 passus
996 5443 1057 5509 est,
1081 5427 1129 5499 Et
1144 5429 1260 5499 Deum
1313 5430 1410 5500 illios
1425 5425 1622 5496 utilissimis
1637 5425 1777 5517 scriptis
1791 5428 1830 5498 in
1843 5429 1923 5498 aliis
1937 5426 2147 5517 disciplinis.
2193 5425 2304 5518 Quod

272 5522 531 5613 immortalem,
571 5550 660 5620 quae
689 5526 823 5599 interea
853 5527 964 5620 ignita
994 5530 1061 5602 tela
1092 5528 1260 5622 Satanae,
1310 5528 1561 5626 compendium
1581 5525 1807 5621 Dialectices,
1832 5534 1929 5629 quod
1946 5525 2176 5620 Rhetorices,
2204 5534 2305 5628 quod
