<?xml version="1.0" encoding="UTF-8"?>
<!DOCTYPE html PUBLIC "-//W3C//DTD XHTML 1.0 Transitional//EN"
    "http://www.w3.org/TR/xhtml1/DTD/xhtml1-transitional.dtd">
<html xmlns="http://www.w3.org/1999/xhtml" xml:lang="en" lang="en">
 <head>
  <title>
</title>
<meta http-equiv="Content-Type" content="text/html;charset=utf-8" />
  <meta name='ocr-system' content='tesseract 3.04.00' />
  <meta name='ocr-capabilities' content='ocr_page ocr_carea ocr_par ocr_line ocrx_word'/>
</head>
<body>
  <div class='ocr_page' id='page_1' title='image "./philippimelanth18melagoog/philippimelanth18melagoog_0502.png"; bbox 0 0 4748 6022; ppageno 0'>
   <div class='ocr_carea' id='block_1_1' title="bbox 172 196 2248 340">
    <p class='ocr_par' dir='ltr' id='par_1_1' title="bbox 172 196 2248 340">
     <span class='ocr_line' id='line_1_1' title="bbox 172 196 2248 340; baseline 0.001 -18"><span class='ocrx_word' id='word_1_1' title='bbox 172 247 249 327; x_wconf 83' lang='lat' dir='ltr'><strong>sss</strong></span> <span class='ocrx_word' id='word_1_2' title='bbox 649 242 1072 340; x_wconf 74' lang='lat' dir='ltr'><strong>annocum-nr</strong></span> <span class='ocrx_word' id='word_1_3' title='bbox 1105 241 1342 320; x_wconf 79' lang='lat' dir='ltr'><strong>caurus</strong></span> <span class='ocrx_word' id='word_1_4' title='bbox 1375 196 1729 321; x_wconf 79' lang='lat' dir='ltr'><strong>coactores.</strong></span> <span class='ocrx_word' id='word_1_5' title='bbox 2128 244 2209 320; x_wconf 79' lang='lat' dir='ltr'><strong>aas</strong></span> <span class='ocrx_word' id='word_1_6' title='bbox 2245 324 2248 330; x_wconf 77' lang='grc'>,</span> 
     </span>
    </p>
   </div>
   <div class='ocr_carea' id='block_1_2' title="bbox 135 416 2310 5505">
    <p class='ocr_par' dir='ltr' id='par_1_2' title="bbox 135 416 2310 3670">
     <span class='ocr_line' id='line_1_2' title="bbox 172 416 2216 515; baseline -0.001 -23"><span class='ocrx_word' id='word_1_7' title='bbox 172 420 336 515; x_wconf 91' lang='lat' dir='ltr'><strong>estquod</strong></span> <span class='ocrx_word' id='word_1_8' title='bbox 352 419 456 490; x_wconf 89' lang='lat' dir='ltr'><strong>nobis</strong></span> <span class='ocrx_word' id='word_1_9' title='bbox 472 420 717 507; x_wconf 89' lang='lat' dir='ltr'><strong>blandiamur,</strong></span> <span class='ocrx_word' id='word_1_10' title='bbox 744 430 779 491; x_wconf 89' lang='lat' dir='ltr'><strong>et</strong></span> <span class='ocrx_word' id='word_1_11' title='bbox 793 442 930 507; x_wconf 91' lang='lat' dir='ltr'><strong>causas,</strong></span> <span class='ocrx_word' id='word_1_12' title='bbox 955 444 1020 490; x_wconf 87' lang='lat' dir='ltr'><strong>cnr</strong></span> <span class='ocrx_word' id='word_1_13' title='bbox 1035 419 1084 490; x_wconf 89' lang='lat' dir='ltr'><strong>ita</strong></span> <span class='ocrx_word' id='word_1_14' title='bbox 1101 418 1165 488; x_wconf 86' lang='lat' dir='ltr'><strong>ad·</strong></span> <span class='ocrx_word' id='word_1_15' title='bbox 1215 442 1295 490; x_wconf 91' lang='lat' dir='ltr'><strong>rum</strong></span> <span class='ocrx_word' id='word_1_16' title='bbox 1317 418 1472 500; x_wconf 88' lang='lat' dir='ltr'><strong>monita,</strong></span> <span class='ocrx_word' id='word_1_17' title='bbox 1502 442 1619 513; x_wconf 90' lang='lat' dir='ltr'><strong>neque</strong></span> <span class='ocrx_word' id='word_1_18' title='bbox 1632 432 1857 510; x_wconf 89' lang='lat' dir='ltr'><strong>praeceptum</strong></span> <span class='ocrx_word' id='word_1_19' title='bbox 1870 416 1957 500; x_wconf 90' lang='lat' dir='ltr'><strong>Dei,</strong></span> <span class='ocrx_word' id='word_1_20' title='bbox 1984 442 2049 488; x_wconf 88' lang='lat' dir='ltr'><strong>nec</strong></span> <span class='ocrx_word' id='word_1_21' title='bbox 2067 428 2216 510; x_wconf 83' lang='lat' dir='ltr'><strong>poenae&#39;</strong></span> 
     </span>
     <span class='ocr_line' id='line_1_3' title="bbox 170 519 2205 617; baseline -0.001 -23"><span class='ocrx_word' id='word_1_22' title='bbox 170 525 258 594; x_wconf 83' lang='lat' dir='ltr'><strong>flicri</strong></span> <span class='ocrx_word' id='word_1_23' title='bbox 280 521 471 616; x_wconf 82' lang='lat' dir='ltr'>miserique</span> <span class='ocrx_word' id='word_1_24' title='bbox 493 522 624 607; x_wconf 91' lang='lat' dir='ltr'><strong>simus,</strong></span> <span class='ocrx_word' id='word_1_25' title='bbox 650 544 870 617; x_wconf 77' lang='lat' dir='ltr'><strong>quaeramus.</strong></span> <span class='ocrx_word' id='word_1_26' title='bbox 923 519 1024 611; x_wconf 81' lang='lat' dir='ltr'><strong>Quin</strong></span> <span class='ocrx_word' id='word_1_27' title='bbox 1040 543 1163 611; x_wconf 86' lang='lat' dir='ltr'><strong>exper-</strong></span> <span class='ocrx_word' id='word_1_28' title='bbox 1215 523 1341 607; x_wconf 89' lang='lat' dir='ltr'><strong>etiam,</strong></span> <span class='ocrx_word' id='word_1_29' title='bbox 1363 534 1398 590; x_wconf 89' lang='lat' dir='ltr'><strong>et</strong></span> <span class='ocrx_word' id='word_1_30' title='bbox 1421 521 1513 590; x_wconf 91' lang='lat' dir='ltr'><strong>mala</strong></span> <span class='ocrx_word' id='word_1_31' title='bbox 1530 535 1650 592; x_wconf 89' lang='lat' dir='ltr'><strong>nostra</strong></span> <span class='ocrx_word' id='word_1_32' title='bbox 1667 545 1732 592; x_wconf 91' lang='lat' dir='ltr'><strong>nos</strong></span> <span class='ocrx_word' id='word_1_33' title='bbox 1747 523 1913 608; x_wconf 90' lang='lat' dir='ltr'><strong>flectunt,</strong></span> <span class='ocrx_word' id='word_1_34' title='bbox 1935 522 2054 594; x_wconf 81' lang='lat' dir='ltr'><strong>autad</strong></span> <span class='ocrx_word' id='word_1_35' title='bbox 2070 521 2205 592; x_wconf 88' lang='lat' dir='ltr'><strong>sanita-</strong></span> 
     </span>
     <span class='ocr_line' id='line_1_4' title="bbox 171 618 2202 719; baseline -0.001 -25"><span class='ocrx_word' id='word_1_36' title='bbox 171 628 348 719; x_wconf 89' lang='lat' dir='ltr'><strong>giscamur</strong></span> <span class='ocrx_word' id='word_1_37' title='bbox 369 648 410 693; x_wconf 83' lang='lat' dir='ltr'><strong>ex</strong></span> <span class='ocrx_word' id='word_1_38' title='bbox 431 620 499 695; x_wconf 91' lang='lat' dir='ltr'><strong>hoc</strong></span> <span class='ocrx_word' id='word_1_39' title='bbox 512 639 678 713; x_wconf 85' lang='lat' dir='ltr'><strong>veterno,</strong></span> <span class='ocrx_word' id='word_1_40' title='bbox 703 650 743 695; x_wconf 94' lang='lat' dir='ltr'><strong>ac</strong></span> <span class='ocrx_word' id='word_1_41' title='bbox 757 647 824 693; x_wconf 91' lang='lat' dir='ltr'><strong>nos</strong></span> <span class='ocrx_word' id='word_1_42' title='bbox 837 624 981 696; x_wconf 85' lang='lat' dir='ltr'><strong>&#39;tandem</strong></span> <span class='ocrx_word' id='word_1_43' title='bbox 998 618 1164 692; x_wconf 89' lang='lat' dir='ltr'><strong>homines</strong></span> <span class='ocrx_word' id='word_1_44' title='bbox 1214 639 1285 696; x_wconf 88' lang='lat' dir='ltr'><strong>tem</strong></span> <span class='ocrx_word' id='word_1_45' title='bbox 1306 636 1490 707; x_wconf 90' lang='lat' dir='ltr'><strong>revocant,</strong></span> <span class='ocrx_word' id='word_1_46' title='bbox 1515 637 1601 694; x_wconf 91' lang='lat' dir='ltr'><strong>tunc</strong></span> <span class='ocrx_word' id='word_1_47' title='bbox 1621 646 1743 694; x_wconf 90' lang='lat' dir='ltr'><strong>revera</strong></span> <span class='ocrx_word' id='word_1_48' title='bbox 1764 624 1993 719; x_wconf 87' lang='lat' dir='ltr'><strong>sumusquod</strong></span> <span class='ocrx_word' id='word_1_49' title='bbox 2008 622 2202 717; x_wconf 72' lang='lat' dir='ltr'><strong>Apostolus</strong></span> 
     </span>
     <span class='ocr_line' id='line_1_5' title="bbox 170 717 2202 822; baseline -0.003 -23"><span class='ocrx_word' id='word_1_50' title='bbox 170 751 245 799; x_wconf 87' lang='lat' dir='ltr'><strong>essa</strong></span> <span class='ocrx_word' id='word_1_51' title='bbox 273 725 487 815; x_wconf 77' lang='lat' dir='ltr'><strong>cogitantes,</strong></span> <span class='ocrx_word' id='word_1_52' title='bbox 519 741 714 799; x_wconf 75' lang='lat' dir='ltr'><strong>statuamus</strong></span> <span class='ocrx_word' id='word_1_53' title='bbox 741 750 824 796; x_wconf 85' lang='lat' dir='ltr'><strong>vera</strong></span> <span class='ocrx_word' id='word_1_54' title='bbox 847 748 940 811; x_wconf 90' lang='lat' dir='ltr'><strong>esse,</strong></span> <span class='ocrx_word' id='word_1_55' title='bbox 971 749 1061 820; x_wconf 90' lang='lat' dir='ltr'><strong>qnae</strong></span> <span class='ocrx_word' id='word_1_56' title='bbox 1087 726 1163 819; x_wconf 89' lang='lat' dir='ltr'><strong>ipsa</strong></span> <span class='ocrx_word' id='word_1_57' title='bbox 1214 728 1277 797; x_wconf 88' lang='lat' dir='ltr'><strong>ait:</strong></span> <span class='ocrx_word' id='word_1_58' title='bbox 1318 717 1584 822; x_wconf 61' lang='lat' dir='ltr'><strong>dragmaticae,</strong></span> <span class='ocrx_word' id='word_1_59' title='bbox 1625 741 1660 797; x_wconf 92' lang='lat' dir='ltr'><strong>et</strong></span> <span class='ocrx_word' id='word_1_60' title='bbox 1687 728 1814 819; x_wconf 83' lang='lat' dir='ltr'><strong>quovis</strong></span> <span class='ocrx_word' id='word_1_61' title='bbox 1837 726 1944 798; x_wconf 90' lang='lat' dir='ltr'><strong>Silice</strong></span> <span class='ocrx_word' id='word_1_62' title='bbox 1975 741 2080 821; x_wconf 90' lang='lat' dir='ltr'><strong>atquc</strong></span> <span class='ocrx_word' id='word_1_63' title='bbox 2102 725 2202 796; x_wconf 87' lang='lat' dir='ltr'><strong>Ada-</strong></span> 
     </span>
     <span class='ocr_line' id='line_1_6' title="bbox 170 824 2200 924; baseline -0.002 -23"><span class='ocrx_word' id='word_1_64' title='bbox 170 828 384 922; x_wconf 83' lang='lat' dir='ltr'><strong>experientia</strong></span> <span class='ocrx_word' id='word_1_65' title='bbox 415 853 502 915; x_wconf 92' lang='lat' dir='ltr'><strong>nos,</strong></span> <span class='ocrx_word' id='word_1_66' title='bbox 550 832 647 924; x_wconf 89' lang='lat' dir='ltr'><strong>quod</strong></span> <span class='ocrx_word' id='word_1_67' title='bbox 677 853 760 899; x_wconf 91' lang='lat' dir='ltr'><strong>vera</strong></span> <span class='ocrx_word' id='word_1_68' title='bbox 787 828 878 914; x_wconf 90' lang='lat' dir='ltr'><strong>sint,</strong></span> <span class='ocrx_word' id='word_1_69' title='bbox 922 827 1025 898; x_wconf 86' lang='lat' dir='ltr'><strong>fateri</strong></span> <span class='ocrx_word' id='word_1_70' title='bbox 1059 828 1163 918; x_wconf 86' lang='lat' dir='ltr'><strong>cogit,</strong></span> <span class='ocrx_word' id='word_1_71' title='bbox 1214 843 1334 900; x_wconf 80' lang='lat' dir='ltr'><strong>suante</strong></span> <span class='ocrx_word' id='word_1_72' title='bbox 1357 828 1530 902; x_wconf 86' lang='lat' dir='ltr'><strong>duriores.</strong></span> <span class='ocrx_word' id='word_1_73' title='bbox 1582 824 1768 898; x_wconf 84' lang='lat' dir='ltr'><strong>Adhortor</strong></span> <span class='ocrx_word' id='word_1_74' title='bbox 1788 829 1899 919; x_wconf 89' lang='lat' dir='ltr'><strong>igitur</strong></span> <span class='ocrx_word' id='word_1_75' title='bbox 1918 854 1982 900; x_wconf 85' lang='lat' dir='ltr'><strong>vos</strong></span> <span class='ocrx_word' id='word_1_76' title='bbox 1997 831 2200 900; x_wconf 89' lang='lat' dir='ltr'><strong>adolescen-</strong></span> 
     </span>
     <span class='ocr_line' id='line_1_7' title="bbox 170 926 2266 1024; baseline -0.002 -22"><span class='ocrx_word' id='word_1_77' title='bbox 170 955 298 1022; x_wconf 88' lang='lat' dir='ltr'><strong>uempe</strong></span> <span class='ocrx_word' id='word_1_78' title='bbox 320 932 416 1024; x_wconf 93' lang='lat' dir='ltr'><strong>qnod</strong></span> <span class='ocrx_word' id='word_1_79' title='bbox 434 928 531 1002; x_wconf 89' lang='lat' dir='ltr'><strong>Deus</strong></span> <span class='ocrx_word' id='word_1_80' title='bbox 551 933 663 1022; x_wconf 88' lang='lat' dir='ltr'><strong>leges,</strong></span> <span class='ocrx_word' id='word_1_81' title='bbox 689 932 852 1001; x_wconf 86' lang='lat' dir='ltr'><strong>ordinem</strong></span> <span class='ocrx_word' id='word_1_82' title='bbox 874 954 917 999; x_wconf 90' lang='lat' dir='ltr'><strong>ac</strong></span> <span class='ocrx_word' id='word_1_83' title='bbox 936 930 1162 1020; x_wconf 86' lang='lat' dir='ltr'><strong>disciplinam</strong></span> <span class='ocrx_word' id='word_1_84' title='bbox 1215 945 1283 1014; x_wconf 90' lang='lat' dir='ltr'><strong>tes,</strong></span> <span class='ocrx_word' id='word_1_85' title='bbox 1315 954 1431 1023; x_wconf 91' lang='lat' dir='ltr'><strong>neque</strong></span> <span class='ocrx_word' id='word_1_86' title='bbox 1453 944 1591 1001; x_wconf 90' lang='lat' dir='ltr'><strong>tantum</strong></span> <span class='ocrx_word' id='word_1_87' title='bbox 1614 926 1803 1016; x_wconf 81' lang='lat' dir='ltr'><strong>adhortor,</strong></span> <span class='ocrx_word' id='word_1_88' title='bbox 1834 933 1896 1000; x_wconf 90' lang='lat' dir='ltr'><strong>sed</strong></span> <span class='ocrx_word' id='word_1_89' title='bbox 1918 945 1953 1002; x_wconf 91' lang='lat' dir='ltr'><strong>et</strong></span> <span class='ocrx_word' id='word_1_90' title='bbox 1972 956 2056 1017; x_wconf 93' lang='lat' dir='ltr'><strong>oro,</strong></span> <span class='ocrx_word' id='word_1_91' title='bbox 2081 944 2116 1000; x_wconf 90' lang='lat' dir='ltr'><strong>et</strong></span> <span class='ocrx_word' id='word_1_92' title='bbox 2138 952 2201 1019; x_wconf 90' lang='lat' dir='ltr'><strong>per</strong></span> <span class='ocrx_word' id='word_1_93' title='bbox 2262 972 2266 981; x_wconf 50' lang='grc' dir='ltr'><em>ι</em></span> 
     </span>
     <span class='ocr_line' id='line_1_8' title="bbox 172 1026 2199 1122; baseline -0.001 -20"><span class='ocrx_word' id='word_1_94' title='bbox 172 1033 257 1105; x_wconf 84' lang='lat' dir='ltr'><strong>velit</strong></span> <span class='ocrx_word' id='word_1_95' title='bbox 271 1026 492 1115; x_wconf 85' lang='lat' dir='ltr'><strong>conservari,</strong></span> <span class='ocrx_word' id='word_1_96' title='bbox 519 1033 761 1106; x_wconf 79' lang='lat' dir='ltr'><strong>obedientiam</strong></span> <span class='ocrx_word' id='word_1_97' title='bbox 776 1034 872 1103; x_wconf 82' lang='lat' dir='ltr'><strong>iusta</strong></span> <span class='ocrx_word' id='word_1_98' title='bbox 886 1026 983 1102; x_wconf 93' lang='lat' dir='ltr'><strong>hunc</strong></span> <span class='ocrx_word' id='word_1_99' title='bbox 998 1032 1161 1101; x_wconf 89' lang='lat' dir='ltr'><strong>ordinem</strong></span> <span class='ocrx_word' id='word_1_100' title='bbox 1213 1030 1329 1102; x_wconf 91' lang='lat' dir='ltr'><strong>Deum</strong></span> <span class='ocrx_word' id='word_1_101' title='bbox 1354 1033 1528 1116; x_wconf 91' lang='lat' dir='ltr'><strong>obtestor,</strong></span> <span class='ocrx_word' id='word_1_102' title='bbox 1561 1046 1600 1102; x_wconf 93' lang='lat' dir='ltr'><strong>ut</strong></span> <span class='ocrx_word' id='word_1_103' title='bbox 1621 1028 1685 1101; x_wconf 90' lang='lat' dir='ltr'><strong>has</strong></span> <span class='ocrx_word' id='word_1_104' title='bbox 1707 1027 1931 1105; x_wconf 90' lang='lat' dir='ltr'><strong>scholasticas</strong></span> <span class='ocrx_word' id='word_1_105' title='bbox 1951 1033 2044 1122; x_wconf 91' lang='lat' dir='ltr'><strong>leges</strong></span> <span class='ocrx_word' id='word_1_106' title='bbox 2064 1030 2199 1109; x_wconf 90' lang='lat' dir='ltr'><strong>ametis,</strong></span> 
     </span>
     <span class='ocr_line' id='line_1_9' title="bbox 169 1130 2200 1229; baseline -0.004 -22"><span class='ocrx_word' id='word_1_107' title='bbox 169 1137 350 1229; x_wconf 88' lang='lat' dir='ltr'><strong>requirat,</strong></span> <span class='ocrx_word' id='word_1_108' title='bbox 399 1149 434 1206; x_wconf 90' lang='lat' dir='ltr'><strong>et</strong></span> <span class='ocrx_word' id='word_1_109' title='bbox 469 1137 636 1228; x_wconf 91' lang='lat' dir='ltr'><strong>praemiis</strong></span> <span class='ocrx_word' id='word_1_110' title='bbox 660 1135 877 1226; x_wconf 76' lang='lat' dir='ltr'><strong>&#39;ingentibus</strong></span> <span class='ocrx_word' id='word_1_111' title='bbox 906 1152 1034 1204; x_wconf 84' lang='lat' dir='ltr'><strong>ornare</strong></span> <span class='ocrx_word' id='word_1_112' title='bbox 1065 1133 1162 1206; x_wconf 83' lang='lat' dir='ltr'><strong>velit.</strong></span> <span class='ocrx_word' id='word_1_113' title='bbox 1214 1148 1248 1203; x_wconf 90' lang='lat' dir='ltr'><strong>et</strong></span> <span class='ocrx_word' id='word_1_114' title='bbox 1275 1134 1436 1223; x_wconf 86' lang='lat' dir='ltr'><strong>religiose</strong></span> <span class='ocrx_word' id='word_1_115' title='bbox 1465 1134 1566 1204; x_wconf 88' lang='lat' dir='ltr'><strong>vobis</strong></span> <span class='ocrx_word' id='word_1_116' title='bbox 1594 1136 1784 1203; x_wconf 89' lang='lat' dir='ltr'><strong>servandas</strong></span> <span class='ocrx_word' id='word_1_117' title='bbox 1811 1158 1883 1206; x_wconf 89' lang='lat' dir='ltr'><strong>esse</strong></span> <span class='ocrx_word' id='word_1_118' title='bbox 1905 1135 2053 1207; x_wconf 86' lang='lat' dir='ltr'><strong>ducatis.</strong></span> <span class='ocrx_word' id='word_1_119' title='bbox 2103 1130 2200 1200; x_wconf 92' lang='lat' dir='ltr'><strong>Haec</strong></span> 
     </span>
     <span class='ocr_line' id='line_1_10' title="bbox 168 1229 2201 1329; baseline -0.004 -20"><span class='ocrx_word' id='word_1_120' title='bbox 168 1236 302 1309; x_wconf 80' lang='lat' dir='ltr'><strong>Contra</strong></span> <span class='ocrx_word' id='word_1_121' title='bbox 319 1231 485 1323; x_wconf 72' lang='grc' dir='ltr'><strong>ἀταξίαν,</strong></span> <span class='ocrx_word' id='word_1_122' title='bbox 510 1239 766 1323; x_wconf 87' lang='lat' dir='ltr'><strong>confusionem,</strong></span> <span class='ocrx_word' id='word_1_123' title='bbox 791 1229 1084 1321; x_wconf 77' lang='grc' dir='ltr'><strong><em>ἅκαταστασίαν,</em></strong></span> <span class='ocrx_word' id='word_1_124' title='bbox 1105 1257 1163 1303; x_wconf 88' lang='lat' dir='ltr'><strong>so-</strong></span> <span class='ocrx_word' id='word_1_125' title='bbox 1214 1235 1308 1305; x_wconf 90' lang='lat' dir='ltr'><strong>enim</strong></span> <span class='ocrx_word' id='word_1_126' title='bbox 1325 1260 1405 1305; x_wconf 91' lang='lat' dir='ltr'><strong>cum</strong></span> <span class='ocrx_word' id='word_1_127' title='bbox 1421 1235 1548 1304; x_wconf 91' lang='lat' dir='ltr'><strong>studiis</strong></span> <span class='ocrx_word' id='word_1_128' title='bbox 1561 1235 1687 1305; x_wconf 85' lang='lat' dir='ltr'><strong>vestris</strong></span> <span class='ocrx_word' id='word_1_129' title='bbox 1701 1237 1877 1329; x_wconf 89' lang='lat' dir='ltr'><strong>sapienter</strong></span> <span class='ocrx_word' id='word_1_130' title='bbox 1892 1237 2100 1320; x_wconf 91' lang='lat' dir='ltr'><strong>consulunt,</strong></span> <span class='ocrx_word' id='word_1_131' title='bbox 2125 1248 2201 1302; x_wconf 90' lang='lat' dir='ltr'><strong>tum</strong></span> 
     </span>
     <span class='ocr_line' id='line_1_11' title="bbox 169 1335 2202 1431; baseline -0.003 -22"><span class='ocrx_word' id='word_1_132' title='bbox 169 1341 343 1413; x_wconf 89' lang='lat' dir='ltr'><strong>lutionem</strong></span> <span class='ocrx_word' id='word_1_133' title='bbox 355 1340 573 1430; x_wconf 90' lang='lat' dir='ltr'><strong>disciplinae,</strong></span> <span class='ocrx_word' id='word_1_134' title='bbox 597 1341 734 1410; x_wconf 91' lang='lat' dir='ltr'><strong>ordinis</strong></span> <span class='ocrx_word' id='word_1_135' title='bbox 745 1338 1061 1431; x_wconf 86' lang='lat' dir='ltr'><strong>perturbationem,</strong></span> <span class='ocrx_word' id='word_1_136' title='bbox 1083 1361 1162 1404; x_wconf 92' lang='lat' dir='ltr'><strong>mo-</strong></span> <span class='ocrx_word' id='word_1_137' title='bbox 1214 1361 1299 1407; x_wconf 89' lang='lat' dir='ltr'><strong>vero</strong></span> <span class='ocrx_word' id='word_1_138' title='bbox 1311 1353 1346 1408; x_wconf 91' lang='lat' dir='ltr'><strong>et</strong></span> <span class='ocrx_word' id='word_1_139' title='bbox 1360 1360 1416 1406; x_wconf 90' lang='lat' dir='ltr'><strong>res</strong></span> <span class='ocrx_word' id='word_1_140' title='bbox 1431 1350 1467 1406; x_wconf 88' lang='lat' dir='ltr'><strong>et</strong></span> <span class='ocrx_word' id='word_1_141' title='bbox 1481 1362 1629 1429; x_wconf 91' lang='lat' dir='ltr'><strong>corpora</strong></span> <span class='ocrx_word' id='word_1_142' title='bbox 1643 1352 1757 1409; x_wconf 89' lang='lat' dir='ltr'><strong>vestra</strong></span> <span class='ocrx_word' id='word_1_143' title='bbox 1773 1340 1939 1407; x_wconf 90' lang='lat' dir='ltr'><strong>adversus</strong></span> <span class='ocrx_word' id='word_1_144' title='bbox 1954 1338 2105 1406; x_wconf 90' lang='lat' dir='ltr'><strong>iniurias</strong></span> <span class='ocrx_word' id='word_1_145' title='bbox 2115 1335 2202 1403; x_wconf 88' lang='lat' dir='ltr'><strong>lide-</strong></span> 
     </span>
     <span class='ocr_line' id='line_1_12' title="bbox 168 1435 2204 1534; baseline -0.005 -19"><span class='ocrx_word' id='word_1_146' title='bbox 168 1466 249 1515; x_wconf 83' lang='lat' dir='ltr'><strong>rum</strong></span> <span class='ocrx_word' id='word_1_147' title='bbox 265 1442 482 1531; x_wconf 83' lang='lat' dir='ltr'><strong>corruptelas</strong></span> <span class='ocrx_word' id='word_1_148' title='bbox 496 1444 588 1513; x_wconf 89' lang='lat' dir='ltr'><strong>serio</strong></span> <span class='ocrx_word' id='word_1_149' title='bbox 604 1466 643 1513; x_wconf 93' lang='lat' dir='ltr'><strong>ac</strong></span> <span class='ocrx_word' id='word_1_150' title='bbox 658 1438 886 1513; x_wconf 87' lang='lat' dir='ltr'><strong>vehementer</strong></span> <span class='ocrx_word' id='word_1_151' title='bbox 900 1440 1037 1524; x_wconf 90' lang='lat' dir='ltr'><strong>oderit,</strong></span> <span class='ocrx_word' id='word_1_152' title='bbox 1058 1451 1162 1532; x_wconf 91' lang='lat' dir='ltr'><strong>atque</strong></span> <span class='ocrx_word' id='word_1_153' title='bbox 1213 1441 1296 1509; x_wconf 88' lang='lat' dir='ltr'><strong>liter</strong></span> <span class='ocrx_word' id='word_1_154' title='bbox 1316 1439 1497 1510; x_wconf 87' lang='lat' dir='ltr'><strong>muniunt.</strong></span> <span class='ocrx_word' id='word_1_155' title='bbox 1548 1435 1733 1511; x_wconf 82' lang='lat' dir='ltr'><strong>Retrahite</strong></span> <span class='ocrx_word' id='word_1_156' title='bbox 1751 1462 1881 1534; x_wconf 82' lang='lat' dir='ltr'><strong>quaeso</strong></span> <span class='ocrx_word' id='word_1_157' title='bbox 1897 1463 1960 1509; x_wconf 90' lang='lat' dir='ltr'><strong>vos</strong></span> <span class='ocrx_word' id='word_1_158' title='bbox 1972 1440 2100 1532; x_wconf 90' lang='lat' dir='ltr'><strong>ipsosa</strong></span> <span class='ocrx_word' id='word_1_159' title='bbox 2116 1460 2204 1506; x_wconf 86' lang='lat' dir='ltr'><strong>con·</strong></span> 
     </span>
     <span class='ocr_line' id='line_1_13' title="bbox 169 1535 2202 1635; baseline -0.004 -21"><span class='ocrx_word' id='word_1_160' title='bbox 169 1539 393 1614; x_wconf 88' lang='lat' dir='ltr'><strong>horribiliter</strong></span> <span class='ocrx_word' id='word_1_161' title='bbox 406 1544 537 1635; x_wconf 91' lang='lat' dir='ltr'><strong>punire</strong></span> <span class='ocrx_word' id='word_1_162' title='bbox 552 1544 673 1615; x_wconf 75' lang='lat' dir='ltr'><strong>soleat.</strong></span> <span class='ocrx_word' id='word_1_163' title='bbox 724 1541 773 1615; x_wconf 88' lang='lat' dir='ltr'><strong>Et</strong></span> <span class='ocrx_word' id='word_1_164' title='bbox 785 1543 972 1635; x_wconf 88' lang='lat' dir='ltr'><strong>proposuit</strong></span> <span class='ocrx_word' id='word_1_165' title='bbox 984 1542 1089 1612; x_wconf 91' lang='lat' dir='ltr'><strong>nobis</strong></span> <span class='ocrx_word' id='word_1_166' title='bbox 1105 1535 1162 1609; x_wconf 89' lang='lat' dir='ltr'><strong>his</strong></span> <span class='ocrx_word' id='word_1_167' title='bbox 1213 1542 1324 1612; x_wconf 90' lang='lat' dir='ltr'><strong>sortio</strong></span> <span class='ocrx_word' id='word_1_168' title='bbox 1354 1541 1519 1627; x_wconf 91' lang='lat' dir='ltr'><strong>illorum,</strong></span> <span class='ocrx_word' id='word_1_169' title='bbox 1552 1543 1616 1635; x_wconf 92' lang='lat' dir='ltr'><strong>qui</strong></span> <span class='ocrx_word' id='word_1_170' title='bbox 1645 1544 1694 1612; x_wconf 90' lang='lat' dir='ltr'><strong>ita</strong></span> <span class='ocrx_word' id='word_1_171' title='bbox 1725 1542 1896 1612; x_wconf 87' lang='lat' dir='ltr'><strong>dissolute</strong></span> <span class='ocrx_word' id='word_1_172' title='bbox 1922 1542 2067 1624; x_wconf 82' lang='lat' dir='ltr'><strong>vivunt,</strong></span> <span class='ocrx_word' id='word_1_173' title='bbox 2101 1538 2202 1633; x_wconf 85' lang='lat' dir='ltr'><strong>quasi</strong></span> 
     </span>
     <span class='ocr_line' id='line_1_14' title="bbox 170 1639 2204 1737; baseline -0.003 -21"><span class='ocrx_word' id='word_1_174' title='bbox 170 1643 341 1737; x_wconf 83' lang='lat' dir='ltr'><strong>proximis</strong></span> <span class='ocrx_word' id='word_1_175' title='bbox 362 1645 466 1716; x_wconf 90' lang='lat' dir='ltr'><strong>annis</strong></span> <span class='ocrx_word' id='word_1_176' title='bbox 481 1643 578 1719; x_wconf 87' lang='lat' dir='ltr'><strong>Deus</strong></span> <span class='ocrx_word' id='word_1_177' title='bbox 594 1646 678 1717; x_wconf 89' lang='lat' dir='ltr'><strong>satis</strong></span> <span class='ocrx_word' id='word_1_178' title='bbox 694 1647 807 1718; x_wconf 91' lang='lat' dir='ltr'><strong>tristia</strong></span> <span class='ocrx_word' id='word_1_179' title='bbox 823 1645 948 1716; x_wconf 88' lang='lat' dir='ltr'><strong>talium</strong></span> <span class='ocrx_word' id='word_1_180' title='bbox 964 1666 1161 1737; x_wconf 85' lang='lat' dir='ltr'><strong>poenarum</strong></span> <span class='ocrx_word' id='word_1_181' title='bbox 1213 1645 1335 1714; x_wconf 89' lang='lat' dir='ltr'><strong>nullae</strong></span> <span class='ocrx_word' id='word_1_182' title='bbox 1357 1645 1429 1715; x_wconf 89' lang='lat' dir='ltr'><strong>sint</strong></span> <span class='ocrx_word' id='word_1_183' title='bbox 1449 1645 1562 1732; x_wconf 84' lang='lat' dir='ltr'><strong>leges,</strong></span> <span class='ocrx_word' id='word_1_184' title='bbox 1588 1646 1687 1714; x_wconf 90' lang='lat' dir='ltr'><strong>nulla</strong></span> <span class='ocrx_word' id='word_1_185' title='bbox 1703 1644 1846 1715; x_wconf 86' lang='lat' dir='ltr'><strong>vincula</strong></span> <span class='ocrx_word' id='word_1_186' title='bbox 1862 1639 2039 1713; x_wconf 90' lang='lat' dir='ltr'><strong>hnmanae</strong></span> <span class='ocrx_word' id='word_1_187' title='bbox 2055 1640 2204 1711; x_wconf 89' lang='lat' dir='ltr'><strong>societa-</strong></span> 
     </span>
     <span class='ocr_line' id='line_1_15' title="bbox 171 1740 2204 1840; baseline -0.005 -22"><span class='ocrx_word' id='word_1_188' title='bbox 171 1746 346 1837; x_wconf 84' lang='lat' dir='ltr'><strong>exempla,</strong></span> <span class='ocrx_word' id='word_1_189' title='bbox 380 1772 470 1840; x_wconf 89' lang='lat' dir='ltr'><strong>quae</strong></span> <span class='ocrx_word' id='word_1_190' title='bbox 495 1773 560 1820; x_wconf 91' lang='lat' dir='ltr'><strong>nos</strong></span> <span class='ocrx_word' id='word_1_191' title='bbox 581 1772 824 1834; x_wconf 88' lang='lat' dir='ltr'><strong>commovere,</strong></span> <span class='ocrx_word' id='word_1_192' title='bbox 852 1761 890 1818; x_wconf 89' lang='lat' dir='ltr'><strong>et</strong></span> <span class='ocrx_word' id='word_1_193' title='bbox 909 1747 1071 1818; x_wconf 89' lang='lat' dir='ltr'><strong>timorem</strong></span> <span class='ocrx_word' id='word_1_194' title='bbox 1093 1742 1160 1816; x_wconf 89' lang='lat' dir='ltr'><strong>Dei</strong></span> <span class='ocrx_word' id='word_1_195' title='bbox 1215 1748 1278 1829; x_wconf 87' lang='lat' dir='ltr'><strong>tis,</strong></span> <span class='ocrx_word' id='word_1_196' title='bbox 1304 1745 1406 1840; x_wconf 91' lang='lat' dir='ltr'><strong>quasi</strong></span> <span class='ocrx_word' id='word_1_197' title='bbox 1428 1747 1524 1816; x_wconf 89' lang='lat' dir='ltr'><strong>inter</strong></span> <span class='ocrx_word' id='word_1_198' title='bbox 1546 1749 1637 1817; x_wconf 90' lang='lat' dir='ltr'><strong>feras</strong></span> <span class='ocrx_word' id='word_1_199' title='bbox 1657 1748 1806 1829; x_wconf 89' lang='lat' dir='ltr'><strong>bestias,</strong></span> <span class='ocrx_word' id='word_1_200' title='bbox 1831 1770 1905 1816; x_wconf 91' lang='lat' dir='ltr'><strong>non</strong></span> <span class='ocrx_word' id='word_1_201' title='bbox 1928 1746 2023 1814; x_wconf 88' lang='lat' dir='ltr'><strong>iuter</strong></span> <span class='ocrx_word' id='word_1_202' title='bbox 2039 1740 2204 1813; x_wconf 88' lang='lat' dir='ltr'><strong>homines</strong></span> 
     </span>
     <span class='ocr_line' id='line_1_16' title="bbox 170 1845 2201 1941; baseline -0.004 -22"><span class='ocrx_word' id='word_1_203' title='bbox 170 1849 209 1919; x_wconf 91' lang='lat' dir='ltr'><strong>in</strong></span> <span class='ocrx_word' id='word_1_204' title='bbox 226 1848 350 1934; x_wconf 88' lang='lat' dir='ltr'><strong>nobis,</strong></span> <span class='ocrx_word' id='word_1_205' title='bbox 376 1861 410 1919; x_wconf 92' lang='lat' dir='ltr'><strong>et</strong></span> <span class='ocrx_word' id='word_1_206' title='bbox 427 1875 546 1923; x_wconf 89' lang='lat' dir='ltr'><strong>curam</strong></span> <span class='ocrx_word' id='word_1_207' title='bbox 562 1852 797 1940; x_wconf 88' lang='lat' dir='ltr'><strong>regendorum</strong></span> <span class='ocrx_word' id='word_1_208' title='bbox 814 1872 954 1921; x_wconf 89' lang='lat' dir='ltr'><strong>morum</strong></span> <span class='ocrx_word' id='word_1_209' title='bbox 971 1848 1161 1917; x_wconf 82' lang='lat' dir='ltr'><strong>accendere</strong></span> <span class='ocrx_word' id='word_1_210' title='bbox 1213 1849 1322 1918; x_wconf 90' lang='lat' dir='ltr'><strong>vitam</strong></span> <span class='ocrx_word' id='word_1_211' title='bbox 1338 1851 1477 1938; x_wconf 83' lang='lat' dir='ltr'><strong>degant.</strong></span> <span class='ocrx_word' id='word_1_212' title='bbox 1529 1849 1610 1918; x_wconf 87' lang='lat' dir='ltr'><strong>Non</strong></span> <span class='ocrx_word' id='word_1_213' title='bbox 1625 1850 1719 1919; x_wconf 92' lang='lat' dir='ltr'><strong>enim</strong></span> <span class='ocrx_word' id='word_1_214' title='bbox 1735 1845 1922 1918; x_wconf 91' lang='lat' dir='ltr'><strong>hominum</strong></span> <span class='ocrx_word' id='word_1_215' title='bbox 1937 1850 1995 1917; x_wconf 92' lang='lat' dir='ltr'><strong>sed</strong></span> <span class='ocrx_word' id='word_1_216' title='bbox 2005 1845 2201 1941; x_wconf 88' lang='lat' dir='ltr'><strong>Cyclopum</strong></span> 
     </span>
     <span class='ocr_line' id='line_1_17' title="bbox 169 1944 2204 2042; baseline -0.004 -20"><span class='ocrx_word' id='word_1_217' title='bbox 169 1951 360 2035; x_wconf 89' lang='lat' dir='ltr'><strong>debebant,</strong></span> <span class='ocrx_word' id='word_1_218' title='bbox 387 1951 416 2019; x_wconf 90' lang='lat' dir='ltr'><strong>si</strong></span> <span class='ocrx_word' id='word_1_219' title='bbox 432 1953 551 2023; x_wconf 89' lang='lat' dir='ltr'><strong>minus</strong></span> <span class='ocrx_word' id='word_1_220' title='bbox 567 1966 687 2024; x_wconf 87' lang='lat' dir='ltr'><strong>nostra</strong></span> <span class='ocrx_word' id='word_1_221' title='bbox 700 1964 825 2042; x_wconf 86' lang='lat' dir='ltr'><strong>sponte</strong></span> <span class='ocrx_word' id='word_1_222' title='bbox 843 1964 877 2021; x_wconf 90' lang='lat' dir='ltr'><strong>et</strong></span> <span class='ocrx_word' id='word_1_223' title='bbox 892 1951 1003 2041; x_wconf 85' lang='lat' dir='ltr'><strong>ipsius</strong></span> <span class='ocrx_word' id='word_1_224' title='bbox 1019 1949 1161 2019; x_wconf 90' lang='lat' dir='ltr'><strong>virtutis</strong></span> <span class='ocrx_word' id='word_1_225' title='bbox 1213 1946 1250 2020; x_wconf 93' lang='lat' dir='ltr'><strong>hi</strong></span> <span class='ocrx_word' id='word_1_226' title='bbox 1267 1974 1382 2019; x_wconf 90' lang='lat' dir='ltr'><strong>mores</strong></span> <span class='ocrx_word' id='word_1_227' title='bbox 1396 1955 1498 2030; x_wconf 84' lang='lat' dir='ltr'><strong>sunt,</strong></span> <span class='ocrx_word' id='word_1_228' title='bbox 1525 1965 1615 2021; x_wconf 91' lang='lat' dir='ltr'><strong>totas</strong></span> <span class='ocrx_word' id='word_1_229' title='bbox 1631 1965 1752 2021; x_wconf 87' lang='lat' dir='ltr'><strong>noctes</strong></span> <span class='ocrx_word' id='word_1_230' title='bbox 1766 1951 1804 2020; x_wconf 92' lang='lat' dir='ltr'><strong>in</strong></span> <span class='ocrx_word' id='word_1_231' title='bbox 1823 1950 1964 2041; x_wconf 89' lang='lat' dir='ltr'><strong>publico</strong></span> <span class='ocrx_word' id='word_1_232' title='bbox 1981 1944 2204 2026; x_wconf 89' lang='lat' dir='ltr'><strong>tumultuari,</strong></span> 
     </span>
     <span class='ocr_line' id='line_1_18' title="bbox 168 2044 2203 2144; baseline -0.004 -19"><span class='ocrx_word' id='word_1_233' title='bbox 168 2077 289 2125; x_wconf 88' lang='lat' dir='ltr'><strong>amore</strong></span> <span class='ocrx_word' id='word_1_234' title='bbox 311 2053 500 2126; x_wconf 85' lang='lat' dir='ltr'><strong>flectimur.</strong></span> <span class='ocrx_word' id='word_1_235' title='bbox 550 2051 661 2124; x_wconf 89' lang='lat' dir='ltr'><strong>Recte</strong></span> <span class='ocrx_word' id='word_1_236' title='bbox 682 2053 779 2123; x_wconf 90' lang='lat' dir='ltr'><strong>enim</strong></span> <span class='ocrx_word' id='word_1_237' title='bbox 798 2053 933 2124; x_wconf 89' lang='lat' dir='ltr'><strong>dictum</strong></span> <span class='ocrx_word' id='word_1_238' title='bbox 949 2051 1162 2123; x_wconf 85' lang='lat' dir='ltr'><strong>estaveteri</strong></span> <span class='ocrx_word' id='word_1_239' title='bbox 1213 2053 1356 2123; x_wconf 84' lang='lat' dir='ltr'><strong>furiosis</strong></span> <span class='ocrx_word' id='word_1_240' title='bbox 1390 2044 1614 2124; x_wconf 83' lang='lat' dir='ltr'><strong>clamoribus</strong></span> <span class='ocrx_word' id='word_1_241' title='bbox 1636 2054 1756 2123; x_wconf 91' lang='lat' dir='ltr'><strong>omnia</strong></span> <span class='ocrx_word' id='word_1_242' title='bbox 1786 2053 1982 2144; x_wconf 89' lang='lat' dir='ltr'><strong>complere,</strong></span> <span class='ocrx_word' id='word_1_243' title='bbox 2021 2047 2203 2135; x_wconf 79' lang='lat' dir='ltr'><strong>conviciis,</strong></span> 
     </span>
     <span class='ocr_line' id='line_1_19' title="bbox 135 2149 2208 2246; baseline -0.005 -21"><span class='ocrx_word' id='word_1_244' title='bbox 135 2203 141 2212; x_wconf 30' lang='grc' dir='ltr'>κ</span> <span class='ocrx_word' id='word_1_245' title='bbox 169 2156 286 2244; x_wconf 75' lang='lat' dir='ltr'><strong>legum</strong></span> <span class='ocrx_word' id='word_1_246' title='bbox 317 2153 518 2223; x_wconf 90' lang='lat' dir='ltr'><strong>conditore:</strong></span> <span class='ocrx_word' id='word_1_247' title='bbox 550 2149 805 2235; x_wconf 82' lang='lat' dir='ltr'><strong>Obediendum</strong></span> <span class='ocrx_word' id='word_1_248' title='bbox 829 2177 902 2224; x_wconf 88' lang='lat' dir='ltr'><strong>esse</strong></span> <span class='ocrx_word' id='word_1_249' title='bbox 925 2154 1083 2244; x_wconf 90' lang='lat' dir='ltr'><strong>legibus,</strong></span> <span class='ocrx_word' id='word_1_250' title='bbox 1108 2168 1163 2224; x_wconf 90' lang='lat' dir='ltr'><strong>at·</strong></span> <span class='ocrx_word' id='word_1_251' title='bbox 1213 2156 1372 2246; x_wconf 92' lang='lat' dir='ltr'><strong>lapidum</strong></span> <span class='ocrx_word' id='word_1_252' title='bbox 1391 2156 1496 2238; x_wconf 88' lang='lat' dir='ltr'><strong>iactu,</strong></span> <span class='ocrx_word' id='word_1_253' title='bbox 1522 2155 1629 2224; x_wconf 90' lang='lat' dir='ltr'><strong>armis</strong></span> <span class='ocrx_word' id='word_1_254' title='bbox 1643 2154 1850 2246; x_wconf 89' lang='lat' dir='ltr'><strong>inpacatos,</strong></span> <span class='ocrx_word' id='word_1_255' title='bbox 1876 2156 2034 2246; x_wconf 86' lang='lat' dir='ltr'><strong>adeoque</strong></span> <span class='ocrx_word' id='word_1_256' title='bbox 2050 2153 2208 2222; x_wconf 86' lang='lat' dir='ltr'><strong>inermes</strong></span> 
     </span>
     <span class='ocr_line' id='line_1_20' title="bbox 169 2245 2203 2350; baseline -0.004 -25"><span class='ocrx_word' id='word_1_257' title='bbox 169 2280 238 2348; x_wconf 93' lang='lat' dir='ltr'><strong>que</strong></span> <span class='ocrx_word' id='word_1_258' title='bbox 260 2253 404 2343; x_wconf 80' lang='lat' dir='ltr'><strong>flagitiis</strong></span> <span class='ocrx_word' id='word_1_259' title='bbox 424 2255 695 2342; x_wconf 88' lang='lat' dir='ltr'><strong>abstinendum,</strong></span> <span class='ocrx_word' id='word_1_260' title='bbox 736 2281 783 2327; x_wconf 90' lang='lat' dir='ltr'><strong>ne</strong></span> <span class='ocrx_word' id='word_1_261' title='bbox 806 2258 990 2328; x_wconf 84' lang='lat' dir='ltr'><strong>turbemus</strong></span> <span class='ocrx_word' id='word_1_262' title='bbox 1013 2276 1162 2327; x_wconf 88' lang='lat' dir='ltr'><strong>concor·</strong></span> <span class='ocrx_word' id='word_1_263' title='bbox 1213 2272 1319 2350; x_wconf 89' lang='lat' dir='ltr'><strong>atque</strong></span> <span class='ocrx_word' id='word_1_264' title='bbox 1341 2258 1548 2327; x_wconf 89' lang='lat' dir='ltr'><strong>innocentes</strong></span> <span class='ocrx_word' id='word_1_265' title='bbox 1570 2255 1733 2327; x_wconf 87' lang='lat' dir='ltr'><strong>hostilem</strong></span> <span class='ocrx_word' id='word_1_266' title='bbox 1757 2256 1795 2325; x_wconf 91' lang='lat' dir='ltr'><strong>in</strong></span> <span class='ocrx_word' id='word_1_267' title='bbox 1817 2257 1964 2325; x_wconf 90' lang='lat' dir='ltr'><strong>modum</strong></span> <span class='ocrx_word' id='word_1_268' title='bbox 1983 2245 2203 2333; x_wconf 90' lang='lat' dir='ltr'><strong>debacchari,</strong></span> 
     </span>
     <span class='ocr_line' id='line_1_21' title="bbox 168 2351 2202 2450; baseline -0.003 -23"><span class='ocrx_word' id='word_1_269' title='bbox 168 2357 283 2441; x_wconf 90' lang='lat' dir='ltr'><strong>diam,</strong></span> <span class='ocrx_word' id='word_1_270' title='bbox 309 2380 399 2448; x_wconf 92' lang='lat' dir='ltr'><strong>quae</strong></span> <span class='ocrx_word' id='word_1_271' title='bbox 422 2351 580 2428; x_wconf 89' lang='lat' dir='ltr'><strong>humano</strong></span> <span class='ocrx_word' id='word_1_272' title='bbox 603 2359 828 2448; x_wconf 80' lang='lat' dir='ltr'><strong>genoricum</strong></span> <span class='ocrx_word' id='word_1_273' title='bbox 851 2357 927 2433; x_wconf 87' lang='lat' dir='ltr'><strong>Deo</strong></span> <span class='ocrx_word' id='word_1_274' title='bbox 950 2382 1025 2429; x_wconf 88' lang='lat' dir='ltr'><strong>esse</strong></span> <span class='ocrx_word' id='word_1_275' title='bbox 1047 2358 1162 2431; x_wconf 89' lang='lat' dir='ltr'><strong>debet.</strong></span> <span class='ocrx_word' id='word_1_276' title='bbox 1213 2380 1418 2450; x_wconf 73' lang='lat' dir='ltr'><strong>oppugnare</strong></span> <span class='ocrx_word' id='word_1_277' title='bbox 1445 2352 1679 2429; x_wconf 89' lang='lat' dir='ltr'><strong>honestorum</strong></span> <span class='ocrx_word' id='word_1_278' title='bbox 1706 2359 1836 2428; x_wconf 88' lang='lat' dir='ltr'><strong>civium</strong></span> <span class='ocrx_word' id='word_1_279' title='bbox 1858 2360 1979 2436; x_wconf 85' lang='lat' dir='ltr'><strong>aedes,</strong></span> <span class='ocrx_word' id='word_1_280' title='bbox 2013 2354 2202 2442; x_wconf 83' lang='lat' dir='ltr'><strong>effringere</strong></span> 
     </span>
     <span class='ocr_line' id='line_1_22' title="bbox 169 2454 2202 2553; baseline -0.003 -24"><span class='ocrx_word' id='word_1_281' title='bbox 169 2456 240 2529; x_wconf 87' lang='lat' dir='ltr'><strong>Sed</strong></span> <span class='ocrx_word' id='word_1_282' title='bbox 270 2457 352 2551; x_wconf 88' lang='lat' dir='ltr'><strong>quia</strong></span> <span class='ocrx_word' id='word_1_283' title='bbox 384 2454 470 2528; x_wconf 89' lang='lat' dir='ltr'><strong>haec</strong></span> <span class='ocrx_word' id='word_1_284' title='bbox 503 2461 702 2530; x_wconf 87' lang='lat' dir='ltr'><strong>reverentia</strong></span> <span class='ocrx_word' id='word_1_285' title='bbox 736 2475 769 2531; x_wconf 88' lang='lat' dir='ltr'><strong>et</strong></span> <span class='ocrx_word' id='word_1_286' title='bbox 800 2460 1013 2544; x_wconf 74' lang='lat' dir='ltr'><strong>vererundia</strong></span> <span class='ocrx_word' id='word_1_287' title='bbox 1042 2460 1162 2530; x_wconf 87' lang='lat' dir='ltr'><strong>minus</strong></span> <span class='ocrx_word' id='word_1_288' title='bbox 1213 2458 1326 2541; x_wconf 84' lang='lat' dir='ltr'><strong>fores,</strong></span> <span class='ocrx_word' id='word_1_289' title='bbox 1350 2462 1537 2546; x_wconf 86' lang='lat' dir='ltr'><strong>fenestras,</strong></span> <span class='ocrx_word' id='word_1_290' title='bbox 1560 2464 1704 2531; x_wconf 91' lang='lat' dir='ltr'><strong>turbare</strong></span> <span class='ocrx_word' id='word_1_291' title='bbox 1719 2484 1885 2532; x_wconf 90' lang='lat' dir='ltr'><strong>somnum</strong></span> <span class='ocrx_word' id='word_1_292' title='bbox 1901 2457 2106 2553; x_wconf 90' lang='lat' dir='ltr'><strong>puerperis,</strong></span> <span class='ocrx_word' id='word_1_293' title='bbox 2132 2455 2202 2523; x_wconf 90' lang='lat' dir='ltr'><strong>mi-</strong></span> 
     </span>
     <span class='ocr_line' id='line_1_23' title="bbox 168 2557 2203 2657; baseline -0.002 -28"><span class='ocrx_word' id='word_1_294' title='bbox 168 2560 301 2631; x_wconf 91' lang='lat' dir='ltr'><strong>multos</strong></span> <span class='ocrx_word' id='word_1_295' title='bbox 331 2574 465 2644; x_wconf 89' lang='lat' dir='ltr'><strong>movet,</strong></span> <span class='ocrx_word' id='word_1_296' title='bbox 499 2561 621 2631; x_wconf 91' lang='lat' dir='ltr'><strong>saltem</strong></span> <span class='ocrx_word' id='word_1_297' title='bbox 647 2567 844 2653; x_wconf 86' lang='lat' dir='ltr'><strong>poenarum</strong></span> <span class='ocrx_word' id='word_1_298' title='bbox 866 2562 1093 2650; x_wconf 90' lang='lat' dir='ltr'><strong>magnitudo,</strong></span> <span class='ocrx_word' id='word_1_299' title='bbox 1128 2575 1161 2630; x_wconf 90' lang='lat' dir='ltr'><strong>et</strong></span> <span class='ocrx_word' id='word_1_300' title='bbox 1213 2563 1371 2655; x_wconf 90' lang='lat' dir='ltr'><strong>serisque</strong></span> <span class='ocrx_word' id='word_1_301' title='bbox 1386 2565 1537 2657; x_wconf 86' lang='lat' dir='ltr'><strong>aegrotis</strong></span> <span class='ocrx_word' id='word_1_302' title='bbox 1553 2587 1592 2632; x_wconf 89' lang='lat' dir='ltr'><strong>ac</strong></span> <span class='ocrx_word' id='word_1_303' title='bbox 1606 2564 1770 2648; x_wconf 90' lang='lat' dir='ltr'><strong>senibus,</strong></span> <span class='ocrx_word' id='word_1_304' title='bbox 1796 2563 1967 2656; x_wconf 91' lang='lat' dir='ltr'><strong>dissipare</strong></span> <span class='ocrx_word' id='word_1_305' title='bbox 1982 2561 2147 2629; x_wconf 90' lang='lat' dir='ltr'><strong>tabernas</strong></span> <span class='ocrx_word' id='word_1_306' title='bbox 2163 2557 2203 2623; x_wconf 90' lang='lat' dir='ltr'><strong>in</strong></span> 
     </span>
     <span class='ocr_line' id='line_1_24' title="bbox 168 2660 2202 2759; baseline -0.002 -27"><span class='ocrx_word' id='word_1_307' title='bbox 168 2673 310 2732; x_wconf 90' lang='lat' dir='ltr'><strong>nostrae</strong></span> <span class='ocrx_word' id='word_1_308' title='bbox 331 2685 522 2733; x_wconf 91' lang='lat' dir='ltr'><strong>aerumnae</strong></span> <span class='ocrx_word' id='word_1_309' title='bbox 545 2688 610 2733; x_wconf 91' lang='lat' dir='ltr'><strong>nos</strong></span> <span class='ocrx_word' id='word_1_310' title='bbox 636 2664 675 2731; x_wconf 90' lang='lat' dir='ltr'><strong>in</strong></span> <span class='ocrx_word' id='word_1_311' title='bbox 699 2665 795 2733; x_wconf 85' lang='lat' dir='ltr'><strong>viam</strong></span> <span class='ocrx_word' id='word_1_312' title='bbox 818 2675 1003 2748; x_wconf 90' lang='lat' dir='ltr'><strong>revocent,</strong></span> <span class='ocrx_word' id='word_1_313' title='bbox 1028 2663 1160 2751; x_wconf 87' lang='lat' dir='ltr'><strong>cogite·</strong></span> <span class='ocrx_word' id='word_1_314' title='bbox 1212 2666 1311 2748; x_wconf 91' lang='lat' dir='ltr'><strong>foro,</strong></span> <span class='ocrx_word' id='word_1_315' title='bbox 1335 2688 1460 2734; x_wconf 89' lang='lat' dir='ltr'><strong>currus</strong></span> <span class='ocrx_word' id='word_1_316' title='bbox 1482 2679 1517 2736; x_wconf 90' lang='lat' dir='ltr'><strong>et</strong></span> <span class='ocrx_word' id='word_1_317' title='bbox 1543 2666 1713 2759; x_wconf 89' lang='lat' dir='ltr'><strong>quiequid</strong></span> <span class='ocrx_word' id='word_1_318' title='bbox 1731 2664 1896 2738; x_wconf 89' lang='lat' dir='ltr'><strong>occurrit.</strong></span> <span class='ocrx_word' id='word_1_319' title='bbox 1948 2660 2085 2753; x_wconf 88' lang='lat' dir='ltr'><strong>Turpia</strong></span> <span class='ocrx_word' id='word_1_320' title='bbox 2103 2660 2202 2729; x_wconf 90' lang='lat' dir='ltr'><strong>dictu</strong></span> 
     </span>
     <span class='ocr_line' id='line_1_25' title="bbox 167 2761 2206 2858; baseline -0.001 -26"><span class='ocrx_word' id='word_1_321' title='bbox 167 2788 246 2834; x_wconf 91' lang='lat' dir='ltr'><strong>mus</strong></span> <span class='ocrx_word' id='word_1_322' title='bbox 264 2762 405 2856; x_wconf 89' lang='lat' dir='ltr'><strong>qualem</strong></span> <span class='ocrx_word' id='word_1_323' title='bbox 422 2765 715 2853; x_wconf 88' lang='lat' dir='ltr'><strong>gubernationem</strong></span> <span class='ocrx_word' id='word_1_324' title='bbox 732 2762 928 2850; x_wconf 85' lang='lat' dir='ltr'><strong>Ecclesiae,</strong></span> <span class='ocrx_word' id='word_1_325' title='bbox 953 2790 1057 2857; x_wconf 90' lang='lat' dir='ltr'><strong>quem</strong></span> <span class='ocrx_word' id='word_1_326' title='bbox 1073 2762 1161 2835; x_wconf 92' lang='lat' dir='ltr'><strong>Rei·</strong></span> <span class='ocrx_word' id='word_1_327' title='bbox 1212 2761 1300 2834; x_wconf 90' lang='lat' dir='ltr'><strong>haec</strong></span> <span class='ocrx_word' id='word_1_328' title='bbox 1327 2781 1429 2850; x_wconf 91' lang='lat' dir='ltr'><strong>sunt,</strong></span> <span class='ocrx_word' id='word_1_329' title='bbox 1463 2781 1497 2837; x_wconf 90' lang='lat' dir='ltr'><strong>et</strong></span> <span class='ocrx_word' id='word_1_330' title='bbox 1527 2767 1771 2858; x_wconf 88' lang='lat' dir='ltr'><strong>indignissima</strong></span> <span class='ocrx_word' id='word_1_331' title='bbox 1794 2767 1857 2837; x_wconf 88' lang='lat' dir='ltr'><strong>tali</strong></span> <span class='ocrx_word' id='word_1_332' title='bbox 1879 2761 2067 2835; x_wconf 91' lang='lat' dir='ltr'><strong>hominum</strong></span> <span class='ocrx_word' id='word_1_333' title='bbox 2089 2773 2206 2842; x_wconf 87' lang='lat' dir='ltr'><strong>coetu,</strong></span> 
     </span>
     <span class='ocr_line' id='line_1_26' title="bbox 169 2860 2213 2962; baseline -0.003 -26"><span class='ocrx_word' id='word_1_334' title='bbox 169 2864 333 2957; x_wconf 90' lang='lat' dir='ltr'><strong>publicae</strong></span> <span class='ocrx_word' id='word_1_335' title='bbox 355 2877 505 2945; x_wconf 89' lang='lat' dir='ltr'><strong>statum,</strong></span> <span class='ocrx_word' id='word_1_336' title='bbox 531 2866 589 2934; x_wconf 89' lang='lat' dir='ltr'><strong>vel</strong></span> <span class='ocrx_word' id='word_1_337' title='bbox 610 2865 678 2956; x_wconf 93' lang='lat' dir='ltr'><strong>ipsi</strong></span> <span class='ocrx_word' id='word_1_338' title='bbox 696 2860 854 2935; x_wconf 90' lang='lat' dir='ltr'><strong>habituri</strong></span> <span class='ocrx_word' id='word_1_339' title='bbox 871 2867 999 2951; x_wconf 90' lang='lat' dir='ltr'><strong>simus,</strong></span> <span class='ocrx_word' id='word_1_340' title='bbox 1023 2866 1161 2957; x_wconf 75' lang='lat' dir='ltr'><strong>velpe·</strong></span> <span class='ocrx_word' id='word_1_341' title='bbox 1212 2868 1252 2937; x_wconf 91' lang='lat' dir='ltr'><strong>in</strong></span> <span class='ocrx_word' id='word_1_342' title='bbox 1268 2891 1338 2962; x_wconf 90' lang='lat' dir='ltr'><strong>quo</strong></span> <span class='ocrx_word' id='word_1_343' title='bbox 1355 2892 1435 2937; x_wconf 91' lang='lat' dir='ltr'><strong>cum</strong></span> <span class='ocrx_word' id='word_1_344' title='bbox 1448 2883 1551 2940; x_wconf 88' lang='lat' dir='ltr'><strong>sonet</strong></span> <span class='ocrx_word' id='word_1_345' title='bbox 1566 2869 1727 2940; x_wconf 86' lang='lat' dir='ltr'><strong>doctrina</strong></span> <span class='ocrx_word' id='word_1_346' title='bbox 1739 2869 1805 2937; x_wconf 85' lang='lat' dir='ltr'><strong>filii</strong></span> <span class='ocrx_word' id='word_1_347' title='bbox 1820 2866 1907 2952; x_wconf 89' lang='lat' dir='ltr'><strong>Dei,</strong></span> <span class='ocrx_word' id='word_1_348' title='bbox 1930 2891 2011 2936; x_wconf 89' lang='lat' dir='ltr'><strong>curn</strong></span> <span class='ocrx_word' id='word_1_349' title='bbox 2025 2860 2213 2934; x_wconf 55' lang='lat' dir='ltr'><strong>honestis:</strong></span> 
     </span>
     <span class='ocr_line' id='line_1_27' title="bbox 172 2961 2204 3061; baseline -0.002 -24"><span class='ocrx_word' id='word_1_350' title='bbox 172 2967 275 3039; x_wconf 88' lang='lat' dir='ltr'><strong>steris</strong></span> <span class='ocrx_word' id='word_1_351' title='bbox 300 2965 478 3052; x_wconf 88' lang='lat' dir='ltr'><strong>relicturi,</strong></span> <span class='ocrx_word' id='word_1_352' title='bbox 512 2967 543 3035; x_wconf 91' lang='lat' dir='ltr'><strong>si</strong></span> <span class='ocrx_word' id='word_1_353' title='bbox 566 2967 774 3057; x_wconf 88' lang='lat' dir='ltr'><strong>disciplina,</strong></span> <span class='ocrx_word' id='word_1_354' title='bbox 806 2980 841 3035; x_wconf 92' lang='lat' dir='ltr'><strong>et</strong></span> <span class='ocrx_word' id='word_1_355' title='bbox 862 2961 1064 3035; x_wconf 82' lang='lat' dir='ltr'><strong>reverentia&#39;</strong></span> <span class='ocrx_word' id='word_1_356' title='bbox 1081 2989 1161 3055; x_wconf 88' lang='lat' dir='ltr'><strong>erga</strong></span> <span class='ocrx_word' id='word_1_357' title='bbox 1214 2971 1382 3038; x_wconf 89' lang='lat' dir='ltr'><strong>simarum</strong></span> <span class='ocrx_word' id='word_1_358' title='bbox 1410 2972 1540 3041; x_wconf 90' lang='lat' dir='ltr'><strong>artium</strong></span> <span class='ocrx_word' id='word_1_359' title='bbox 1571 2973 1687 3042; x_wconf 91' lang='lat' dir='ltr'><strong>studia</strong></span> <span class='ocrx_word' id='word_1_360' title='bbox 1709 2971 1880 3055; x_wconf 85' lang='lat' dir='ltr'><strong>floreant,</strong></span> <span class='ocrx_word' id='word_1_361' title='bbox 1910 2970 1982 3038; x_wconf 86' lang='lat' dir='ltr'><strong>vita</strong></span> <span class='ocrx_word' id='word_1_362' title='bbox 2007 2989 2149 3061; x_wconf 89' lang='lat' dir='ltr'><strong>quoque</strong></span> <span class='ocrx_word' id='word_1_363' title='bbox 2169 2977 2204 3033; x_wconf 92' lang='lat' dir='ltr'><strong>et</strong></span> 
     </span>
     <span class='ocr_line' id='line_1_28' title="bbox 169 3063 2203 3161; baseline -0.001 -24"><span class='ocrx_word' id='word_1_364' title='bbox 169 3069 263 3158; x_wconf 90' lang='lat' dir='ltr'><strong>leges</strong></span> <span class='ocrx_word' id='word_1_365' title='bbox 282 3068 440 3148; x_wconf 83' lang='lat' dir='ltr'><strong>sublata,</strong></span> <span class='ocrx_word' id='word_1_366' title='bbox 466 3069 617 3161; x_wconf 89' lang='lat' dir='ltr'><strong>quisque</strong></span> <span class='ocrx_word' id='word_1_367' title='bbox 634 3068 703 3137; x_wconf 89' lang='lat' dir='ltr'><strong>sibi</strong></span> <span class='ocrx_word' id='word_1_368' title='bbox 721 3068 912 3138; x_wconf 88' lang='lat' dir='ltr'><strong>vivendum</strong></span> <span class='ocrx_word' id='word_1_369' title='bbox 931 3067 1088 3158; x_wconf 79' lang='lat' dir='ltr'><strong>putabit,</strong></span> <span class='ocrx_word' id='word_1_370' title='bbox 1114 3069 1162 3135; x_wconf 88' lang='lat' dir='ltr'><strong>si·</strong></span> <span class='ocrx_word' id='word_1_371' title='bbox 1212 3094 1329 3139; x_wconf 90' lang='lat' dir='ltr'><strong>mores</strong></span> <span class='ocrx_word' id='word_1_372' title='bbox 1351 3067 1408 3140; x_wconf 89' lang='lat' dir='ltr'><strong>his</strong></span> <span class='ocrx_word' id='word_1_373' title='bbox 1430 3074 1557 3144; x_wconf 88' lang='lat' dir='ltr'><strong>studiis</strong></span> <span class='ocrx_word' id='word_1_374' title='bbox 1579 3075 1777 3144; x_wconf 85' lang='lat' dir='ltr'><strong>conformes</strong></span> <span class='ocrx_word' id='word_1_375' title='bbox 1800 3095 1872 3141; x_wconf 90' lang='lat' dir='ltr'><strong>esse</strong></span> <span class='ocrx_word' id='word_1_376' title='bbox 1889 3072 2076 3140; x_wconf 88' lang='lat' dir='ltr'><strong>debebant.</strong></span> <span class='ocrx_word' id='word_1_377' title='bbox 2131 3063 2203 3135; x_wconf 88' lang='lat' dir='ltr'><strong>Da-</strong></span> 
     </span>
     <span class='ocr_line' id='line_1_29' title="bbox 170 3164 2205 3265; baseline -0.002 -24"><span class='ocrx_word' id='word_1_378' title='bbox 170 3185 230 3241; x_wconf 91' lang='lat' dir='ltr'><strong>cut</strong></span> <span class='ocrx_word' id='word_1_379' title='bbox 244 3170 352 3255; x_wconf 91' lang='lat' dir='ltr'><strong>libet,</strong></span> <span class='ocrx_word' id='word_1_380' title='bbox 378 3168 435 3239; x_wconf 93' lang='lat' dir='ltr'><strong>vel</strong></span> <span class='ocrx_word' id='word_1_381' title='bbox 451 3170 541 3240; x_wconf 91' lang='lat' dir='ltr'><strong>sicut</strong></span> <span class='ocrx_word' id='word_1_382' title='bbox 555 3172 688 3241; x_wconf 92' lang='lat' dir='ltr'><strong>furiosa</strong></span> <span class='ocrx_word' id='word_1_383' title='bbox 705 3169 835 3261; x_wconf 89' lang='lat' dir='ltr'><strong>cupido</strong></span> <span class='ocrx_word' id='word_1_384' title='bbox 852 3170 962 3240; x_wconf 86' lang='lat' dir='ltr'><strong>iubet.</strong></span> <span class='ocrx_word' id='word_1_385' title='bbox 1010 3164 1059 3238; x_wconf 91' lang='lat' dir='ltr'><strong>Et</strong></span> <span class='ocrx_word' id='word_1_386' title='bbox 1074 3193 1162 3261; x_wconf 92' lang='lat' dir='ltr'><strong>qua·</strong></span> <span class='ocrx_word' id='word_1_387' title='bbox 1214 3174 1305 3241; x_wconf 90' lang='lat' dir='ltr'><strong>bunt</strong></span> <span class='ocrx_word' id='word_1_388' title='bbox 1329 3171 1438 3258; x_wconf 92' lang='lat' dir='ltr'><strong>igitur</strong></span> <span class='ocrx_word' id='word_1_389' title='bbox 1464 3171 1560 3244; x_wconf 84' lang='lat' dir='ltr'><strong>baud</strong></span> <span class='ocrx_word' id='word_1_390' title='bbox 1582 3175 1691 3245; x_wconf 92' lang='lat' dir='ltr'><strong>dubie</strong></span> <span class='ocrx_word' id='word_1_391' title='bbox 1711 3174 1934 3265; x_wconf 90' lang='lat' dir='ltr'><strong>gravissimas</strong></span> <span class='ocrx_word' id='word_1_392' title='bbox 1958 3194 2090 3264; x_wconf 91' lang='lat' dir='ltr'><strong>poenas</strong></span> <span class='ocrx_word' id='word_1_393' title='bbox 2111 3166 2205 3250; x_wconf 89' lang='lat' dir='ltr'><strong>Deo,</strong></span> 
     </span>
     <span class='ocr_line' id='line_1_30' title="bbox 168 3268 2205 3366; baseline 0 -24"><span class='ocrx_word' id='word_1_394' title='bbox 168 3274 220 3343; x_wconf 90' lang='lat' dir='ltr'><strong>les</strong></span> <span class='ocrx_word' id='word_1_395' title='bbox 241 3296 304 3347; x_wconf 87' lang='lat' dir='ltr'><strong>vos</strong></span> <span class='ocrx_word' id='word_1_396' title='bbox 319 3272 574 3360; x_wconf 79' lang='lat' dir='ltr'><strong>gubernatores</strong></span> <span class='ocrx_word' id='word_1_397' title='bbox 589 3273 788 3363; x_wconf 83' lang='lat' dir='ltr'><strong>respublica</strong></span> <span class='ocrx_word' id='word_1_398' title='bbox 805 3285 919 3347; x_wconf 85' lang='lat' dir='ltr'><strong>vestra</strong></span> <span class='ocrx_word' id='word_1_399' title='bbox 937 3270 1106 3363; x_wconf 86' lang='lat' dir='ltr'><strong>accipiet,</strong></span> <span class='ocrx_word' id='word_1_400' title='bbox 1131 3270 1160 3363; x_wconf 81' lang='lat' dir='ltr'><strong>si</strong></span> <span class='ocrx_word' id='word_1_401' title='bbox 1213 3273 1275 3366; x_wconf 92' lang='lat' dir='ltr'><strong>qui</strong></span> <span class='ocrx_word' id='word_1_402' title='bbox 1299 3268 1385 3343; x_wconf 89' lang='lat' dir='ltr'><strong>haec</strong></span> <span class='ocrx_word' id='word_1_403' title='bbox 1408 3288 1504 3345; x_wconf 90' lang='lat' dir='ltr'><strong>tanta</strong></span> <span class='ocrx_word' id='word_1_404' title='bbox 1521 3278 1615 3345; x_wconf 89' lang='lat' dir='ltr'><strong>dona</strong></span> <span class='ocrx_word' id='word_1_405' title='bbox 1632 3277 1752 3345; x_wconf 83' lang='lat' dir='ltr'><strong>divim</strong></span> <span class='ocrx_word' id='word_1_406' title='bbox 1768 3270 2011 3366; x_wconf 82' lang='lat' dir='ltr'><strong>prophanam,</strong></span> <span class='ocrx_word' id='word_1_407' title='bbox 2036 3288 2070 3344; x_wconf 89' lang='lat' dir='ltr'><strong>et</strong></span> <span class='ocrx_word' id='word_1_408' title='bbox 2087 3270 2205 3361; x_wconf 87' lang='lat' dir='ltr'><strong>turpi-</strong></span> 
     </span>
     <span class='ocr_line' id='line_1_31' title="bbox 153 3372 2310 3475; baseline -0 -32"><span class='ocrx_word' id='word_1_409' title='bbox 153 3397 243 3443; x_wconf 91' lang='lat' dir='ltr'><strong>·non</strong></span> <span class='ocrx_word' id='word_1_410' title='bbox 266 3372 334 3465; x_wconf 89' lang='lat' dir='ltr'><strong>ipsi</strong></span> <span class='ocrx_word' id='word_1_411' title='bbox 357 3373 577 3468; x_wconf 87' lang='lat' dir='ltr'><strong>aequissimis</strong></span> <span class='ocrx_word' id='word_1_412' title='bbox 598 3375 752 3465; x_wconf 84' lang='lat' dir='ltr'><strong>legibus,</strong></span> <span class='ocrx_word' id='word_1_413' title='bbox 778 3387 811 3446; x_wconf 89' lang='lat' dir='ltr'><strong>et</strong></span> <span class='ocrx_word' id='word_1_414' title='bbox 835 3374 879 3445; x_wconf 84' lang='lat' dir='ltr'><strong>iis</strong></span> <span class='ocrx_word' id='word_1_415' title='bbox 902 3373 964 3475; x_wconf 90' lang='lat' dir='ltr'><strong>qui</strong></span> <span class='ocrx_word' id='word_1_416' title='bbox 982 3386 1160 3465; x_wconf 87' lang='lat' dir='ltr'><strong>praesunt,</strong></span> <span class='ocrx_word' id='word_1_417' title='bbox 1214 3375 1338 3444; x_wconf 90' lang='lat' dir='ltr'><strong>tudine</strong></span> <span class='ocrx_word' id='word_1_418' title='bbox 1363 3377 1475 3454; x_wconf 83' lang='lat' dir='ltr'><strong>vitae,</strong></span> <span class='ocrx_word' id='word_1_419' title='bbox 1503 3401 1542 3445; x_wconf 91' lang='lat' dir='ltr'><strong>ac</strong></span> <span class='ocrx_word' id='word_1_420' title='bbox 1563 3378 1706 3466; x_wconf 85' lang='lat' dir='ltr'><strong>flagitiis</strong></span> <span class='ocrx_word' id='word_1_421' title='bbox 1727 3377 1800 3445; x_wconf 88' lang='lat' dir='ltr'><strong>suis</strong></span> <span class='ocrx_word' id='word_1_422' title='bbox 1814 3378 2013 3446; x_wconf 90' lang='lat' dir='ltr'><strong>doctrinam</strong></span> <span class='ocrx_word' id='word_1_423' title='bbox 2030 3397 2151 3444; x_wconf 88' lang='lat' dir='ltr'><strong>sanam</strong></span> <span class='ocrx_word' id='word_1_424' title='bbox 2169 3385 2204 3441; x_wconf 86' lang='lat' dir='ltr'><strong>et</strong></span> <span class='ocrx_word' id='word_1_425' title='bbox 2309 3417 2310 3420; x_wconf 60' lang='lat'><em>=</em></span> 
     </span>
     <span class='ocr_line' id='line_1_32' title="bbox 167 3473 2204 3570; baseline -0.001 -26"><span class='ocrx_word' id='word_1_426' title='bbox 167 3499 291 3566; x_wconf 90' lang='lat' dir='ltr'><strong>parere</strong></span> <span class='ocrx_word' id='word_1_427' title='bbox 313 3474 532 3545; x_wconf 81' lang='lat' dir='ltr'><strong>didiceritis?</strong></span> <span class='ocrx_word' id='word_1_428' title='bbox 581 3473 681 3546; x_wconf 91' lang='lat' dir='ltr'><strong>Male</strong></span> <span class='ocrx_word' id='word_1_429' title='bbox 704 3475 797 3545; x_wconf 90' lang='lat' dir='ltr'><strong>enim</strong></span> <span class='ocrx_word' id='word_1_430' title='bbox 815 3476 981 3567; x_wconf 89' lang='lat' dir='ltr'><strong>imperat,</strong></span> <span class='ocrx_word' id='word_1_431' title='bbox 1007 3473 1161 3566; x_wconf 92' lang='lat' dir='ltr'><strong>quinon</strong></span> <span class='ocrx_word' id='word_1_432' title='bbox 1212 3477 1401 3545; x_wconf 89' lang='lat' dir='ltr'><strong>salutarem</strong></span> <span class='ocrx_word' id='word_1_433' title='bbox 1424 3477 1643 3557; x_wconf 90' lang='lat' dir='ltr'><strong>deformant,</strong></span> <span class='ocrx_word' id='word_1_434' title='bbox 1667 3491 1772 3570; x_wconf 92' lang='lat' dir='ltr'><strong>atque</strong></span> <span class='ocrx_word' id='word_1_435' title='bbox 1787 3475 1961 3566; x_wconf 91' lang='lat' dir='ltr'><strong>Spiritum</strong></span> <span class='ocrx_word' id='word_1_436' title='bbox 1983 3488 2143 3545; x_wconf 91' lang='lat' dir='ltr'><strong>sanctum</strong></span> <span class='ocrx_word' id='word_1_437' title='bbox 2163 3475 2204 3542; x_wconf 90' lang='lat' dir='ltr'><strong>in</strong></span> 
     </span>
     <span class='ocr_line' id='line_1_33' title="bbox 167 3571 1850 3670; baseline 0.001 -22"><span class='ocrx_word' id='word_1_438' title='bbox 167 3577 269 3670; x_wconf 87' lang='lat' dir='ltr'><strong>prius</strong></span> <span class='ocrx_word' id='word_1_439' title='bbox 291 3577 437 3647; x_wconf 91' lang='lat' dir='ltr'><strong>obedire</strong></span> <span class='ocrx_word' id='word_1_440' title='bbox 455 3578 591 3649; x_wconf 88' lang='lat' dir='ltr'><strong>didicit.</strong></span> <span class='ocrx_word' id='word_1_441' title='bbox 643 3571 854 3649; x_wconf 84' lang='lat' dir='ltr'><strong>Plutarchus</strong></span> <span class='ocrx_word' id='word_1_442' title='bbox 870 3577 936 3647; x_wconf 88' lang='lat' dir='ltr'><strong>ait:</strong></span> <span class='ocrx_word' id='word_1_443' title='bbox 963 3577 1059 3645; x_wconf 91' lang='lat' dir='ltr'><strong>idem</strong></span> <span class='ocrx_word' id='word_1_444' title='bbox 1074 3597 1161 3656; x_wconf 79' lang='lat' dir='ltr'><strong>essa,</strong></span> <span class='ocrx_word' id='word_1_445' title='bbox 1213 3578 1281 3669; x_wconf 84' lang='lat' dir='ltr'><strong>piis</strong></span> <span class='ocrx_word' id='word_1_446' title='bbox 1293 3578 1472 3651; x_wconf 87' lang='lat' dir='ltr'><strong>mentibus</strong></span> <span class='ocrx_word' id='word_1_447' title='bbox 1489 3601 1652 3647; x_wconf 90' lang='lat' dir='ltr'><strong>moerore</strong></span> <span class='ocrx_word' id='word_1_448' title='bbox 1668 3576 1850 3650; x_wconf 85' lang='lat' dir='ltr'><strong>adficiunt.</strong></span> 
     </span>
    </p>

    <p class='ocr_par' dir='ltr' id='par_1_3' title="bbox 163 3673 2258 5505">
     <span class='ocr_line' id='line_1_34' title="bbox 167 3673 2202 3772; baseline -0.002 -23"><span class='ocrx_word' id='word_1_449' title='bbox 167 3702 281 3771; x_wconf 89' lang='lat' dir='ltr'><strong>puero</strong></span> <span class='ocrx_word' id='word_1_450' title='bbox 299 3679 520 3748; x_wconf 84' lang='lat' dir='ltr'><strong>committere</strong></span> <span class='ocrx_word' id='word_1_451' title='bbox 540 3679 716 3768; x_wconf 86' lang='lat' dir='ltr'><strong>gladium,</strong></span> <span class='ocrx_word' id='word_1_452' title='bbox 741 3680 839 3749; x_wconf 91' lang='lat' dir='ltr'><strong>fatuo</strong></span> <span class='ocrx_word' id='word_1_453' title='bbox 855 3678 1017 3762; x_wconf 86' lang='lat' dir='ltr'><strong>divitias,</strong></span> <span class='ocrx_word' id='word_1_454' title='bbox 1040 3693 1075 3748; x_wconf 86' lang='lat' dir='ltr'><strong>et</strong></span> <span class='ocrx_word' id='word_1_455' title='bbox 1091 3673 1160 3748; x_wconf 82' lang='lat' dir='ltr'><strong>ho·</strong></span> <span class='ocrx_word' id='word_1_456' title='bbox 1229 3760 1235 3767; x_wconf 24' lang='grc' dir='ltr'>ι</span> <span class='ocrx_word' id='word_1_457' title='bbox 1318 3676 1489 3750; x_wconf 87' lang='lat' dir='ltr'><strong>Videmus</strong></span> <span class='ocrx_word' id='word_1_458' title='bbox 1522 3675 1590 3749; x_wconf 93' lang='lat' dir='ltr'><strong>hoc</strong></span> <span class='ocrx_word' id='word_1_459' title='bbox 1621 3693 1779 3770; x_wconf 89' lang='lat' dir='ltr'><strong>tempore</strong></span> <span class='ocrx_word' id='word_1_460' title='bbox 1811 3702 1901 3772; x_wconf 89' lang='lat' dir='ltr'><strong>pene</strong></span> <span class='ocrx_word' id='word_1_461' title='bbox 1928 3692 2043 3749; x_wconf 92' lang='lat' dir='ltr'><strong>totum</strong></span> <span class='ocrx_word' id='word_1_462' title='bbox 2066 3676 2202 3754; x_wconf 88' lang='lat' dir='ltr'><strong>orbem,</strong></span> 
     </span>
     <span class='ocr_line' id='line_1_35' title="bbox 166 3775 2203 3875; baseline -0.001 -25"><span class='ocrx_word' id='word_1_463' title='bbox 166 3780 255 3850; x_wconf 90' lang='lat' dir='ltr'><strong>mini</strong></span> <span class='ocrx_word' id='word_1_464' title='bbox 280 3778 489 3872; x_wconf 88' lang='lat' dir='ltr'><strong>disciplinae</strong></span> <span class='ocrx_word' id='word_1_465' title='bbox 512 3781 655 3869; x_wconf 89' lang='lat' dir='ltr'><strong>ignaro,</strong></span> <span class='ocrx_word' id='word_1_466' title='bbox 680 3796 786 3875; x_wconf 89' lang='lat' dir='ltr'><strong>atque</strong></span> <span class='ocrx_word' id='word_1_467' title='bbox 810 3781 1012 3872; x_wconf 88' lang='lat' dir='ltr'><strong>impatienti</strong></span> <span class='ocrx_word' id='word_1_468' title='bbox 1027 3781 1159 3870; x_wconf 91' lang='lat' dir='ltr'><strong>guber-</strong></span> <span class='ocrx_word' id='word_1_469' title='bbox 1210 3781 1396 3852; x_wconf 90' lang='lat' dir='ltr'><strong>diabolicis</strong></span> <span class='ocrx_word' id='word_1_470' title='bbox 1412 3783 1595 3852; x_wconf 90' lang='lat' dir='ltr'><strong>furoribus</strong></span> <span class='ocrx_word' id='word_1_471' title='bbox 1611 3784 1814 3867; x_wconf 88' lang='lat' dir='ltr'><strong>incensum,</strong></span> <span class='ocrx_word' id='word_1_472' title='bbox 1838 3804 1941 3850; x_wconf 86' lang='lat' dir='ltr'><strong>ruere</strong></span> <span class='ocrx_word' id='word_1_473' title='bbox 1958 3780 1997 3848; x_wconf 92' lang='lat' dir='ltr'><strong>in</strong></span> <span class='ocrx_word' id='word_1_474' title='bbox 2015 3775 2203 3850; x_wconf 91' lang='lat' dir='ltr'><strong>horribilia</strong></span> 
     </span>
     <span class='ocr_line' id='line_1_36' title="bbox 166 3874 2203 3976; baseline -0.002 -24"><span class='ocrx_word' id='word_1_475' title='bbox 166 3881 358 3954; x_wconf 84' lang='lat' dir='ltr'><strong>nationem.</strong></span> <span class='ocrx_word' id='word_1_476' title='bbox 410 3878 530 3975; x_wconf 87' lang='lat' dir='ltr'><strong>Atque</strong></span> <span class='ocrx_word' id='word_1_477' title='bbox 545 3879 738 3973; x_wconf 83' lang='lat' dir='ltr'><strong>Euripides</strong></span> <span class='ocrx_word' id='word_1_478' title='bbox 759 3883 860 3953; x_wconf 88' lang='lat' dir='ltr'><strong>illam</strong></span> <span class='ocrx_word' id='word_1_479' title='bbox 877 3898 1011 3975; x_wconf 89' lang='lat' dir='ltr'><strong>partem</strong></span> <span class='ocrx_word' id='word_1_480' title='bbox 1026 3881 1159 3952; x_wconf 89' lang='lat' dir='ltr'><strong>civium</strong></span> <span class='ocrx_word' id='word_1_481' title='bbox 1210 3882 1340 3954; x_wconf 89' lang='lat' dir='ltr'><strong>scelera</strong></span> <span class='ocrx_word' id='word_1_482' title='bbox 1362 3898 1397 3955; x_wconf 89' lang='lat' dir='ltr'><strong>et</strong></span> <span class='ocrx_word' id='word_1_483' title='bbox 1419 3907 1560 3976; x_wconf 89' lang='lat' dir='ltr'><strong>poenas.</strong></span> <span class='ocrx_word' id='word_1_484' title='bbox 1610 3882 1750 3965; x_wconf 86' lang='lat' dir='ltr'><strong>Ardent</strong></span> <span class='ocrx_word' id='word_1_485' title='bbox 1767 3877 1981 3953; x_wconf 82' lang='lat' dir='ltr'><strong>monarchae</strong></span> <span class='ocrx_word' id='word_1_486' title='bbox 1995 3881 2079 3951; x_wconf 92' lang='lat' dir='ltr'><strong>odio</strong></span> <span class='ocrx_word' id='word_1_487' title='bbox 2094 3874 2203 3950; x_wconf 90' lang='lat' dir='ltr'><strong>Chri-</strong></span> 
     </span>
     <span class='ocr_line' id='line_1_37' title="bbox 166 3980 2203 4080; baseline -0.002 -25"><span class='ocrx_word' id='word_1_488' title='bbox 166 3983 332 4055; x_wconf 86' lang='lat' dir='ltr'><strong>adhrmat</strong></span> <span class='ocrx_word' id='word_1_489' title='bbox 354 4007 561 4054; x_wconf 87' lang='lat' dir='ltr'><strong>conservare</strong></span> <span class='ocrx_word' id='word_1_490' title='bbox 586 3985 785 4070; x_wconf 89' lang='lat' dir='ltr'><strong>civitatem,</strong></span> <span class='ocrx_word' id='word_1_491' title='bbox 816 4009 907 4079; x_wconf 88' lang='lat' dir='ltr'><strong>quac</strong></span> <span class='ocrx_word' id='word_1_492' title='bbox 928 3999 969 4055; x_wconf 91' lang='lat' dir='ltr'><strong>ut</strong></span> <span class='ocrx_word' id='word_1_493' title='bbox 993 3985 1068 4076; x_wconf 86' lang='lat' dir='ltr'><strong>ipsa</strong></span> <span class='ocrx_word' id='word_1_494' title='bbox 1093 3984 1159 4054; x_wconf 90' lang='lat' dir='ltr'><strong>ait:</strong></span> <span class='ocrx_word' id='word_1_495' title='bbox 1211 3985 1257 4057; x_wconf 86' lang='lat' dir='ltr'><strong>sti</strong></span> <span class='ocrx_word' id='word_1_496' title='bbox 1280 4009 1320 4055; x_wconf 91' lang='lat' dir='ltr'><strong>ac</strong></span> <span class='ocrx_word' id='word_1_497' title='bbox 1343 3986 1503 4078; x_wconf 92' lang='lat' dir='ltr'><strong>piorum,</strong></span> <span class='ocrx_word' id='word_1_498' title='bbox 1535 4002 1682 4080; x_wconf 89' lang='lat' dir='ltr'><strong>propter</strong></span> <span class='ocrx_word' id='word_1_499' title='bbox 1701 4000 1837 4057; x_wconf 86' lang='lat' dir='ltr'><strong>taxatos</strong></span> <span class='ocrx_word' id='word_1_500' title='bbox 1857 3984 2063 4055; x_wconf 86' lang='lat' dir='ltr'><strong>idolatricos</strong></span> <span class='ocrx_word' id='word_1_501' title='bbox 2085 3980 2203 4051; x_wconf 92' lang='lat' dir='ltr'><strong>cultus</strong></span> 
     </span>
     <span class='ocr_line' id='line_1_38' title="bbox 165 4077 2203 4182; baseline -0.003 -23"><span class='ocrx_word' id='word_1_502' title='bbox 165 4077 310 4179; x_wconf 77' lang='grc' dir='ltr'>κόσμον</span> <span class='ocrx_word' id='word_1_503' title='bbox 332 4077 533 4182; x_wconf 80' lang='grc' dir='ltr'><strong><em>φυλάσσει,</em></strong></span> <span class='ocrx_word' id='word_1_504' title='bbox 558 4080 688 4158; x_wconf 75' lang='grc' dir='ltr'><strong><em>ὅντινα</em></strong></span> <span class='ocrx_word' id='word_1_505' title='bbox 709 4081 759 4159; x_wconf 72' lang='grc' dir='ltr'><strong>ἂν</strong></span> <span class='ocrx_word' id='word_1_506' title='bbox 782 4081 873 4181; x_wconf 79' lang='grc' dir='ltr'><strong>δόξῃ</strong></span> <span class='ocrx_word' id='word_1_507' title='bbox 895 4079 1017 4171; x_wconf 76' lang='grc' dir='ltr'><em>πόλει,</em></span> <span class='ocrx_word' id='word_1_508' title='bbox 1042 4087 1159 4169; x_wconf 89' lang='lat' dir='ltr'><strong>idest,</strong></span> <span class='ocrx_word' id='word_1_509' title='bbox 1212 4101 1247 4157; x_wconf 85' lang='lat' dir='ltr'><strong>et</strong></span> <span class='ocrx_word' id='word_1_510' title='bbox 1261 4100 1369 4158; x_wconf 89' lang='lat' dir='ltr'><strong>tetras</strong></span> <span class='ocrx_word' id='word_1_511' title='bbox 1383 4084 1634 4180; x_wconf 88' lang='lat' dir='ltr'><strong>blasphemias,</strong></span> <span class='ocrx_word' id='word_1_512' title='bbox 1660 4112 1811 4182; x_wconf 91' lang='lat' dir='ltr'><strong>quarum</strong></span> <span class='ocrx_word' id='word_1_513' title='bbox 1827 4087 2067 4158; x_wconf 87' lang='lat' dir='ltr'><strong>defensionem</strong></span> <span class='ocrx_word' id='word_1_514' title='bbox 2084 4104 2203 4154; x_wconf 83' lang='lat' dir='ltr'><strong>susce-</strong></span> 
     </span>
     <span class='ocr_line' id='line_1_39' title="bbox 166 4181 2202 4283; baseline -0.003 -24"><span class='ocrx_word' id='word_1_515' title='bbox 166 4189 330 4259; x_wconf 88' lang='lat' dir='ltr'><strong>ordinern</strong></span> <span class='ocrx_word' id='word_1_516' title='bbox 352 4204 558 4274; x_wconf 83' lang='lat' dir='ltr'><strong>conservat,</strong></span> <span class='ocrx_word' id='word_1_517' title='bbox 584 4189 649 4281; x_wconf 90' lang='lat' dir='ltr'><strong>qui</strong></span> <span class='ocrx_word' id='word_1_518' title='bbox 669 4189 715 4259; x_wconf 90' lang='lat' dir='ltr'><strong>ab</strong></span> <span class='ocrx_word' id='word_1_519' title='bbox 740 4213 779 4278; x_wconf 82' lang='lat' dir='ltr'><strong>ea</strong></span> <span class='ocrx_word' id='word_1_520' title='bbox 797 4189 981 4260; x_wconf 88' lang='lat' dir='ltr'><strong>institutus</strong></span> <span class='ocrx_word' id='word_1_521' title='bbox 998 4202 1061 4258; x_wconf 86' lang='lat' dir='ltr'><strong>est.</strong></span> <span class='ocrx_word' id='word_1_522' title='bbox 1112 4183 1160 4258; x_wconf 85' lang='lat' dir='ltr'><strong>Et</strong></span> <span class='ocrx_word' id='word_1_523' title='bbox 1210 4202 1352 4280; x_wconf 79' lang='lat' dir='ltr'><strong>parunt.</strong></span> <span class='ocrx_word' id='word_1_524' title='bbox 1403 4189 1551 4260; x_wconf 90' lang='lat' dir='ltr'><strong>Ludunt</strong></span> <span class='ocrx_word' id='word_1_525' title='bbox 1568 4189 1777 4267; x_wconf 89' lang='lat' dir='ltr'><strong>monstrosis</strong></span> <span class='ocrx_word' id='word_1_526' title='bbox 1788 4189 2022 4283; x_wconf 90' lang='lat' dir='ltr'><strong>opinionibus</strong></span> <span class='ocrx_word' id='word_1_527' title='bbox 2038 4181 2202 4256; x_wconf 89' lang='lat' dir='ltr'><strong>homines</strong></span> 
     </span>
     <span class='ocr_line' id='line_1_40' title="bbox 166 4285 2202 4384; baseline -0.002 -24"><span class='ocrx_word' id='word_1_528' title='bbox 166 4289 272 4373; x_wconf 90' lang='lat' dir='ltr'><strong>alibi,</strong></span> <span class='ocrx_word' id='word_1_529' title='bbox 297 4288 393 4361; x_wconf 80' lang='lat' dir='ltr'><strong>Tace</strong></span> <span class='ocrx_word' id='word_1_530' title='bbox 413 4290 550 4384; x_wconf 88' lang='lat' dir='ltr'><strong>inquit:</strong></span> <span class='ocrx_word' id='word_1_531' title='bbox 577 4289 685 4378; x_wconf 82' lang='lat' dir='ltr'><strong>Quod</strong></span> <span class='ocrx_word' id='word_1_532' title='bbox 706 4291 808 4362; x_wconf 90' lang='lat' dir='ltr'><strong>iubes</strong></span> <span class='ocrx_word' id='word_1_533' title='bbox 830 4305 865 4361; x_wconf 92' lang='lat' dir='ltr'><strong>et</strong></span> <span class='ocrx_word' id='word_1_534' title='bbox 886 4291 980 4360; x_wconf 91' lang='lat' dir='ltr'><strong>inter</strong></span> <span class='ocrx_word' id='word_1_535' title='bbox 996 4285 1159 4360; x_wconf 88' lang='lat' dir='ltr'><strong>homines</strong></span> <span class='ocrx_word' id='word_1_536' title='bbox 1209 4291 1363 4381; x_wconf 92' lang='lat' dir='ltr'><strong>ingeniis</strong></span> <span class='ocrx_word' id='word_1_537' title='bbox 1384 4305 1418 4361; x_wconf 92' lang='lat' dir='ltr'><strong>et</strong></span> <span class='ocrx_word' id='word_1_538' title='bbox 1441 4293 1603 4364; x_wconf 90' lang='lat' dir='ltr'><strong>doctrina</strong></span> <span class='ocrx_word' id='word_1_539' title='bbox 1625 4292 1807 4376; x_wconf 91' lang='lat' dir='ltr'><strong>instructi,</strong></span> <span class='ocrx_word' id='word_1_540' title='bbox 1832 4293 1927 4361; x_wconf 85' lang='lat' dir='ltr'><strong>laxat</strong></span> <span class='ocrx_word' id='word_1_541' title='bbox 1948 4291 2068 4360; x_wconf 91' lang='lat' dir='ltr'><strong>frenos</strong></span> <span class='ocrx_word' id='word_1_542' title='bbox 2083 4287 2202 4358; x_wconf 91' lang='lat' dir='ltr'><strong>omnis</strong></span> 
     </span>
     <span class='ocr_line' id='line_1_41' title="bbox 168 4387 2201 4486; baseline -0.001 -26"><span class='ocrx_word' id='word_1_543' title='bbox 168 4390 367 4461; x_wconf 88' lang='lat' dir='ltr'><strong>societatem</strong></span> <span class='ocrx_word' id='word_1_544' title='bbox 384 4407 587 4476; x_wconf 85' lang='lat' dir='ltr'><strong>conservat,</strong></span> <span class='ocrx_word' id='word_1_545' title='bbox 611 4393 648 4463; x_wconf 90' lang='lat' dir='ltr'><strong>id</strong></span> <span class='ocrx_word' id='word_1_546' title='bbox 663 4418 777 4463; x_wconf 92' lang='lat' dir='ltr'><strong>unum</strong></span> <span class='ocrx_word' id='word_1_547' title='bbox 793 4407 864 4479; x_wconf 91' lang='lat' dir='ltr'><strong>est,</strong></span> <span class='ocrx_word' id='word_1_548' title='bbox 889 4417 1017 4486; x_wconf 89' lang='lat' dir='ltr'><strong>nempe</strong></span> <span class='ocrx_word' id='word_1_549' title='bbox 1033 4405 1073 4463; x_wconf 89' lang='lat' dir='ltr'><strong>ut</strong></span> <span class='ocrx_word' id='word_1_550' title='bbox 1088 4387 1159 4462; x_wconf 87' lang='lat' dir='ltr'><strong>ho-</strong></span> <span class='ocrx_word' id='word_1_551' title='bbox 1211 4393 1352 4483; x_wconf 89' lang='lat' dir='ltr'><strong>generis</strong></span> <span class='ocrx_word' id='word_1_552' title='bbox 1372 4392 1627 4485; x_wconf 89' lang='lat' dir='ltr'><strong>cupiditatibus</strong></span> <span class='ocrx_word' id='word_1_553' title='bbox 1647 4395 1812 4464; x_wconf 88' lang='lat' dir='ltr'><strong>insanum</strong></span> <span class='ocrx_word' id='word_1_554' title='bbox 1833 4394 1976 4482; x_wconf 85' lang='lat' dir='ltr'><strong>vulgus,</strong></span> <span class='ocrx_word' id='word_1_555' title='bbox 2002 4415 2068 4462; x_wconf 87' lang='lat' dir='ltr'><strong>nec</strong></span> <span class='ocrx_word' id='word_1_556' title='bbox 2081 4389 2201 4459; x_wconf 91' lang='lat' dir='ltr'><strong>minus</strong></span> 
     </span>
     <span class='ocr_line' id='line_1_42' title="bbox 166 4490 2202 4589; baseline 0 -29"><span class='ocrx_word' id='word_1_557' title='bbox 166 4492 280 4560; x_wconf 90' lang='lat' dir='ltr'><strong>mines</strong></span> <span class='ocrx_word' id='word_1_558' title='bbox 301 4491 417 4580; x_wconf 90' lang='lat' dir='ltr'><strong>legum</strong></span> <span class='ocrx_word' id='word_1_559' title='bbox 439 4496 662 4566; x_wconf 89' lang='lat' dir='ltr'><strong>autoritatem</strong></span> <span class='ocrx_word' id='word_1_560' title='bbox 685 4519 792 4589; x_wconf 94' lang='lat' dir='ltr'><strong>quam</strong></span> <span class='ocrx_word' id='word_1_561' title='bbox 807 4495 957 4564; x_wconf 80' lang='lat' dir='ltr'><strong>maxime</strong></span> <span class='ocrx_word' id='word_1_562' title='bbox 971 4496 1104 4564; x_wconf 87' lang='lat' dir='ltr'><strong>salvam</strong></span> <span class='ocrx_word' id='word_1_563' title='bbox 1123 4507 1159 4564; x_wconf 90' lang='lat' dir='ltr'><strong>et</strong></span> <span class='ocrx_word' id='word_1_564' title='bbox 1209 4496 1363 4566; x_wconf 88' lang='lat' dir='ltr'><strong>multum</strong></span> <span class='ocrx_word' id='word_1_565' title='bbox 1384 4503 1439 4565; x_wconf 82' lang='lat' dir='ltr'><strong>&#39;est</strong></span> <span class='ocrx_word' id='word_1_566' title='bbox 1462 4490 1530 4566; x_wconf 90' lang='lat' dir='ltr'><strong>hoc</strong></span> <span class='ocrx_word' id='word_1_567' title='bbox 1551 4510 1710 4587; x_wconf 90' lang='lat' dir='ltr'><strong>ternpore</strong></span> <span class='ocrx_word' id='word_1_568' title='bbox 1724 4492 1912 4566; x_wconf 91' lang='lat' dir='ltr'><strong>hominum</strong></span> <span class='ocrx_word' id='word_1_569' title='bbox 1929 4490 2202 4586; x_wconf 83' lang='lat' dir='ltr'><strong>Epicureorum,</strong></span> 
     </span>
     <span class='ocr_line' id='line_1_43' title="bbox 166 4591 2200 4691; baseline -0.001 -29"><span class='ocrx_word' id='word_1_570' title='bbox 166 4593 383 4662; x_wconf 88' lang='lat' dir='ltr'><strong>incolumem</strong></span> <span class='ocrx_word' id='word_1_571' title='bbox 408 4617 480 4662; x_wconf 89' lang='lat' dir='ltr'><strong>esse</strong></span> <span class='ocrx_word' id='word_1_572' title='bbox 499 4597 620 4691; x_wconf 63' lang='lat' dir='ltr'><strong>velint.</strong></span> <span class='ocrx_word' id='word_1_573' title='bbox 672 4597 785 4690; x_wconf 87' lang='lat' dir='ltr'><strong>Saepe</strong></span> <span class='ocrx_word' id='word_1_574' title='bbox 800 4591 1082 4688; x_wconf 89' lang='lat' dir='ltr'><strong>haecpraecepta</strong></span> <span class='ocrx_word' id='word_1_575' title='bbox 1102 4620 1158 4666; x_wconf 90' lang='lat' dir='ltr'><strong>re·</strong></span> <span class='ocrx_word' id='word_1_576' title='bbox 1209 4621 1315 4691; x_wconf 91' lang='lat' dir='ltr'><strong>quam</strong></span> <span class='ocrx_word' id='word_1_577' title='bbox 1338 4597 1407 4668; x_wconf 92' lang='lat' dir='ltr'><strong>fuit</strong></span> <span class='ocrx_word' id='word_1_578' title='bbox 1429 4595 1613 4670; x_wconf 90' lang='lat' dir='ltr'><strong>Ciceronis</strong></span> <span class='ocrx_word' id='word_1_579' title='bbox 1635 4612 1767 4683; x_wconf 89' lang='lat' dir='ltr'><strong>aetate,</strong></span> <span class='ocrx_word' id='word_1_580' title='bbox 1797 4622 1876 4668; x_wconf 90' lang='lat' dir='ltr'><strong>cum</strong></span> <span class='ocrx_word' id='word_1_581' title='bbox 1900 4592 2200 4689; x_wconf 80' lang='lat' dir='ltr'><strong>praestantissima</strong></span> 
     </span>
     <span class='ocr_line' id='line_1_44' title="bbox 167 4692 2215 4794; baseline -0.001 -32"><span class='ocrx_word' id='word_1_582' title='bbox 167 4705 355 4788; x_wconf 90' lang='lat' dir='ltr'><strong>petuntur,</strong></span> <span class='ocrx_word' id='word_1_583' title='bbox 381 4707 415 4763; x_wconf 91' lang='lat' dir='ltr'><strong>et</strong></span> <span class='ocrx_word' id='word_1_584' title='bbox 436 4694 661 4768; x_wconf 90' lang='lat' dir='ltr'><strong>inculcantur</strong></span> <span class='ocrx_word' id='word_1_585' title='bbox 683 4701 729 4770; x_wconf 90' lang='lat' dir='ltr'><strong>ab</strong></span> <span class='ocrx_word' id='word_1_586' title='bbox 752 4694 979 4786; x_wconf 88' lang='lat' dir='ltr'><strong>authoribus,</strong></span> <span class='ocrx_word' id='word_1_587' title='bbox 1005 4709 1157 4794; x_wconf 91' lang='lat' dir='ltr'><strong>quorum</strong></span> <span class='ocrx_word' id='word_1_588' title='bbox 1210 4723 1371 4791; x_wconf 90' lang='lat' dir='ltr'><strong>quaeque</strong></span> <span class='ocrx_word' id='word_1_589' title='bbox 1394 4700 1535 4790; x_wconf 91' lang='lat' dir='ltr'><strong>ingenia</strong></span> <span class='ocrx_word' id='word_1_590' title='bbox 1559 4702 1641 4771; x_wconf 92' lang='lat' dir='ltr'><strong>illos</strong></span> <span class='ocrx_word' id='word_1_591' title='bbox 1662 4701 1835 4769; x_wconf 90' lang='lat' dir='ltr'><strong>immanes</strong></span> <span class='ocrx_word' id='word_1_592' title='bbox 1860 4718 1996 4765; x_wconf 90' lang='lat' dir='ltr'><strong>errores</strong></span> <span class='ocrx_word' id='word_1_593' title='bbox 2018 4719 2083 4784; x_wconf 88' lang='lat' dir='ltr'><strong>pro</strong></span> <span class='ocrx_word' id='word_1_594' title='bbox 2104 4692 2215 4761; x_wconf 87' lang='lat' dir='ltr'><strong>veri-·</strong></span> 
     </span>
     <span class='ocr_line' id='line_1_45' title="bbox 165 4789 2201 4888; baseline -0.002 -21"><span class='ocrx_word' id='word_1_595' title='bbox 165 4796 295 4887; x_wconf 90' lang='lat' dir='ltr'><strong>scripta</strong></span> <span class='ocrx_word' id='word_1_596' title='bbox 319 4794 357 4862; x_wconf 94' lang='lat' dir='ltr'><strong>in</strong></span> <span class='ocrx_word' id='word_1_597' title='bbox 381 4790 447 4865; x_wconf 89' lang='lat' dir='ltr'><strong>hac</strong></span> <span class='ocrx_word' id='word_1_598' title='bbox 467 4789 587 4866; x_wconf 87' lang='lat' dir='ltr'><strong>schola</strong></span> <span class='ocrx_word' id='word_1_599' title='bbox 610 4813 837 4881; x_wconf 89' lang='lat' dir='ltr'><strong>enarrantur,</strong></span> <span class='ocrx_word' id='word_1_600' title='bbox 873 4804 937 4870; x_wconf 90' lang='lat' dir='ltr'><strong>sed</strong></span> <span class='ocrx_word' id='word_1_601' title='bbox 960 4825 1026 4870; x_wconf 93' lang='lat' dir='ltr'><strong>nos</strong></span> <span class='ocrx_word' id='word_1_602' title='bbox 1047 4799 1158 4888; x_wconf 90' lang='lat' dir='ltr'><strong>magis</strong></span> <span class='ocrx_word' id='word_1_603' title='bbox 1208 4812 1280 4868; x_wconf 90' lang='lat' dir='ltr'><strong>tate</strong></span> <span class='ocrx_word' id='word_1_604' title='bbox 1301 4802 1500 4876; x_wconf 85' lang='lat' dir='ltr'><strong>adorarent.</strong></span> <span class='ocrx_word' id='word_1_605' title='bbox 1551 4801 1627 4872; x_wconf 89' lang='lat' dir='ltr'><strong>Nos</strong></span> <span class='ocrx_word' id='word_1_606' title='bbox 1648 4803 1686 4869; x_wconf 93' lang='lat' dir='ltr'><strong>in</strong></span> <span class='ocrx_word' id='word_1_607' title='bbox 1709 4797 1766 4867; x_wconf 89' lang='lat' dir='ltr'><strong>his</strong></span> <span class='ocrx_word' id='word_1_608' title='bbox 1781 4798 1888 4866; x_wconf 91' lang='lat' dir='ltr'><strong>tantis</strong></span> <span class='ocrx_word' id='word_1_609' title='bbox 1902 4796 2057 4865; x_wconf 90' lang='lat' dir='ltr'><strong>tenebris</strong></span> <span class='ocrx_word' id='word_1_610' title='bbox 2071 4793 2201 4864; x_wconf 90' lang='lat' dir='ltr'><strong>muudi</strong></span> 
     </span>
     <span class='ocr_line' id='line_1_46' title="bbox 166 4898 2198 4993; baseline -0.002 -24"><span class='ocrx_word' id='word_1_611' title='bbox 166 4898 273 4969; x_wconf 89' lang='lat' dir='ltr'><strong>etiam</strong></span> <span class='ocrx_word' id='word_1_612' title='bbox 289 4920 509 4967; x_wconf 88' lang='lat' dir='ltr'><strong>commovere</strong></span> <span class='ocrx_word' id='word_1_613' title='bbox 526 4899 630 4967; x_wconf 90' lang='lat' dir='ltr'><strong>debet</strong></span> <span class='ocrx_word' id='word_1_614' title='bbox 647 4925 713 4969; x_wconf 87' lang='lat' dir='ltr'><strong>vox</strong></span> <span class='ocrx_word' id='word_1_615' title='bbox 729 4901 869 4983; x_wconf 91' lang='lat' dir='ltr'><strong>divina,</strong></span> <span class='ocrx_word' id='word_1_616' title='bbox 895 4926 984 4993; x_wconf 91' lang='lat' dir='ltr'><strong>quae</strong></span> <span class='ocrx_word' id='word_1_617' title='bbox 998 4902 1102 4971; x_wconf 91' lang='lat' dir='ltr'><strong>toties</strong></span> <span class='ocrx_word' id='word_1_618' title='bbox 1117 4901 1156 4967; x_wconf 93' lang='lat' dir='ltr'><strong>in</strong></span> <span class='ocrx_word' id='word_1_619' title='bbox 1208 4924 1392 4992; x_wconf 90' lang='lat' dir='ltr'><strong>precemur</strong></span> <span class='ocrx_word' id='word_1_620' title='bbox 1412 4903 1523 4972; x_wconf 87' lang='lat' dir='ltr'><strong>filium</strong></span> <span class='ocrx_word' id='word_1_621' title='bbox 1540 4901 1629 4985; x_wconf 91' lang='lat' dir='ltr'><strong>Dei,</strong></span> <span class='ocrx_word' id='word_1_622' title='bbox 1653 4914 1694 4969; x_wconf 90' lang='lat' dir='ltr'><strong>ut</strong></span> <span class='ocrx_word' id='word_1_623' title='bbox 1716 4900 1754 4966; x_wconf 91' lang='lat' dir='ltr'><strong>in</strong></span> <span class='ocrx_word' id='word_1_624' title='bbox 1778 4898 1846 4967; x_wconf 86' lang='lat' dir='ltr'><strong>lide</strong></span> <span class='ocrx_word' id='word_1_625' title='bbox 1871 4912 1906 4968; x_wconf 92' lang='lat' dir='ltr'><strong>et</strong></span> <span class='ocrx_word' id='word_1_626' title='bbox 1925 4899 2035 4967; x_wconf 88' lang='lat' dir='ltr'><strong>verbo</strong></span> <span class='ocrx_word' id='word_1_627' title='bbox 2050 4921 2115 4966; x_wconf 88' lang='lat' dir='ltr'><strong>suo</strong></span> <span class='ocrx_word' id='word_1_628' title='bbox 2131 4918 2198 4965; x_wconf 91' lang='lat' dir='ltr'><strong>nos</strong></span> 
     </span>
     <span class='ocr_line' id='line_1_47' title="bbox 166 4998 2198 5094; baseline -0.001 -24"><span class='ocrx_word' id='word_1_629' title='bbox 166 5000 273 5070; x_wconf 90' lang='lat' dir='ltr'><strong>sacris</strong></span> <span class='ocrx_word' id='word_1_630' title='bbox 294 4999 409 5069; x_wconf 90' lang='lat' dir='ltr'><strong>literis</strong></span> <span class='ocrx_word' id='word_1_631' title='bbox 429 5001 474 5068; x_wconf 90' lang='lat' dir='ltr'><strong>ad</strong></span> <span class='ocrx_word' id='word_1_632' title='bbox 496 4999 737 5069; x_wconf 89' lang='lat' dir='ltr'><strong>obedientiam</strong></span> <span class='ocrx_word' id='word_1_633' title='bbox 758 5025 837 5094; x_wconf 88' lang='lat' dir='ltr'><strong>erga</strong></span> <span class='ocrx_word' id='word_1_634' title='bbox 855 5001 966 5089; x_wconf 90' lang='lat' dir='ltr'><strong>leges,</strong></span> <span class='ocrx_word' id='word_1_635' title='bbox 993 5017 1097 5094; x_wconf 90' lang='lat' dir='ltr'><strong>atque</strong></span> <span class='ocrx_word' id='word_1_636' title='bbox 1112 5001 1157 5069; x_wconf 90' lang='lat' dir='ltr'><strong>ad</strong></span> <span class='ocrx_word' id='word_1_637' title='bbox 1209 5002 1412 5074; x_wconf 89' lang='lat' dir='ltr'><strong>obedientes</strong></span> <span class='ocrx_word' id='word_1_638' title='bbox 1432 5016 1635 5084; x_wconf 86' lang='lat' dir='ltr'><strong>conservet,</strong></span> <span class='ocrx_word' id='word_1_639' title='bbox 1669 5016 1702 5070; x_wconf 92' lang='lat' dir='ltr'><strong>et</strong></span> <span class='ocrx_word' id='word_1_640' title='bbox 1721 4999 1859 5091; x_wconf 90' lang='lat' dir='ltr'><strong>Spiritu</strong></span> <span class='ocrx_word' id='word_1_641' title='bbox 1882 5013 2004 5070; x_wconf 88' lang='lat' dir='ltr'><strong>sancto</strong></span> <span class='ocrx_word' id='word_1_642' title='bbox 2028 5023 2091 5069; x_wconf 93' lang='lat' dir='ltr'><strong>suo</strong></span> <span class='ocrx_word' id='word_1_643' title='bbox 2113 4998 2198 5067; x_wconf 91' lang='lat' dir='ltr'><strong>illu-</strong></span> 
     </span>
     <span class='ocr_line' id='line_1_48' title="bbox 165 5095 2198 5197; baseline -0.002 -26"><span class='ocrx_word' id='word_1_644' title='bbox 165 5101 407 5192; x_wconf 91' lang='lat' dir='ltr'><strong>disciplinam,</strong></span> <span class='ocrx_word' id='word_1_645' title='bbox 448 5116 483 5171; x_wconf 91' lang='lat' dir='ltr'><strong>et</strong></span> <span class='ocrx_word' id='word_1_646' title='bbox 511 5095 659 5171; x_wconf 89' lang='lat' dir='ltr'><strong>honesta</strong></span> <span class='ocrx_word' id='word_1_647' title='bbox 689 5102 825 5188; x_wconf 88' lang='lat' dir='ltr'><strong>officia,</strong></span> <span class='ocrx_word' id='word_1_648' title='bbox 860 5103 1053 5194; x_wconf 90' lang='lat' dir='ltr'><strong>propositis</strong></span> <span class='ocrx_word' id='word_1_649' title='bbox 1083 5126 1158 5170; x_wconf 91' lang='lat' dir='ltr'><strong>non</strong></span> <span class='ocrx_word' id='word_1_650' title='bbox 1210 5105 1340 5188; x_wconf 90' lang='lat' dir='ltr'><strong>minet,</strong></span> <span class='ocrx_word' id='word_1_651' title='bbox 1372 5108 1548 5195; x_wconf 89' lang='lat' dir='ltr'><strong>gubernet</strong></span> <span class='ocrx_word' id='word_1_652' title='bbox 1566 5118 1671 5197; x_wconf 89' lang='lat' dir='ltr'><strong>atque</strong></span> <span class='ocrx_word' id='word_1_653' title='bbox 1689 5103 1899 5186; x_wconf 86' lang='lat' dir='ltr'><strong>sanctificet,</strong></span> <span class='ocrx_word' id='word_1_654' title='bbox 1925 5118 1965 5174; x_wconf 90' lang='lat' dir='ltr'><strong>ut</strong></span> <span class='ocrx_word' id='word_1_655' title='bbox 1989 5126 2065 5171; x_wconf 93' lang='lat' dir='ltr'><strong>non</strong></span> <span class='ocrx_word' id='word_1_656' title='bbox 2086 5101 2198 5168; x_wconf 91' lang='lat' dir='ltr'><strong>simus</strong></span> 
     </span>
     <span class='ocr_line' id='line_1_49' title="bbox 164 5201 2197 5296; baseline -0.003 -22"><span class='ocrx_word' id='word_1_657' title='bbox 164 5218 303 5275; x_wconf 91' lang='lat' dir='ltr'><strong>tantum</strong></span> <span class='ocrx_word' id='word_1_658' title='bbox 336 5228 531 5294; x_wconf 89' lang='lat' dir='ltr'><strong>poenarum</strong></span> <span class='ocrx_word' id='word_1_659' title='bbox 556 5218 591 5274; x_wconf 91' lang='lat' dir='ltr'><strong>et</strong></span> <span class='ocrx_word' id='word_1_660' title='bbox 615 5204 856 5296; x_wconf 91' lang='lat' dir='ltr'><strong>praemiorum</strong></span> <span class='ocrx_word' id='word_1_661' title='bbox 880 5206 1065 5295; x_wconf 83' lang='lat' dir='ltr'><strong>exemplis,</strong></span> <span class='ocrx_word' id='word_1_662' title='bbox 1096 5229 1159 5273; x_wconf 87' lang='lat' dir='ltr'><strong>vc·</strong></span> <span class='ocrx_word' id='word_1_663' title='bbox 1209 5230 1289 5274; x_wconf 89' lang='lat' dir='ltr'><strong>vasa</strong></span> <span class='ocrx_word' id='word_1_664' title='bbox 1313 5208 1401 5292; x_wconf 89' lang='lat' dir='ltr'><strong>irae,</strong></span> <span class='ocrx_word' id='word_1_665' title='bbox 1427 5208 1489 5276; x_wconf 88' lang='lat' dir='ltr'><strong>sed</strong></span> <span class='ocrx_word' id='word_1_666' title='bbox 1512 5210 1597 5274; x_wconf 41' lang='lat' dir='ltr'><strong>vasa*</strong></span> <span class='ocrx_word' id='word_1_667' title='bbox 1613 5205 1744 5295; x_wconf 88' lang='lat' dir='ltr'><strong>gratiae</strong></span> <span class='ocrx_word' id='word_1_668' title='bbox 1769 5218 1801 5275; x_wconf 91' lang='lat' dir='ltr'><strong>et</strong></span> <span class='ocrx_word' id='word_1_669' title='bbox 1823 5204 2086 5274; x_wconf 88' lang='lat' dir='ltr'><strong>misericordiae</strong></span> <span class='ocrx_word' id='word_1_670' title='bbox 2103 5201 2197 5268; x_wconf 83' lang='lat' dir='ltr'><strong>divi-</strong></span> 
     </span>
     <span class='ocr_line' id='line_1_50' title="bbox 164 5303 2258 5400; baseline -0.003 -22"><span class='ocrx_word' id='word_1_671' title='bbox 164 5332 245 5378; x_wconf 92' lang='lat' dir='ltr'><strong>rum</strong></span> <span class='ocrx_word' id='word_1_672' title='bbox 268 5306 373 5376; x_wconf 90' lang='lat' dir='ltr'><strong>etiam</strong></span> <span class='ocrx_word' id='word_1_673' title='bbox 396 5307 624 5397; x_wconf 88' lang='lat' dir='ltr'><strong>amplissimis</strong></span> <span class='ocrx_word' id='word_1_674' title='bbox 647 5305 962 5400; x_wconf 90' lang='lat' dir='ltr'><strong>promissionibus,</strong></span> <span class='ocrx_word' id='word_1_675' title='bbox 983 5332 1050 5377; x_wconf 93' lang='lat' dir='ltr'><strong>nos</strong></span> <span class='ocrx_word' id='word_1_676' title='bbox 1071 5303 1156 5376; x_wconf 91' lang='lat' dir='ltr'><strong>hor·</strong></span> <span class='ocrx_word' id='word_1_677' title='bbox 1208 5331 1291 5390; x_wconf 90' lang='lat' dir='ltr'><strong>nae,</strong></span> <span class='ocrx_word' id='word_1_678' title='bbox 1323 5325 1432 5400; x_wconf 88' lang='lat' dir='ltr'><strong>utque</strong></span> <span class='ocrx_word' id='word_1_679' title='bbox 1454 5308 1560 5400; x_wconf 88' lang='lat' dir='ltr'><strong>opera</strong></span> <span class='ocrx_word' id='word_1_680' title='bbox 1583 5303 1749 5377; x_wconf 85' lang='lat' dir='ltr'><strong>sathanae</strong></span> <span class='ocrx_word' id='word_1_681' title='bbox 1770 5308 1809 5376; x_wconf 93' lang='lat' dir='ltr'><strong>in</strong></span> <span class='ocrx_word' id='word_1_682' title='bbox 1832 5308 1936 5376; x_wconf 87' lang='lat' dir='ltr'><strong>nobis</strong></span> <span class='ocrx_word' id='word_1_683' title='bbox 1958 5308 2197 5387; x_wconf 86' lang='lat' dir='ltr'><strong>destruantur,</strong></span> <span class='ocrx_word' id='word_1_684' title='bbox 2256 5324 2258 5328; x_wconf 67' lang='grc'><strong>“</strong></span> 
     </span>
     <span class='ocr_line' id='line_1_51' title="bbox 163 5405 2199 5505; baseline -0.003 -25"><span class='ocrx_word' id='word_1_685' title='bbox 163 5423 280 5484; x_wconf 70' lang='lat' dir='ltr'><strong>tatum·</strong></span> <span class='ocrx_word' id='word_1_686' title='bbox 330 5408 496 5498; x_wconf 84' lang='lat' dir='ltr'><strong>Quodsi</strong></span> <span class='ocrx_word' id='word_1_687' title='bbox 526 5433 644 5505; x_wconf 88' lang='lat' dir='ltr'><strong>neque</strong></span> <span class='ocrx_word' id='word_1_688' title='bbox 666 5405 853 5480; x_wconf 90' lang='lat' dir='ltr'><strong>hominurn</strong></span> <span class='ocrx_word' id='word_1_689' title='bbox 879 5411 1158 5503; x_wconf 87' lang='lat' dir='ltr'><strong>sapientissimo-</strong></span> <span class='ocrx_word' id='word_1_690' title='bbox 1208 5423 1243 5479; x_wconf 89' lang='lat' dir='ltr'><strong>et</strong></span> <span class='ocrx_word' id='word_1_691' title='bbox 1263 5411 1351 5479; x_wconf 89' lang='lat' dir='ltr'><strong>fiant</strong></span> <span class='ocrx_word' id='word_1_692' title='bbox 1373 5410 1780 5504; x_wconf 82' lang='lat' dir='ltr'><strong>operaplacentiaDee.</strong></span> <span class='ocrx_word' id='word_1_693' title='bbox 1832 5408 1945 5503; x_wconf 91' lang='lat' dir='ltr'><strong>ldque</strong></span> <span class='ocrx_word' id='word_1_694' title='bbox 1966 5407 2097 5478; x_wconf 85' lang='lat' dir='ltr'><strong>utheri</strong></span> <span class='ocrx_word' id='word_1_695' title='bbox 2114 5429 2199 5496; x_wconf 76' lang='lat' dir='ltr'><strong>pos-</strong></span> 
     </span>
    </p>
   </div>
   <div class='ocr_carea' id='block_1_3' title="bbox 0 0 2378 6022">
    <p class='ocr_par' dir='ltr' id='par_1_4' title="bbox 0 0 2378 6022">
     <span class='ocr_line' id='line_1_52' title="bbox 0 0 2378 6022; baseline 0 0"><span class='ocrx_word' id='word_1_696' title='bbox 0 0 2378 6022; x_wconf 95' lang='lat' dir='ltr'><strong> </strong></span> 
     </span>
    </p>
   </div>
  </div>
 </body>
</html>
