4748 6022
132 220 209 298 706
365 289 376 307 ,
722 214 1147 310 QUAESTIONES
1188 212 1587 292 ACADEMICAE.
2094 223 2169 298 706

231 382 336 460 Esset
357 399 477 457 autem
498 407 601 456 causa
631 383 782 479 peccati,
815 385 954 458 sublata
983 408 1129 479 prorsus
1177 384 1259 456 Dei.
1301 378 1396 472 Ergo
1410 374 1465 452 illi
1479 394 1531 453 est
1546 383 1864 474 obtemperandum
1882 412 1967 481 prae
1981 402 2169 482 parentum

133 489 376 580 contingentia
391 503 426 560 ct
440 488 604 559 libertate
616 486 810 559 voluntatis
826 483 873 581 ⁵).
1177 486 1393 558 obedientia.
1450 483 1568 555 Proba
1584 484 1770 562 minorem.
1822 488 1914 562 Cum
1932 490 2029 563 Deus
2044 493 2090 562 sit
2102 516 2168 564 na.

232 590 356 682 Quare
379 592 576 663 absurdum
596 614 637 664 ac
657 591 787 661 falsum
809 605 880 677 est,
905 591 1026 661 omnia
1050 591 1128 662 lieri
1176 603 1276 661 turae
1296 588 1414 678 opifex
1436 599 1472 657 et
1493 587 1567 678 ipse
1591 588 1728 660 dederit
1751 591 1841 662 mihi
1860 607 2024 665 naturam
2049 608 2167 686 aptam

132 695 344 769 necessario.
381 691 433 763 lta
448 707 483 763 et
495 686 707 784 Philosophi
721 693 910 784 indignum
923 694 1127 767 existimant
1176 695 1218 760 ad
1236 687 1434 779 theologiae
1448 688 1625 771 studium,
1649 692 1817 764 omnibus
1830 694 1942 765 animi
1957 698 2094 768 viribus
2109 698 2167 766 in-

132 799 339 882 divinitate,
364 819 503 865 causam
524 795 740 884 flagitiorum
755 820 796 866 ac
811 797 982 867 scelerum
1000 792 1126 866 huma·
1175 795 1349 864 cumbam.
1401 789 1494 863 Cum
1518 806 1636 861 autem
1652 795 1803 865 subinde
1825 799 1980 870 subeunt
1999 795 2091 867 mihi
2106 823 2167 869 co-
2260 881 2263 888 ¹

132 925 262 972 uorum
279 900 318 968 in
335 896 450 968 Deum
466 896 646 983 conferre,
670 913 705 969 et
724 923 802 967 meo
819 899 964 992 quidem
981 899 1127 986 iudicio,
1175 896 1364 987 gitationes
1377 896 1422 964 de
1444 893 1520 963 istis
1535 893 1840 985 periculosissimis
1857 901 2096 991 temporibus,
2121 902 2166 970 de

133 1003 259 1096 opinio
276 1017 328 1072 est
345 1001 469 1071 auditu
483 1000 648 1071 crudelis.
688 996 810 1070 Citant
823 996 1033 1092 Philosophi
1047 1026 1126 1072 ver·
1176 998 1344 1090 periculis
1361 993 1559 1081 Ecclesiae,
1583 998 1679 1089 quod
1705 999 1752 1070 ita
1778 1002 1953 1074 laceratur
1973 1016 2007 1073 et
2023 1025 2166 1096 quassa-

26 1134 32 1149 *
134 1105 285 1176 siculum
303 1127 344 1172 ex
358 1098 552 1193 Euripide,
578 1125 618 1172 ae
634 1103 771 1192 magnis
797 1104 962 1174 laudibus
979 1099 1125 1178 vehunt.
1174 1115 1234 1172 tur
1250 1103 1296 1172 ab
1312 1096 1514 1182 haereticis,
1540 1112 1574 1168 et
1589 1120 1652 1187 ego
1672 1102 1810 1193 cupiam
1827 1105 2028 1176 consultum
2041 1102 2166 1176 Eccle-
2269 1172 2271 1179 .

131 1205 267 1302 Estque
294 1202 380 1275 haec
407 1204 580 1274 sententia
611 1205 794 1275 versiculi:
832 1204 873 1277 si
899 1203 961 1276 Dii
987 1221 1126 1276 autores
1174 1203 1264 1288 siae,
1290 1203 1421 1272 deiude
1444 1200 1614 1289 cogitem,
1641 1206 1809 1293 quamsit
1834 1207 2072 1296 periculosum
2090 1231 2166 1276 non

133 1323 217 1381 sunt
240 1307 492 1400 turpitudinis,
518 1305 581 1378 Dii
602 1329 675 1377 esse
690 1330 765 1376 non
789 1320 955 1398 possunt,
986 1308 1018 1378 ef
1041 1303 1127 1380 θεοί
1174 1308 1219 1376 ad
1228 1329 1381 1396 unguem
1399 1318 1519 1374 tenere
1534 1302 1757 1393 scripturam,
1773 1306 1813 1374 in
1828 1309 1936 1378 tantis
1944 1309 2096 1381 Satanae
2109 1308 2167 1377 in·

132 1438 170 1484 τι
191 1402 333 1509 δρῶσιν
355 1404 529 1505 αἰσχρὸν,
564 1404 635 1479 οὐκ
654 1409 746 1481 εἴσιν
771 1406 867 1482 θεοὶ.
1174 1408 1293 1490 sidiis,
1320 1407 1383 1501 qui
1398 1429 1465 1476 nos
1482 1404 1665 1496 impugnat
1678 1408 1755 1477 sine
1773 1408 2060 1497 intermissione,
2085 1435 2165 1481 eum

235 1510 311 1583 Iam
326 1511 356 1582 si
371 1511 491 1581 omnia
514 1509 750 1582 immutabilia
775 1527 877 1599 sunt,
901 1536 1011 1606 quare
1026 1512 1125 1584 Deus
1173 1510 1242 1594 sic,
1276 1511 1443 1603 iuquam,
1473 1507 1678 1601 frequenter
1699 1511 1868 1600 cogitem,
1902 1515 2017 1584 sentio
2040 1537 2097 1581 me
2119 1516 2163 1582 ad

132 1616 354 1686 invocandus
372 1606 458 1710 et⁶)
475 1613 667 1704 placandus
682 1613 758 1686 est?
807 1613 875 1686 His
888 1629 1007 1687 autem
1027 1615 1125 1684 labe·
1173 1608 1374 1707 theologiae
1389 1608 1546 1681 studium
1559 1609 1737 1682 ¹divinitus
1753 1614 1885 1684 vocari.
1936 1612 2076 1684 Deinde
2097 1609 2167 1684 hoc

132 1718 287 1799 factatis,
311 1715 436 1806 religio
451 1715 613 1785 funditus
628 1717 780 1792 tollitur.
1173 1715 1359 1807 confirmat
1388 1711 1586 1803 exemplum
1612 1723 1646 1781 et
1677 1714 1812 1785 dictum
1832 1712 1968 1788 Christi
1989 1716 2107 1786 Lucae
2129 1719 2166 1792 2.

235 1815 376 1891 Deinde
404 1818 492 1914 quid
522 1817 659 1909 legibus
681 1843 722 1889 ac
736 1814 772 1912 7)
802 1819 1011 1910 disciplinae
1036 1839 1126 1909 opus
1173 1812 1338 1887 Christus
1372 1828 1494 1885 contra
1530 1813 1749 1887 voluntatem
1781 1832 1969 1908 pareutum
1997 1819 2168 1891 remansit

133 1941 203 2009 est,
227 1922 258 1992 si
283 1917 375 1992 hanc
398 1920 624 2016 tyrannidem
649 1921 803 2012 possidet
824 1913 991 2020 ἀνάγκη,
1018 1944 1124 2013 quam
1173 1916 1432 2013 Hierosolymis
1446 1917 1485 1984 in
1501 1917 1606 1987 turba
1618 1918 1824 2001 doctorum,
1847 1934 1880 1990 et
1896 1921 1960 1991 ait:
1986 1917 2167 1991 nescieba-

134 2026 167 2098 ei
189 2025 356 2096 tribuunt
369 2021 506 2094 Stoici?
536 2022 648 2092 Recte
671 2023 832 2092 servulus
851 2022 1019 2109 Zenonis,
1044 2045 1125 2091 cum
1174 2017 1241 2106 tio,
1266 2014 1368 2118 qnod
1387 2017 1428 2089 in
1455 2011 1519 2086 his
1538 2039 1633 2114 quae
1652 2021 1775 2114 patris
1800 2021 1874 2091 mei
1896 2031 2003 2108 sunt,
2031 2030 2168 2118 oportet

133 2125 337 2217 obiurganti
358 2119 447 2193 hero
473 2146 509 2191 se
529 2138 726 2209 excusaret,
766 2120 857 2223 ω’)
880 2141 1042 2196 coactum
1063 2123 1124 2193 illa
1174 2144 1229 2191 me
1244 2120 1345 2192 esse?
1369 2122 1430 2192 Sic
1445 2134 1481 2190 et
1494 2143 1580 2203 nos,
1604 2145 1685 2191 cum
1702 2123 1764 2191 ille
1778 2127 1886 2193 ardor
1902 2129 1944 2194 ad
1961 2124 2166 2195 discendam
2243 2187 2264 2226 .‘

132 2229 339 2300 necessitate
353 2224 511 2315 magistri
527 2225 582 2296 sui
596 2249 765 2318 peccasse.
1177 2219 1388 2314 theologiam
1407 2223 1486 2293 sita
1502 2219 1597 2304 Deo,
1622 2224 1791 2292 debemus
1808 2240 1932 2295 contra
1949 2228 2168 2298 voluntatem

237 2325 361 2422 ltaque
381 2326 446 2397 etsi
467 2347 531 2415 ego
553 2329 696 2421 quidem
716 2328 865 2400 auribus
884 2343 989 2423 atquc
1005 2328 1125 2398 animo
1175 2341 1363 2417 parentum
1383 2324 1423 2392 in
1444 2347 1485 2393 eo
1511 2346 1653 2394 manere
1661 2371 1679 2410 ,-
1701 2326 1838 2396 etiarnsi
1862 2351 1928 2398 nos
1950 2329 2023 2399 sint
2040 2324 2167 2400 exhae-

133 2455 154 2502 a
176 2427 378 2502 Stoicorum
400 2428 571 2521 opinione
591 2425 788 2515 abhorreo,
813 2445 932 2502 tamen
956 2430 1126 2524 quoniam
1176 2431 1375 2503 reditaturi.

134 2531 373 2604 controversia
398 2530 554 2602 difficilis
579 2546 650 2616 est,¹
672 2547 709 2603 et
730 2533 820 2603 ratio
834 2531 1037 2603 Stoicorum
1052 2554 1126 2603 non
1426 2545 1429 2550 ’
1578 2575 1655 2642 Non
1677 2573 1755 2642 um

134 2636 212 2706 sine
237 2634 378 2726 negotio
396 2632 542 2703 dissolvi
561 2657 601 2703 ac
619 2633 711 2704 dilui
734 2647 869 2726 potest,
894 2635 1015 2704 defero
1032 2629 1125 2703 hanc
1756 2626 1764 2640 ’

134 2752 244 2808 totam
267 2736 544 2807 controversiam
561 2737 607 2806 ad
624 2736 866 2807 doctissimum
881 2737 1019 2822 virum,
1045 2732 1127 2805 Ma-

134 2840 283 2930 gistrum
298 2832 538 2922 Milicliium,
563 2861 717 2933 eumque
741 2862 847 2929 rogo,
871 2852 911 2909 ut
931 2864 995 2930 pro
1013 2861 1075 2907 sua
1093 2850 1127 2905 et

135 2966 216 3033 erga
240 2967 297 3012 me
323 2940 587 3025 benevolentia,
612 2955 648 3011 et
671 2940 844 3031 singulari
860 2941 930 3010 fide
945 2963 1026 3030 erga
1043 2939 1127 3009 uni-

134 3069 272 3114 versam
294 3039 479 3125 Scholam,
512 3043 778 3113 diiudicandam
800 3066 941 3113 causam
964 3055 999 3113 ct
1015 3041 1127 3134 expli-

135 3149 285 3216 candam
309 3146 487 3239 suscipiat.
547 3144 629 3236 Qua
652 3145 690 3214 in
708 3169 745 3214 re
765 3160 799 3216 et
819 3139 910 3213 milri
925 3155 1127 3236 pergratum

135 3248 251 3333 faciet,
266 3262 298 3317 et
314 3249 357 3316 de
372 3249 537 3318 universa
549 3243 678 3319 Schola
694 3249 785 3318 bene
799 3249 1003 3331 merebitur,
1021 3268 1127 3339 quam

135 3351 293 3440 profecto
319 3351 512 3440 plurimum
533 3351 640 3421 refert
662 3374 768 3443 quarn
786 3350 937 3419 maxime
956 3351 1128 3427 adversus

136 3453 324 3544 opiniones
341 3478 464 3543 parum
485 3454 589 3524 utiles
605 3453 794 3540 diligenter
810 3454 983 3522 munitam
1003 3473 1089 3522 esse.

1278 2692 1494 2791 Expressum
1516 2694 1586 2770 Dei
1609 2699 1816 2771 mandatum
1841 2713 1912 2787 est,
1943 2715 1984 2772 ut
2005 2716 2170 2792 parentes

1175 2797 1413 2888 honoremus,
1437 2796 1507 2872 hoc
1532 2814 1604 2886 est,
1630 2801 1831 2872 tribuamus
1858 2803 1908 2872 eis
1937 2803 2109 2875 iustitiam
2135 2821 2172 2875 et

1176 2905 1407 2996 sapientiam,
1433 2919 1469 2976 et
1492 2926 1658 2996 paremus
1679 2927 1803 2974 eorum
1819 2905 1952 2975 iudicio
1969 2919 2003 2977 et
2018 2908 2172 2978 auctori-

1177 3007 1254 3078 tati.
1305 3003 1402 3098 Ergo
1419 3031 1492 3076 non
1511 3007 1594 3077 licet
1618 3006 1723 3076 uobis
1736 3020 1863 3079 contra
1877 3002 1947 3097 hoc
1965 3011 2171 3089 mandatum

1178 3107 1245 3177 Dei
1267 3111 1368 3201 sequi
1390 3110 1546 3202 aliquem
1569 3109 1749 3194 ardorem,
1782 3135 1886 3204 quem
1910 3110 2077 3202 fingimus
2098 3135 2172 3183 esse

1179 3211 1398 3282 vocationem
1414 3210 1493 3282 Dei.
1545 3209 1729 3281 Secundo:
1755 3212 1819 3281 ubi
1832 3212 1991 3283 animum
2008 3213 2172 3284 intende-

1182 3314 1249 3398 ris,
1272 3314 1325 3383 ibi
1341 3315 1447 3383 valet.
1498 3310 1592 3400 Quia
1610 3314 1705 3381 enim
1730 3314 1860 3407 aliquis
1878 3317 2017 3385 audivit
2035 3318 2174 3388 cantio-

1183 3439 1247 3484 nes
1273 3429 1308 3484 et
1337 3416 1506 3486 lectiones
1529 3437 1644 3483 sacras
1671 3428 1705 3484 et
1733 3416 1806 3484 illis
1833 3431 1887 3486 est
1911 3419 2172 3508 aliquantulum

1181 3530 1396 3601 commotus,
1422 3515 1551 3608 spiritu
1572 3525 1671 3606 putat
1692 3538 1728 3583 se
1751 3517 1922 3587 divinitus
1946 3521 1991 3586 ad
2016 3516 2172 3590 Theolo-

1180 3619 1274 3708 giam
1294 3618 1424 3687 vocari.
1469 3616 1510 3687 Si
1527 3640 1611 3686 vero
1627 3616 1818 3689 audivisset
1833 3617 1995 3688 Medicus
2012 3634 2044 3690 et
2064 3620 2174 3692 luris-

1182 3721 1363 3791 consultos
1385 3717 1542 3788 fortassis
1555 3742 1630 3787 non
1645 3719 1765 3789 minu's
1780 3721 2012 3791 delectaretur
2028 3722 2174 3794 illorum

160 3805 228 3874 No·
242 3803 279 3873 9·
549 3912 550 3916 Ἰ
926 3808 992 3886 (⁸11-
1020 3806 1131 3888 1534·)
1182 3822 1295 3906 libris,
1317 3845 1425 3916 quam
1441 3815 1656 3910 Theologia,
1678 3824 1883 3914 praesertim
1898 3849 1979 3893 cum
1994 3827 2111 3910 sciret,
2136 3849 2173 3894 se

141 3900 314 3930 w
423 3998 429 4011 ¹
912 3901 1124 3949 m
1182 3925 1222 3994 in
1256 3923 1470 3995 eo'obedire
1496 3923 1703 4014 parentibus
1730 3938 1764 3995 et
1797 3925 1909 3994 facere
1935 3926 2070 3995 cultum
2096 3924 2175 3997 Dei.

206 4000 279 4072 'iffi
291 3999 356 4058 ⁶⁰⁶·
367 3998 450 4056 ΒΜ·
462 3998 505 4053 ⁸⁹·
521 4017 547 4069 Ρ·
559 3999 640 4068 ω’)
1184 4026 1325 4095 Tertio:
1350 4050 1456 4118 opera
1474 4028 1648 4095 secundae
1669 4026 1809 4096 tabulae
1827 4052 1940 4120 aeque
1956 4043 2039 4098 sunt
2060 4029 2175 4102 cultus

138 4163 336 4246 Quaestio:
372 4159 528 4229 Licetne
557 4162 610 4250 ω’,
644 4163 707 4254 qm·
735 4156 1132 4257 fla9rapffi301095ae
1182 4128 1249 4247 Ilei
1265 4150 1304 4197 ac
1325 4152 1430 4220 opera
1447 4129 1585 4219 primae
1608 4130 1766 4214 tabulae,
1792 4131 1848 4198 vel
1863 4125 1999 4248 Christi
2015 4131 2175 4202 testimo-

137 4261 343 4337 discendne
363 4259 489 4331 studio
514 4272 646 4332 contra
671 4272 876 4354 parentum
895 4264 1131 4332 voluntatem
1182 4255 1244 4299 ¹¹¹⁰
1270 4222 1402 4305 Mfflh·
1424 4233 1486 4305 2²·
1544 4225 1641 4321 Ergo
1664 4232 1834 4302 debemus
1863 4234 1988 4305 ³Ud¹f⁸
2013 4248 2175 4325 Pali-'¹¹¹es

135 4365 330 4439 gemm
349 4361 815 4460 Th30109500,00q„fflm
831 4369 971 4452 animo,
986 4371 1029 4436 „t
1040 4363 1131 4434 013„
1182 4327 1409 4403 adhortantes
1430 4356 1497 4401 nus
1518 4334 1562 4402 ad
1590 4334 1659 4402 tale
1682 4335 1859 4419 studium,
1892 4335 1990 4428 quod
2014 4337 2056 4405 ad
2082 4334 2175 4404 hanc

193 4478 274 4563 ipse
287 4471 407 4562 pomp
421 4465 556 4541 docere
572 4472 804 4565 maslaum
819 4473 862 4541 ,ιη
878 4462 1073 4539 Eodem-ap
1181 4434 1321 4504 civilem
1337 4435 1447 4553 vitam
1465 4448 1499 4505 et
1512 4437 1778 4555 gubernandam
1793 4438 2049 4556 rempublicam
2067 4437 2175 4549 perti-

1182 4550 1259 4621 net,
1293 4537 1355 4606 ubr
1382 4551 1499 4607 tamen
1522 4551 1662 4607 tantum
1690 4553 1795 4608 ettam
1821 4533 2040 4628 Theolograe
2062 4553 2176 4631 potest

136 4602 257 4692 Licet.
284 4611 420 4687 Ratio:
449 4615 639 4688 Vocationi
655 4617 1130 4708 etvoluntatiobtempcran·
1182 4639 1309 4724 tribui,
1342 4641 1624 4734 quantum-„113
1651 4654 1706 4711 est
1730 4642 1774 4710 ,d
1799 4664 1897 4709 ,uam
1919 4643 2095 4731 privatam
2118 4665 2175 4712 ω.

137 4725 223 4788 dum
238 4734 290 4789 est
309 4744 391 4810 prae
406 4735 591 4812 parentum
608 4720 822 4795 obedientia.
852 4719 918 4789 llle
934 4721 1042 4789 ardor
1058 4742 1129 4811 quo
1182 4741 1303 4812 putem·

138 4820 330 4890 incitamur
344 4825 388 4888 ad
405 4821 609 4891 discendam
626 4825 906 4916 unamaliquam
928 4821 1130 4891 facultatem
1644 4897 1652 4913 ·

138 4945 223 5013 prae
252 4921 416 5004 caeteris,
449 4935 502 4990 est
525 4924 668 4994 interna
696 4925 854 5012 vocatio,
888 4936 941 4991 est
965 4921 1131 4990 voluntas
1292 4997 1295 5000 ,
1488 4895 1669 4983 &wilm
1695 4897 1752 4967 Pl·
1776 4896 1861 4965 Mel·

653 5093 655 5097 ,
1246 5018 1356 5092 Recte
1366 5019 1485 5113 facit¹)
1496 5023 1558 5112 qui
1575 5023 2175 5113 sepotiusconferatstudiodoctri-

173 5150 207 5218 5)
225 5160 253 5202 et
269 5150 398 5201 merente
410 5144 563 5197 uoluntatis
575 5141 603 5195 iu
618 5142 723 5217 Mallio
735 5146 924 5217 praetermissa
936 5155 1010 5197 sunt.
1181 5142 1247 5189 nae
1257 5118 1470 5194 christianae
1480 5145 1587 5215 quam
1599 5124 1699 5192 alleri
1713 5143 1942 5220 quaesluosatt
1951 5129 2176 5220 professioni,

173 5236 202 5304 6)
220 5243 261 5305 et]
278 5232 365 5286 Maol.
384 5241 444 5286 out.

174 5325 206 5388 7)
224 5329 272 5388 ae]
292 5320 380 5374 Mani.
398 5328 458 5371 out.
1218 5337 1245 5404 i)
1265 5333 1338 5418 ilaec
1357 5337 1499 5407 responsio
1523 5338 1620 5412 legitor
1638 5341 1718 5395 etiam
1740 5343 2017 5400 incatenatus.
2038 5365 2064 5415 p.
2078 5343 2175 5418 1141,

175 5410 203 5474 8)
222 5407 312 5462 Mani.
330 5408 370 5458 oie
386 5421 428 5460 se.
1253 5408 1297 5460 nbr
1313 5407 1486 5462 inscribitur:
1501 5408 1553 5464 Pa.
1563 5410 1627 5468 Mel.
1636 5415 1672 5464 de
1680 5412 1837 5468 odedientia
1844 5412 1977 5483 filr'orum
1989 5424 2018 5469 et
2028 5426 2177 5485 quatenus.

141 5490 322 5556 blenarus.
349 5485 454 5553 Orsa.
481 5472 565 5551 Ver..
593 5482 640 5549 X.
1464 5482 1513 5561 45
