4748 6022
1093 1221 1126 1310 1.
1656 1300 1660 1305 .

612 1431 1113 1548 Qususutonns
1162 1422 1627 1521 Acaunsttcnn
1670 1427 1673 1430 ’

414 1642 446 1706 A
487 1638 876 1710 uuuanrttouu
916 1625 1323 1704 scuonssutcts
1366 1622 1805 1741 Puausctttt’uau.

59 2159 66 2169 .
101 2088 169 2179 No.
187 2106 219 2174 l.
728 2101 792 2183 (m.
808 2068 1092 2179 1111111111.)
1143 2086 1258 2158 sacius
1275 2085 1523 2156 commendare
1536 2038 1805 2175 Philosophiam
1822 2099 1954 2176 potest,
1978 2068 2084 2181 quam
2101 2089 2132 2160 si

100 2201 224 2227 ’Μ’
739 2193 1094 2234 “VV
1143 2187 1345 2277 intelligant
1367 2208 1445 2256 eam
1469 2185 1544 2256 Deo
1568 2185 1729 2276 probari,
1753 2187 1785 2255 si
1809 2187 1954 2258 videant
1974 2191 2019 2257 ad
2042 2211 2133 2283 quos

172 2304 206 2355 tn
222 2294 382 2368 Quinum.
397 2293 471 2371 aput
486 2294 565 2351 ΕΜ·
578 2295 630 2368 11
642 2311 703 2365 111·
1144 2312 1229 2361 usus
1250 2284 1407 2358 humano
1424 2286 1578 2376 generis
1594 2287 1674 2359 Deo
1689 2300 1826 2357 ostensa
1843 2289 1907 2372 sit,
1932 2289 1963 2360 si
1978 2292 2133 2379 cogitent

258 2441 316 2512 12·
333 2429 934 2559 1111111
1144 2383 2134 2584 11111111111111111111

102 2580 401 2685 Neptunium
421 2590 580 2681 ignorat,
602 2611 659 2667 me
676 2582 744 2665 hoc
760 2573 800 2655 in
815 2584 898 2678 loto¹
911 2586 954 2655 ad
972 2584 1095 2655 dicen·
1145 2617 1226 2669 cum
1249 2593 1400 2661 doceant
1424 2611 1489 2658 uos
1510 2611 1629 2658 sacrae
1650 2589 1792 2675 literae,
1818 2615 2031 2684 magnopere
2046 2589 2134 2665 hor-

105 2699 192 2767 dum
216 2693 330 2764 officio
354 2691 503 2772 adduci,
527 2714 608 2761 cum
632 2690 678 2783 id,
692 2688 811 2762 oneris
832 2682 982 2757 Scholae
1006 2709 1094 2756 con·
1145 2707 1268 2766 tantur
1282 2714 1349 2761 nos
1366 2692 1411 2760 ad
1428 2690 1665 2763 discendum,

107 2798 256 2868 ,uetudo
281 2793 386 2863 nobis
409 2793 579 2884 imponat.
632 2789 752 2879 Quare
774 2789 913 2858 avobis
930 2802 1029 2880 peto,
1053 2800 1096 2858 ut
1247 2792 1410 2864 Fortasse
1423 2791 1486 2863 alii
1501 2805 1585 2863 suut
1600 2790 1785 2876 acutiores,
1811 2788 1886 2883 Ego
1901 2794 2003 2864 fateri
2018 2819 2133 2868 meam

106 2924 172 2992 pro
190 2911 302 2967 vet-tra
319 2887 539 2965 humanitate
555 2884 696 2961 leniam
710 2884 798 2960 mibi
815 2888 922 2973 ‘1⁰5⁸’
947 2890 977 2958 δί
995 2887 1095 2959 vobis
1146 2895 1346 2971 tarditatem
1376 2917 1451 2963 non
1474 2892 1617 2963 dubito:
1658 2889 1850 2986 Nunquam
1873 2897 1973 2987 potui
1995 2898 2132 2970 intelli·

108 3001 147 3069 in
161 2995 227 3069 bac
242 2995 354 3093 animi
368 2984 629 3079 imbecillitate,
654 3016 761 3087 quam
777 2985 868 3060 mihi
882 3005 1008 3061 11111111
1025 2990 1096 3060 cir·
1147 3020 1239 3093 gere,
1267 2997 1355 3090 quid
1370 2996 1417 3095 sit
1428 2989 1675 3086 Philosophia,
1701 3008 1763 3064 aut
1777 3021 1865 3088 quos
1880 2992 2026 3070 haberet
2037 3024 2133 3085 usus,

109 3100 297 3183 cuudedlt,
323 3110 485 3187 clanget
508 3091 594 3173 haee
611 3094 826 3190 frequentia,
852 3117 926 3163 non
943 3093 1026 3162 satis
1041 3092 1096 3160 ie·
1147 3091 1461 3193 priusquam'hanc
1474 3096 1645 3165 sinceram
1661 3090 1849 3186 Evangelii
1866 3101 2064 3171 doctrinam
2079 3118 2135 3179 at-

109 3204 196 3273 oerit
219 3198 332 3292 oratio
358 3223 445 3267 mea.
497 3197 645 3268 Accedit
667 3199 761 3268 enim
786 3208 923 3286 praeter
944 3208 1096 3264 caeteras
1146 3201 1232 3290 rigi,
1266 3191 1356 3292 quie
1383 3220 1498 3289 nuper
1523 3197 1715 3266 admodum
1739 3199 1912 3287 singulari
1933 3198 2001 3271 Dei
2024 3204 2135 3276 bene-

18 3323 25 3331 ·
111 3303 333 3375 difficultates
358 3295 445 3370 haec
472 3298 598 3385 etiam,
637 3301 732 3394 quod
756 3321 838 3368 tum
862 3291 1097 3367 de·Phil⁰⁸⁰·
1147 3302 1227 3374 licio
1243 3313 1365 3372 renata
1379 3312 1452 3372 est.¹
1494 3295 1631 3369 Multos
1647 3297 1806 3369 existimo
1824 3301 1861 3369 in
1876 3297 1943 3372 hoc
1962 3327 2035 3373 esse
2049 3331 2136 3378 cou-

111 3401 216 3498 pbiae
239 3402 404 3474 laudibus
424 3397 483 3472 hic
506 3401 697 3472 dicendum
720 3398 851 3484 sit,.in
874 3422 976 3468 causa
994 3396 1098 3468 toties
1149 3426 1267 3487 sessu,
1299 3401 1360 3494 qui
1389 3401 1483 3468 idem
1513 3398 1667 3487 ingenue
1689 3400 1886 3485 fateantur,
1917 3404 2137 3493 dignitatem,

112 3507 225 3590 dicta,
248 3529 378 3574 novam
395 3503 591 3574 orationem
607 3499 740 3592 requiri
754 3500 928 3582 arbitror,
953 3513 988 3568 et
1000 3500 1097 3568 iuxta
1149 3505 1221 3575 vim
1252 3516 1286 3573 et
1315 3525 1419 3570 usum
1443 3494 1712 3588 Philosophiae,
1745 3502 1909 3591 primum¹
1929 3527 1976 3577 se.
1997 3509 2136 3595 cognita

111 3597 363 3701 proverbium,
396 3599 452 3676 Tui
483 3597 591 3674 κοινὰ
618 3604 765 3680 καινῶς.
824 3597 864 3669 ld
890 3623 973 3668 vcro
999 3620 1099 3690 prse-
1149 3600 1283 3676 Christi
1303 3602 1461 3671 doctrina
1481 3600 1705 3692 perspexisse.
1758 3598 1810 3673 Ac
1825 3604 1928 3679 video
1944 3606 1982 3675 in
1999 3609 2139 3699 scriptis

112 3724 205 3779 stare
229 3730 302 3774 non
322 3717 374 3774 est
391 3703 578 3771 mediocris
594 3702 738 3791 ingenii.
791 3699 913 3794 ltaque
930 3701 1098 3794 quonism
1150 3704 1343 3798 superioris
1355 3703 1497 3787 aetatis,
1520 3700 1653 3771 multos
1668 3701 2138 3801 incommodePhilosopha-

114 3832 215 3898 saepe
238 3818 340 3897 antea
362 3805 413 3874 sic
434 3815 488 3873 est
502 3817 627 3873 ornata
642 3803 735 3870 veris
752 3803 918 3872 laudibus
934 3800 1100 3872 Philoso-
1151 3822 1207 3878 tor
1237 3829 1329 3891 esse,
1371 3804 1560 3898 quianon
1590 3803 1935 3891 animadverterunt,
1975 3812 2062 3902 quid
2094 3814 2139 3883 dr

114 3905 200 4002 phia
222 3908 260 3975 in
284 3901 349 3975 hac
364 3898 515 3989 Schola,
540 3919 581 3975 ut
604 3904 739 3974 nullius
762 3905 885 3975 aetatis
906 3905 1017 3977 literis
1040 3915 1101 3972 aut
1152 3903 1385 3997 Philosophia
1400 3907 1532 3976 iudicet
1548 3906 1732 3994 scriptura,
1756 3930 1821 3977 uec
1837 3908 2027 3987 discrimen
2045 3912 2140 3985 inter·

113 4009 357 4082 monumentis
373 4002 663 4076 honorificentius
681 4007 957 4098 praedicanerit,
984 4031 1048 4098 rgo
1063 4002 1102 4070 in
1152 4007 1386 4098 Evangelium
1406 4022 1442 4077 et
1456 4002 1722 4097 Philosophiam
1740 4010 1983 4094 pervidemus.
2000 4029 2004 4037 ·
2037 4012 2140 4086 Nu'uc

115 4111 312 4205 praesentia
330 4109 460 4179 omisso
476 4104 672 4194 Encomio‚
696 4121 835 4179 tantum
853 4133 966 4178 nuum
982 4110 1102 4178 locum
1154 4109 1263 4200 igitur
1284 4135 1365 4193 cnm
1382 4103 1632 4198 Philosophiae
1656 4108 1806 4197 dignitas
1830 4135 1892 4200 per
1907 4109 2143 4202 Evangeliutn

116 4214 286 4301 attingere
304 4208 513 4285 constitui.-
1157 4212 1325 4304 pateiacta
1357 4225 1463 4303 atque
1492 4210 1666 4278 illustrata
1699 4210 1764 4295 sit,
1797 4211 1927 4301 ingrati
1960 4214 2142 4287 iudicandi

219 4313 373 4403 Quidam
390 4311 471 4381 ideo
486 4335 612 4402 parum
626 4310 730 4403 aequi
745 4323 828 4380 sunt
840 4306 1103 4402 Philosophiae,
1155 4328 1258 4398 sunt,
1284 4313 1345 4404 qui
1367 4308 1435 4381 hoc
1452 4310 1621 4380 beneficio
1638 4306 1821 4398 Evangelii
1839 4315 1896 4382 nti-
1907 4315 2054 4400 nolunt,
2080 4319 2143 4410 qni

116 4417 201 4511 quia
220 4426 348 4507 putant
370 4438 445 4484 eam
469 4414 609 4484 officere
631 4413 765 4503 pietati.
816 4407 892 4501 Ego
915 4437 1104 4504 vero-pro-
1155 4412 1242 4484 haec
1267 4415 1383 4483 studia
1411 4424 1662 4496 contemnunt,
1695 4434 1785 4505 quae
1808 4436 2019 4505 magnopere
2039 4419 2145 4489 nobis

119 4535 195 4609 pter
215 4514 412 4607 angustiam
434 4507 684 4606 temporishic
708 4539 781 4584 non
801 4536 994 4604 exponam,
1019 4539 1105 4607 quas
1156 4517 1334 4609 praedicat
1350 4513 1504 4605 Spiritus
1516 4526 1668 4585 sanctus.
1916 4530 1923 4538 '
2053 4596 2059 4608 ι

118 4621 288 4690 utilitates
310 4641 352 4685 ex
371 4617 520 4705 singulis
534 4611 786 4708 Philosophiae
809 4617 968 4706 partibus
984 4621 1104 4686 decer·
1257 4613 1313 4687 Ac
1345 4616 1460 4686 videte
1490 4639 1582 4707 quae
1612 4615 1819 4704 perversitas
1848 4615 1892 4682 sit
1920 4616 2143 4704 ingeniorum

120 4712 562 4812 pere'l'heologuspossit.
611 4715 822 4787 Praesertim
838 4743 918 4786 cum
936 4715 1106 4806 Augusti·
1157 4713 1411 4796 humanorum,
1464 4714 1674 4785 Tuncrum
1700 4714 1866 4782 utilitates
1889 4710 2145 4809 Philosophiae

121 4842 189 4890 nus
213 4820 256 4886 de
281 4815 443 4887 doctriua
463 4812 687 4897 Christiana,
714 4819 777 4901 ,s'ic
800 4820 882 4887 satis
909 4815 975 4887 hac
1001 4821 1045 4887 de
1069 4842 1107 4904 re
1159 4843 1233 4888 non
1256 4832 1398 4887 nossent
1416 4812 1609 4904 Theologi,
1633 4837 1738 4882 nemo
1758 4808 2004 4904 -nonputabat
2018 4821 2088 4892 sihi
2105 4823 2144 4901 in

122 4920 313 5011 scripserit.
363 4910 412 4986 Et
433 4919 617 4986 commoda
642 4918 702 4997 illa
728 4919 867 4989 notiora
885 4919 977 4996 sint,
1001 4943 1106 5009 quam
1147 4944 1201 4997 ,eo
1216 4911 1334 4993 studio
1352 4918 1671 4995 consenescendum
1687 4936 1772 4990 esse.
1811 4915 2008 4991 Nunccum
2023 4919 2146 4994 Evan.

123 5039 162 5094 nt
186 5018 403 5091 dissimulari
427 5016 563 5107 possint
587 5016 644 5084 vel
669 5020 713 5087 ab
738 5019 898 5108 ingratis.
949 5015 1107 5107 Tauium
1159 5020 1292 5110 gelium
1321 5020 1426 5089 nobis
1455 5013 1581 5086 harum
1614 5015 1743 5084 artium
1767 5016 1840 5084 vim
1867 5018 2079 5106 ostenderit,
2113 5039 2148 5094 et

122 5122 244 5219 paucis
280 5120 508 5212 expostulabo
543 5142 624 5188 cum
654 5118 717 5188 illo
751 5113 938 5207 hominum
970 5142 1109 5209 genere,
1161 5119 1339 5211 praedicet
1358 5119 1535 5195 studium,
1569 5117 1742 5213 quidlit?
1789 5117 1889 5190 Nulli
1914 5119 2161 5211 [1111111111-Ι

123 5227 218 5322 quod
238 5222 398 5317 ignaviae
412 5243 496 5290 suae
512 5219 676 5311 pietatem
694 5221 975 5312 μ11111111,“(1111
990 5221 1109 5292 minus
1160 5219 1309 5293 horrent
1325 5246 1345 5291 a
1360 5214 1608 5312 pulcherrimis
1624 5217 1841 5311 disciplinis,
1867 5237 1971 5313 atque
1987 5224 2060 5308 illi,
2084 5226 2148 5319 qui
2182 5245 2184 5248 ’

124 5329 271 5418 attingat
292 5320 379 5394 haec
400 5323 529 5393 studia.
579 5319 685 5392 Nulla
705 5321 793 5393 ratio
810 5322 915 5393 bouis
931 5322 1017 5409 viris
1033 5323 1111 5411 elii-
1161 5347 1197 5395 se
1219 5324 1396 5394 studiosos
1419 5343 1596 5389 sacrarum
1615 5321 1796 5392 literarum
1813 5317 1997 5416 perhiberi
2013 5328 2148 5401 volout.

172 5435 352 5500 1111111111.
369 5430 473 5494 01111.
499 5427 583 5495 Vos..
598 5427 646 5497 X.
1177 5468 1179 5473 Α
1452 5418 1502 5492 44
