4748 6022
213 276 289 349 bot
994 264 1464 345 Pnnnmonnnba
2175 276 2253 355 608

298 444 440 524 „iterata
458 439 662 522 resecuiarua,
683 448 712 504 et
733 436 903 519 dequibus
925 440 1006 502 scire
1027 439 1201 524 potuimus,
1222 458 1383 503 numerum
1405 437 1497 522 anni,
1518 456 1579 519 qaa
1600 438 1717 519 scripta
1727 444 1820 520 snut,
1839 439 2031 510 ιιιιιιιίιιιι.
2069 444 2257 513 helidim.

299 539 430 613 „autem
451 527 607 611 prioribus
631 528 747 613 [tribua
771 523 950 609 Grathuaii]
973 525 1069 595 libris,
1087 538 1157 589 area
1176 527 1264 589 aliea
1282 546 1384 591 aenea
1402 524 1545 604 libellos,
1577 525 1731 605 singulari
1753 524 1855 589 stadia
1877 544 1917 589 aa
1937 547 2009 593 mea
2029 538 2059 593 et
2081 533 2258 599 animm

299 663 321 695 „
330 612 524 677 bibliothecis
538 612 701 698 collectos,
723 622 757 673 nt
770 632 850 673 nune
864 631 920 674 aex
934 610 1007 675 libri
1025 612 1188 675 conficiant
1201 613 1312 674 iustum
1332 612 1587 694 epigrammatum
1604 632 1690 692 opus.
1733 612 1798 674 Nee
1815 631 1862 675 mr
1877 612 1962 692 aias,
1985 618 2260 701 quantulumque

299 711 395 783 μοι,
418 718 512 781 opera
526 699 670 781 poenitet.
713 699 792 761 Nam
814 701 892 779 quod
916 698 955 759 ad
976 716 1025 759 mo
1042 698 1184 776 privatim
1206 697 1332 781 attinet,
1353 700 1514 761 ostendam
1535 697 1628 778 alibi,
1649 696 1758 777 quibua
1781 698 1875 762 rebar
1888 698 1960 762 huie
1980 714 2090 766 saneto
2106 704 2174 769 viro
2189 726 2259 771 san

223 784 230 798 “
301 787 498 871 „obstrietus
521 787 559 848 ad
583 796 737 847 aeternam
760 782 985 862 gratitudinem.
1028 782 1236 846 Nunoautcm
1260 784 1296 845 de
1319 785 1478 867 omnibns,
1506 784 1728 864 quosreliqait
1753 783 1806 847 ille
1830 795 2042 863 postrenus
2064 791 2258 857 adulterinae

300 883 456 959 „naturae
477 871 666 953 discipulos,
688 868 805 933 affirmo
819 869 922 933 deberi
944 870 1005 933 bac
1019 868 1149 932 alliciam
1169 871 1449 954 praestantissimo,
1472 871 1646 950 optimaque
1659 872 1694 935 dc
1709 891 1743 933 re
1763 870 1903 935 literaria
1919 872 2026 934 merito
2041 874 2258 959 Praeceptum,

303 967 367 1042 „ut
390 956 494 1020 omnia
517 960 556 1019 ab
578 978 613 1019 eo
636 956 775 1038 prolecta
797 956 913 1035 ingenii
936 966 964 1018 et
986 953 1142 1019 doctrinae
1169 964 1362 1019 monumenta
1384 966 1530 1037 tauquam
1553 974 1661 1019 sacras
1683 954 1832 1036 reliquias
1854 976 1915 1019 non
1929 956 2038 1037 ,solnm
2060 962 2258 1048 colligatae,

304 1046 389 1127 „aad
412 1044 500 1106 etiam
523 1062 543 1104 a
564 1042 681 1105 mendis
710 1040 918 1123 neglegentem
946 1040 1144 1105 librariorum
1173 1040 1271 1103 seculi
1294 1040 1385 1104 buius
1408 1042 1570 1142 (quantum
1595 1060 1650 1121 par
1672 1040 1782 1103 horum
1805 1050 1923 1121 turpem
1946 1043 1979 1106 iu
2001 1045 2060 1108 boo
2081 1046 2161 1111 vicio
2183 1068 2258 1130 per-

306 1129 482 1213 „tiuaciam
503 1127 591 1211 licet)
620 1127 824 1190 vindicemus:
855 1126 1026 1190 carminum
1048 1136 1149 1189 autern
1171 1126 1309 1208 Philippi
1333 1126 1390 1188 illa
1411 1126 1570 1205 ingeniosa
1591 1136 1682 1205 atque
1704 1126 1825 1189 erudita
1853 1126 2012 1215 labilitas,
2046 1142 2076 1211 et
2100 1134 2149 1198 lei.
2173 1154 2258 1209 ω’.

306 1212 1211 1379 ’‘nt‘rn‘31::.t.·-:³¹.r..tt:.‘³tutrat'n
1235 1212 2069 1379 tttlll⁵llihttlttt.¹‘3.⁸.⁸⁵‘.t.‘t⁰·³tt¹¹·⁸·
2082 1218 2259 1299 ⁰⁸³⁸'''¹⁸”’

258 1322 447 1383 'eret
663 1321 670 1360 ι
938 1323 953 1360 ι
1097 1320 1360 1361 ueern
1528 1318 1958 1378 rrurprar,

220 1418 317 1482 Haec
337 1417 540 1481 Vincentius.
569 1449 612 1462 —
654 1416 708 1479 llx
734 1416 852 1500 quibus
879 1416 1083 1501 intelligitur,
1121 1414 1294 1480 editionem
1324 1416 1592 1499 epigrammatum
1619 1414 1832 1479 evincentio
1866 1415 1986 1481 laetam
2043 1417 2196 1505 riucipem
2223 1434 2260 1488 et

221 1494 288 1565 lide
301 1502 524 1587 dignissimam
537 1517 635 1583 essa,
657 1520 758 1584 quare
772 1518 845 1564 eam
860 1502 956 1564 etiam
972 1502 1026 1564 hio
1040 1502 1170 1583 sequuti
1181 1518 1307 1565 sumus.
1349 1501 1388 1564 lu
1401 1517 1521 1582 magna
1533 1500 1619 1563 euim
1642 1498 1876 1585 familiaritate,
1895 1519 1980 1584 quae
2027 1494 2259 1572 incentlo'eum

220 1588 431 1652 Melanthoue
444 1605 527 1650 seue
542 1599 627 1669 erat,
648 1585 744 1651 dnbio
760 1598 867 1665 caret,
889 1586 977 1650 illum
990 1607 1064 1651 oum
1082 1588 1146 1651 hoo
1159 1586 1201 1650 de
1217 1588 1334 1649 libellis
1351 1587 1474 1650 Secerii
1490 1597 1525 1650 et
1543 1585 1709 1649 Grathnail
1723 1586 1890 1670 loquutum
1906 1603 2005 1671 osae,
2025 1597 2061 1654 et
2081 1589 2144 1657 hoc
2159 1592 2258 1658 modo

221 1673 406 1754 audivisse,
427 1690 513 1755 qnae
526 1673 791 1751 allelauthone,
811 1682 847 1737 ιιι
860 1691 924 1736 nou
938 1690 960 1736 a
973 1690 1013 1736 se
1026 1673 1147 1756 scripta
1155 1718 1166 1756 ,
1186 1675 1358 1756 reprobata
1375 1672 1503 1737 luerint.
1757 1672 1765 1687 ³

348 1790 467 1873 Neque
480 1788 767 1873 postViuoentium
779 1789 863 1852 alius
877 1789 980 1853 extitit
995 1789 1092 1853 homo
1105 1787 1234 1873 doctus,
1255 1790 1309 1871 qni
1318 1788 1540 1852 Melanthouis
1555 1786 1697 1850 aaruuiua
1708 1785 1813 1851 denuo
1827 1786 2030 1872 collegisset.
2058 1789 2146 1855 Nam
2159 1790 2256 1857 liber:

263 1907 431 1991 „Philippi
442 1903 665 1969 Melanthonis
678 1906 944 1989 epigrammatum
962 1904 1034 1970 libri
1046 1906 1106 1985 vt,
1119 1905 1275 1990 recogniti
1288 1916 1323 1971 et
1336 1905 1422 1969 aucti
1438 1923 1458 1967 a
1472 1902 1513 1967 D.
1527 1900 1651 1967 launna
1671 1898 1823 1985 Maiore,
1842 1906 2030 1991 lonchimo''
2050 1904 2085 1991 [i.
2099 1925 2129 1972 a.
2142 1907 2174 1970 iu
2188 1926 2255 1993 op-

306 1993 417 2077 pidulo
429 1990 660 2055 loaohimsthal
674 1991 778 2074 natu].
821 1991 949 2057 witot.
964 1992 1057 2057 ¹5⁷5.
1079 1992 1113 2055 8.

223 2131 285 2175 non
299 2112 392 2195 plnra
406 2110 507 2174 habat
519 2125 615 2190 quam
627 2105 822 2173 Vincentius
835 2107 940 2189 dedit,
962 2117 998 2171 et
1013 2108 1056 2171 nil
1075 2115 1129 2169 est
1146 2104 1208 2170 nisi
1220 2102 1383 2170 lfruoentii
1405 2107 1485 2171 liber
1498 2099 1542 2169 ad
1554 2106 1691 2195 verbnm
1704 2124 1869 2173 recusum.
1912 2106 2031 2191 Neque
2044 2106 2151 2171 Maior
2170 2127 2254 2172 ver-

223 2197 333 2261 bulum
352 2192 519 2278 praelatus
539 2202 610 2270 est,
634 2193 694 2255 aed
711 2193 819 2257 recudi
838 2195 963 2271 curavit
985 2192 1172 2277 simpliciter
1183 2191 1345 2255 Vincentii
1365 2193 1535 2276 epistolam
1557 2190 1789 2257 dedicatoriam
1810 2192 2036 2258 adalbertum
2057 2191 2256 2259 liridaricum

221 2280 455 2347 llarchionem.
499 2276 576 2341 Nou
589 2280 810 2343 neceesarium
823 2279 922 2363 igitur
936 2278 1013 2343 mihi
1030 2279 1137 2341 visum
1153 2287 1223 2361 est,
1243 2287 1373 2359 praeter
1388 2278 1592 2343 vincentium
1605 2279 1703 2342 edam
1717 2278 1852 2343 Maioris
1869 2280 1986 2344 librum
2000 2277 2145 2343 laudare.

349 2396 493 2461 Prorsus
504 2403 613 2459 autem
627 2394 747 2458 nullius
764 2394 857 2477 pretii
868 2402 947 2460 aunt
960 2393 1030 2459 libri
1043 2390 1167 2477 (inpleri
1180 2402 1215 2458 et
1228 2390 1418 2477 Hegelnarli.
1460 2395 1553 2457 lllins
1571 2394 1652 2456 liber
1663 2394 1764 2458 habet
1782 2394 2044 2475 imortprioaen:

267 2514 536 2598 „Epigrammata
555 2510 640 2573 Rev.
661 2521 695 2573 at
716 2508 932 2573 clarissumi
955 2509 996 2574 n.
1016 2509 1102 2573 Phil.
1125 2510 1347 2573 Melanthonis
1365 2507 1463 2574 ιἰιιιιι
1482 2514 1598 2593 parler
1621 2498 1816 2575 Gnteclirrirr'
1835 2508 2006 2592 [[ιιιιιιοιί,
2028 2510 2112 2575 satis
2132 2510 2258 2594 inepte]

308 2599 446 2661 collecta
458 2607 492 2660 et
506 2590 685 2675 diitribnta,
700 2614 800 2677 opera
812 2605 846 2660 et
863 2595 969 2659 studio
987 2592 1119 2658 loannis
1129 2592 1265 2679 chleri,
1279 2596 1412 2658 verbum
1426 2595 1489 2659 Dei
1503 2595 1650 2660 docentis
1665 2596 1793 2693 stetini.
1819 2594 1939 2662 Stetiui
1952 2594 2108 2664 enlm.
2123 2596 2259 2662 8.tnin.‘'

222 2718 330 2781 liuius
343 2715 424 2778 liber
442 2712 541 2777 habet
552 2711 694 2777 titulum:

266 2831 537 2919 „Epigrammata
558 2828 642 2892 Phil.
664 2826 884 2893 Melanthouia
902 2824 1091 2909 selectiora,
1113 2829 1260 2893 lemelia
1281 2847 1432 2911 precum,
1453 2828 1615 2908 historiis,
1642 2828 1833 2912 paraphrasi
1849 2828 2006 2895 dictamni
2023 2828 2204 2893 divmarum
2224 2839 2261 2895 et

308 2915 482 2982 sententiis
498 2914 703 2996 gravissimis
721 2915 862 2976 maximo
876 2914 1034 2996 iusignia,
1057 2933 1101 2976 ex
1113 2915 1200 2978 adito
1215 2915 1491 2997 Epigrammatnm
1510 2915 1617 2978 libello
1638 2914 1855 2999 [vincentii],
1879 2926 1917 2981 et
1935 2914 2067 2981 aliunde
2088 2924 2258 2997 excerpta,

309 3007 346 3066 ιιι
366 2999 477 3085 pneris
497 3000 532 3063 in
557 2997 616 3077 piu
636 2996 839 3061 instinctione
858 2998 995 3081 proponi
1014 3002 1046 3063 el
1068 2997 1227 3064 inculcari
1251 2998 1394 3083 poreint,
1423 3034 1465 3051 -·
1494 3001 1635 3067 collecta
1655 3020 1675 3064 a
1697 2999 1743 3067 bl.
1765 2998 1866 3065 Petro
1885 2997 2088 3085 flagellando,
2114 2999 2262 3065 hectore

309 3087 425 3153 Theol.
440 3084 597 3169 Ripieusi.
638 3081 791 3148 Francos.
804 3084 845 3148 ad
858 3086 905 3148 Μ.
923 3082 1017 3149 158³.
1039 3086 1089 3149 8.”
2322 3090 2326 3095 ’

224 3204 319 3286 Quae
332 3200 410 3267 dixit
423 3196 576 3286 „alicnde
590 3194 787 3283 excerpent
801 3220 841 3264 ca
852 3210 930 3264 snut
940 3201 996 3264 uel
1010 3202 1151 3266 carmina
1164 3201 1308 3286 aliorum,
1321 3203 1376 3265 vel
1389 3204 1595 3285 precationes
1608 3201 1830 3269 Melanthonia
1841 3203 1987 3267 οιιιιιιιιιο
1997 3218 2096 3284 prosa
2106 3202 2261 3287 scriptae.

352 3320 470 3382 bibroa
479 3318 576 3401 igitur
590 3315 769 3398 Grathusii,
791 3315 943 3393 Maioris,
965 3315 1097 3403 cogieri
1112 3329 1146 3383 et
1159 3317 1346 3402 uegetnnnt
1358 3321 1481 3383 missos
1502 3320 1584 3403 leui,
1606 3328 1639 3383 et
1655 3329 1780 3384 tantum
1799 3318 1896 3383 citavi
1912 3316 2109 3401 farraginem
2124 3318 2262 3402 Sacerii,

224 3424 324 3490 opera
337 3405 419 3467 Mal.
432 3402 635 3466 Basileensia
650 3411 685 3464 et
697 3401 810 3465 librum
824 3401 998 3470 vincentii.
1038 3402 1157 3486 Neque
1173 3402 1258 3487 apud
1275 3404 1444 3467 Secerium
1459 3422 1566 3488 neque
1580 3403 1665 3487 apud
1675 3405 1881 3469 vincentium
1892 3405 2034 3486 paginae
2047 3404 2102 3467 vel
2117 3405 2262 3469 earmina

223 3494 345 3558 bahem
360 3504 529 3571 numeros,
549 3486 688 3568 ideoque
699 3490 836 3570 paginas
850 3488 977 3553 Secarii
989 3501 1101 3553 notare
1118 3508 1182 3553 noo
1197 3491 1304 3572 potui,
1327 3491 1489 3554 vincentii
1503 3499 1612 3554 antem
1626 3491 1723 3575 libro,
1745 3492 1865 3573 qnippe
1880 3488 1962 3552 lonti
1979 3490 2139 3572 primario,
2159 3492 2261 3574 pagi·

224 3596 287 3643 naa
298 3574 475 3658 adscripsi,
496 3583 533 3637 nt
546 3585 698 3637 accurate
711 3572 772 3636 dici
786 3585 915 3655 posset,
938 3592 1002 3657 qno
1016 3576 1089 3639 loco
1104 3576 1303 3659 epigramma
1316 3576 1469 3659 quodque
1483 3577 1622 3659 legatur.

354 3692 406 3756 De
421 3688 532 3754 ordina
545 3690 600 3751 vel
614 3689 700 3752 serie
713 3689 889 3753 carminum
902 3694 1038 3775 primum
1051 3691 1264 3755 haesitabam.
1307 3693 1423 3773 Aeque
1445 3694 1530 3756 enim
1543 3688 1675 3756 dilllcile
1686 3691 1857 3755 videbatur
1879 3704 1921 3750 aa
1940 3684 2115 3771 disponere
2135 3708 2261 3754 secuu-

224 3780 301 3845 dum
315 3786 557 3863 argumentum,
577 3772 810 3838 sesecundum
823 3777 942 3838 seriem
956 3794 1122 3840 annorum.
1166 3775 1367 3857 Quibusdam
1379 3776 1506 3860 quidem
1522 3779 1716 3841 carminibus
1731 3774 1926 3841 Vincentius
1947 3774 1979 3835 ln
1993 3778 2139 3861 margine
2152 3776 2261 3858 adpo·

225 3868 292 3931 suit
304 3883 421 3929 anuum
435 3878 546 3925 eorum
559 3860 721 3942 nativum,
742 3858 802 3922 aed
815 3862 940 3943 paucis.
985 3860 1180 3925 (irathusins
1196 3861 1355 3944 disposuit
1368 3862 1500 3945 quidem
1514 3865 1657 3926 carmina
1670 3866 1702 3925 in
1719 3873 1787 3926 tres
1802 3861 1912 3938 libros,
1934 3861 2053 3939 quibua
2069 3862 2262 3925 Vincentius

224 3963 292 4017 trea
303 3961 474 4049 praeterea
487 3944 618 4045 addidit,
639 3944 701 4008 aad
717 3959 1094 4093 nequqtargumentornm
1107 3964 1383 4045 nequeaunornm
1398 3947 1591 4012 discriminis
1603 3951 1689 4049 insta
1703 3949 1812 4011 habita
1824 3954 1877 4008 est
1889 3946 1979 4009 ratio.
2024 3947 2172 4031 Denique
2182 3948 2262 4010 mihi

224 4034 985 4217 tlt'tt'ltt‘tttttt'tthttt’mttt:
998 4032 2042 4204 :tttttntt‘tltu‘thtttatttt'ttttttthtttt't.
2061 4028 2262 4180 hatte

224 4223 316 4284 ntus,
338 4221 478 4267 nemeae
490 4212 561 4284 eat,
582 4220 688 4264 omnia
699 4219 783 4284 qnae
797 4202 953 4267 socerina
968 4201 1076 4287 dedit,
1097 4215 1171 4268 aute
1186 4222 1305 4267 anuum
1320 4203 1433 4286 tetta,
1455 4209 1492 4268 et
1508 4206 1614 4267 omnia
1628 4222 1712 4287 quae
1734 4206 1766 4265 iu
1778 4201 2002 4266 hlalauthonis
2022 4200 2172 4283 operibus
2187 4201 2263 4264 Ba·

224 4289 421 4356 aileensibus
434 4288 585 4369 leguntur
597 4296 672 4349 aute
683 4305 831 4351 mensem
842 4288 1031 4372 Augustum
1046 4291 1120 4353 anni
1135 4288 1229 4353 lbdl.
1244 4289 1365 4373 scripta
1379 4309 1468 4354 ease.
1498 4290 1663 4373 optimum
1676 4290 1772 4372 igitur
1784 4290 1893 4351 visum
1906 4295 1960 4349 ast
1973 4288 2161 4351 carminula
2174 4304 2263 4369 qua-

224 4387 297 4442 tuor
310 4377 410 4439 libros
428 4372 618 4454 disponere,
639 4375 911 4455 quorumprimus
927 4375 1653 4459 complectiturcarminaantaannum1522,
1675 4374 1841 4439 secundus
1861 4373 2004 4435 carmina
2023 4371 2097 4435 inde
2116 4373 2158 4435 ab
2176 4390 2263 4436 anuo

225 4462 321 4527 1527.
332 4477 438 4542 usqne
450 4455 496 4521 ad
511 4473 630 4521 aunum
646 4455 741 4521 1540.
757 4458 892 4539 scripta,
914 4461 1030 4522 tertius
1044 4460 1277 4545 epigrammata
1295 4464 1338 4526 ab
1353 4480 1405 4525 an.
1422 4460 1662 4525 teat-ttae.
1675 4461 1782 4542 laeta,
1803 4468 1836 4522 et
1851 4468 1987 4541 quartus
2007 4476 2068 4537 aa,
2088 4456 2265 4541 dequibus

224 4546 350 4613 deliniri
362 4564 426 4609 nou
439 4541 574 4628 poterit,
591 4559 654 4624 qno
670 4551 817 4624 tempora
828 4544 949 4625 scripta
965 4544 1040 4610 sint.

351 4660 504 4729 camna
517 4656 659 4723 nondum
673 4654 780 4740 edita,
801 4670 867 4725 ata
881 4660 974 4726 uobis
990 4680 1033 4727 ex
1052 4660 1142 4728 libris
1154 4662 1383 4746 manuscriptis
1401 4663 1537 4747 hausta,
1557 4664 1655 4749 signo
1667 4661 1691 4746 ᾖ
1704 4660 1899 4727 monuimus.
1925 4744 1928 4749 Ι

311 4840 484 4927 (lethae,¹
517 4838 550 4906 d.
566 4838 619 4907 2⁹.
641 4836 741 4905 atne
764 4836 860 4907 tata

1576 5086 2112 5187 ltr'etachnotdcr.
