4748 6022
174 357 251 434 ⁹33
631 353 949 448 ALLOQUIA
998 356 1073 432 ΕΤ
1123 350 1355 433 BREVES
1407 348 1762 467 CONClONES.
2135 365 2210 439 984

214 577 216 581 v
278 529 429 622 Agimus
448 529 559 621 igitur
579 530 710 622 gratias
733 530 838 601 etiam
864 529 1041 600 illustriss.
1056 529 1164 599 Prin·
1186 531 1191 551 '
1215 526 1426 618 opinionum
1445 549 1485 596 ac
1499 552 1651 614 morum,
1666 542 1701 601 et
1717 528 1864 620 indigna
1879 545 1931 603 est
1945 548 2072 606 natura
2087 529 2206 608 homi-

175 635 267 729 cipi,
298 631 393 705 Duci
415 631 591 703 Saxoniae
621 632 748 703 loanni
777 630 961 702 Friderico
995 630 1163 718 Electori,
1214 629 1289 716 nis,
1314 644 1348 700 et
1363 627 1439 699 Deo
1455 630 1636 721 displicet,
1663 645 1699 702 et
1724 633 1819 722 parit
1843 634 2005 725 ingentes
2022 638 2203 710 calamita-

175 739 272 833 quod
297 758 377 807 cum
404 735 578 823 singulari
605 735 734 827 pietate
756 735 955 804 doctrinam
980 735 1162 824 religionis
1216 745 1277 803 tes.
1338 729 1459 821 Quare
1498 735 1739 822 magistratus,
1778 739 1984 826 praesertim
2024 742 2196 829 eruditus,
2304 799 2306 802 .

174 854 316 911 tueatur
340 851 375 908 et
398 839 496 908 velut
517 833 712 929 hospitium
747 833 953 932 exrrlanti²)
984 835 1163 908 Ecclesiae
1213 857 1350 904 summa
1365 859 1469 919 cura,
1495 834 1667 925 singulari
1683 837 1833 908 consilio
1848 853 1952 933 atque
1968 855 2042 911 arte
2059 844 2199 927 flectere

173 944 350 1035 praebeat.
408 937 589 1030 Rogamus
611 938 747 1024 Deum,
781 953 821 1009 ut
847 940 1001 1009 vicissim
1021 937 1162 1009 Princi-
1213 936 1352 1006 animos
1367 939 1472 1008 debet
1498 941 1541 1007 ad
1564 940 1681 1027 legum
1696 965 1853 1010 amorem
1869 955 1974 1035 atque
1990 946 2198 1036 admiratio-

173 1069 254 1137 pem
279 1045 396 1134 ipsum
421 1056 456 1113 et
481 1036 573 1112 hanc
594 1041 768 1112 ditionem
795 1043 961 1112 defendat
985 1068 1024 1112 ac
1048 1055 1162 1112 servet
1213 1062 1308 1109 nem.
1349 1037 1446 1109 Haec
1462 1063 1542 1109 cum
1557 1042 1691 1130 cogito,
1707 1055 1740 1112 et
1754 1067 1833 1112 cnm
1849 1045 2052 1126 considero,
2067 1062 2198 1139 quanta

173 1146 418 1240 tranquillam.
471 1142 620 1235 Agimus
654 1145 738 1214 item
771 1145 900 1233 gratias
933 1145 1160 1215 ornatissimo
1212 1141 1257 1210 sit
1277 1141 1315 1210 in
1333 1136 1463 1212 scholis
1483 1136 1552 1212 hoc
1569 1157 1726 1235 ternpore
1743 1148 1962 1236 perturbatio
1979 1148 2199 1239 disciplinae,

173 1249 252 1317 viro
284 1249 432 1318 domino
456 1242 634 1332 Antonio,
670 1248 783 1336 legato
813 1247 1028 1317 nobilissimi
1050 1245 1160 1337 Regis
1212 1257 1342 1337 quanta
1357 1244 1520 1329 licentia,
1545 1246 1681 1336 ingenti
1697 1248 1819 1316 dolore
1836 1249 1981 1322 afficior.
2032 1248 2087 1321 Ac
2106 1248 2198 1322 mihi

174 1349 344 1441 Angliae,
378 1349 535 1441 cupienti
570 1372 762 1439 propagare
782 1362 817 1419 et
848 1374 975 1418 ornare
997 1348 1161 1439 Evange-
1211 1345 1281 1414 iam
1305 1340 1495 1417 horribiles
1517 1371 1647 1438 poenas
1677 1348 1877 1441 prospicere
1899 1351 2019 1420 animo
2056 1353 2197 1441 videor,

172 1452 276 1525 lium.
328 1449 468 1521 Deinde
490 1451 626 1541 agimus
646 1451 774 1537 gratias
791 1465 824 1520 et
840 1453 1026 1541 magnifico
1043 1451 1160 1522 domi-
1211 1448 1341 1541 quibus
1355 1446 1452 1520 Deus
1476 1444 1567 1520 hanc
1589 1453 1847 1521 contumaciam
1864 1452 1998 1543 puniet.
2050 1452 2198 1548 Semper

173 1578 220 1623 no
245 1552 481 1639 Vicerectori,
494 1627 496 1631 ,
509 1554 713 1623 doctoribus
739 1547 955 1644 theologicae
983 1554 1160 1625 facultatis
1211 1551 1307 1618 enim
1325 1551 1594 1622 dissolutionem
1611 1554 2008 1645 publicamdisciplinao
2024 1555 2063 1624 in
2079 1558 2198 1627 omni-

172 1657 303 1725 nostris
318 1656 621 1748 praeceptoribus,
646 1654 775 1723 deinde
791 1671 983 1727 ceterarum
1011 1658 1159 1726 faculta-
1210 1653 1276 1721 bus
1291 1651 1501 1746 Rebuspub.
1526 1671 1665 1727 secutae
1690 1671 1774 1727 sunt
1794 1658 1949 1726 exitiales
1969 1659 2195 1734 mutationes.

172 1770 250 1828 turn
276 1759 436 1827 omnium
460 1757 737 1850 professoribus,
777 1760 1003 1828 auditoribus
1027 1773 1063 1828 et
1085 1784 1159 1827 ma-
1211 1752 1334 1848 ltaque
1359 1757 1422 1826 etsi
1449 1758 1624 1826 malebam
1647 1755 1705 1827 hic
1731 1762 1775 1828 de
1809 1758 1926 1848 legum
1953 1759 2124 1849 dignitate
2159 1777 2196 1834 et

172 1860 309 1950 gistris,
335 1855 536 1952 hospitibus
553 1885 592 1929 ac
610 1856 847 1944 scholasticis,
874 1875 910 1930 et
926 1862 1076 1950 singulis
1091 1885 1159 1929 no·
1210 1856 1314 1926 laude
1337 1859 1472 1928 dicere:
1503 1873 1618 1929 tamen
1641 1864 1794 1954 quadam
1817 1862 1853 1928 vi
1871 1861 2006 1931 doloris
2022 1863 2194 1951 adducor,

170 1975 241 2031 stra
264 1944 395 2046 officia,
422 1963 543 2055 siqua
569 1964 607 2030 in
635 1987 671 2029 re
691 1975 830 2050 gratum
854 1962 929 2030 fieri
954 1964 1003 2032 eis
1018 1989 1037 2032 a
1054 1963 1157 2032 uobis
1209 1974 1249 2029 ut
1271 1960 1382 2050 magis
1404 1962 1589 2052 deplorare
1611 1977 1743 2032 tantam
1766 1988 1906 2032 morum
1930 1964 2193 2054 corruptionem

169 2063 319 2154 poterit,
347 2065 550 2135 deferimus.
600 2059 696 2131 Dixi.
1033 2117 1036 2127 ,
1210 2083 1325 2149 cogar.
1376 2063 1471 2133 Deus
1492 2064 1569 2134 vult
1588 2087 1653 2134 suo
1676 2066 1783 2134 verbo
1806 2067 1879 2155 regi
1906 2060 2085 2152 homines,
2111 2067 2192 2137 ideo

540 2211 548 2227 .
653 2157 656 2163 ’
915 2215 923 2230 .
1042 2216 1050 2232 .
1209 2163 1303 2252 leges
1316 2165 1439 2252 dedit,
1452 2179 1486 2235 et
1501 2161 1687 2236 hominurn
1701 2182 1820 2237 coetus
1840 2168 2194 2257 consociavit,prae-

274 2209 332 2283 14‘
350 2210 568 2301 septembm
591 2236 686 2281 ΜΟ
712 2208 822 2287 ¹535·
841 2210 959 2283 hama
978 2213 1158 2286 thtem-
1208 2264 1292 2335 fecit
1304 2267 1528 2356 magistratus
1542 2268 1659 2357 legum
1677 2270 1856 2348 custodes,
1873 2270 2012 2339 addidit
2028 2256 2193 2341 etEvan-

1209 2361 1341 2455 galium
1364 2391 1484 2454 suurn,
1511 2393 1550 2438 ac
1567 2371 1754 2461 praecipue
1776 2372 1996 2441 iuventutern
2013 2372 2089 2441 vult
2104 2373 2193 2442 alie-

1209 2493 1256 2538 no
1289 2469 1423 2540 iudicio
1453 2485 1558 2565 atque
1586 2472 1735 2542 arbitrio
1768 2473 1971 2563 gubernari.
2031 2473 2192 2547 instituit

1209 2565 1365 2656 scholas,
1390 2573 1454 2650 uhi
1468 2574 1705 2644 adolescentia
1728 2575 1906 2645 excolatur
1921 2576 2101 2661 doctrina,
2126 2579 2191 2647 ubi

1208 2673 1358 2742 studiosi
1386 2675 1524 2745 discant
1553 2689 1699 2767 propter
1724 2678 1940 2747 voluntatem
1968 2674 2057 2762 Dei,
2089 2691 2191 2751 utet

184 2804 250 2873 No·
269 2803 327 2874 17·
982 2838 1030 2874 an.
1052 2816 1143 2878 1537·
1207 2797 1281 2843 sese
1297 2789 1332 2844 et
1348 2776 1436 2846 alios
1453 2777 1596 2848 erudire
1611 2779 1765 2869 possint,
1792 2793 1826 2849 et
1842 2794 2051 2850 conservent
2067 2781 2103 2848 in
2120 2797 2190 2851 ter·

131 2926 133 2930 ,
173 2899 344 2929 νοω
977 2905 1148 2932 νοω
1208 2877 1256 2944 ris
1272 2878 1421 2947 verbum
1438 2875 1524 2960 Dei,
1553 2880 1663 2970 leges,
1688 2895 1721 2949 et
1744 2903 1865 2950 omnes
1886 2894 1977 2951 artes
2003 2885 2094 2952 vitae
2116 2884 2189 2952 uti-

1067 2972 1071 2980 ’
1206 2979 1268 3050 les.
1322 2977 1420 3067 Quid
1445 2976 1512 3051 hoc
1532 2985 1658 3053 ordine
1681 2982 1807 3052 melius
1834 3006 1873 3052 ac
1892 2977 2075 3073 pulchrius
2093 2987 2189 3075 cogi-

1208 3080 1275 3148 tari
1295 3084 1433 3170 potest?
1472 3075 1555 3154 ‘sea
1576 3086 1621 3154 ad
1650 3081 1742 3154 hauc
1768 3086 1958 3174 imaginem
1990 3104 2196 3176 comparate

169 3186 298 3255 oratio
331 3188 501 3255 Rectus-ia
533 3180 648 3253 Acad.
679 3182 805 3255 Witeb,
843 3193 932 3257 ante
961 3187 1156 3262 lectionem
1208 3204 1337 3274 quaeso
1356 3179 1495 3253 scholas
1509 3181 1615 3256 huius
1629 3188 1760 3255 aetatis.
1812 3185 2005 3280 Nunquam
2023 3189 2188 3261 iuventus

470 3293 720 3376 statutorum,
749 3284 860 3360 1537.
1207 3295 1278 3351 tam
1300 3284 1487 3402 impatiens
1510 3287 1627 3377 legum
1653 3302 1687 3356 et
1701 3289 1907 3378 disciplinae
1932 3285 2026 3375 fuit,
2044 3316 2189 3380 prorsus

1206 3405 1270 3453 suo
1293 3386 1459 3479 arbitrio,
1485 3413 1559 3457 non
1581 3389 1719 3473 alieno,
1746 3393 1823 3459 vult
1847 3391 1976 3463 vivere.
2029 3393 2188 3464 Verbum
2214 3437 2219 3448 ·

1205 3483 1271 3555 Dei
1289 3501 1322 3556 et
1337 3489 1429 3577 leges
1445 3491 1561 3558 surdis
1579 3490 1723 3558 auribus
1738 3492 1899 3559 audiunt.
1935 3489 2017 3560 Non
2034 3495 2189 3582 cogitant
2295 3535 2299 3543 ·

1204 3589 1447 3678 magistratum
1465 3590 1638 3660 divinitus
1653 3593 1737 3683 ipsis
1760 3592 1965 3683 impositum
1983 3618 2068 3666 esse.
2119 3596 2188 3667 So·

1204 3690 1316 3759 lidam
1339 3705 1373 3761 et
1396 3692 1567 3782 integram
1602 3696 1800 3763 doctrinam
1827 3695 2107 3789 quotusquisque
2128 3723 2188 3767 ex·

1204 3795 1313 3885 petit?
1365 3793 1520 3883 Quidam
1557 3799 1750 3887 decerpunt
1784 3797 1919 3890 aliquid
1962 3822 2002 3867 ex
2041 3801 2189 3886 artibus,

269 2315 396 2401 bergae
421 2313 459 2380 in
475 2313 547 2382 mei
569 2328 601 2384 et
620 2310 814 2409 leronymi
828 2311 996 2390 Wellsri
1013 2342 1158 2411 promo·

269 2413 366 2483 tione
380 2412 594 2486 Doctoratus
612 2413 886 2508 Theologiae³).

237 3023 267 3076 lu
282 3021 443 3092 Quaestion.
461 3022 494 3076 ab
509 3020 598 3075 Ebero
615 3021 693 3076 editis
706 3040 732 3094 p.
747 3019 822 3078 1671»
834 3040 894 3093 sqq.

165 3420 257 3505 Non
284 3449 336 3505 est
360 3436 509 3505 obscura
533 3459 654 3521 causa,
681 3462 790 3530 quare
805 3438 1007 3509 institutum
1024 3442 1088 3525 sit,
1113 3457 1153 3512 ut

167 3538 306 3629 saepius
330 3538 526 3608 recitentur
550 3534 761 3608 Academiae
784 3541 886 3627 leges.
945 3540 1151 3614 Curandum

167 3652 219 3708 est
245 3638 359 3722 enim,
384 3655 424 3709 ut
443 3636 517 3719 his,
544 3641 607 3732 qui
630 3653 732 3709 antea
755 3665 830 3709 non
854 3643 1068 3716 audiverunt
1084 3670 1152 3731 eas,

164 3754 273 3810 notae
293 3741 401 3826 fiant,
432 3742 562 3832 nequi
586 3742 753 3813 labantur
777 3744 988 3833 ignorantia.
1039 3745 1086 3819 Et
1112 3751 1152 3819 in

169 3844 375 3911 universum
394 3845 554 3932 prodest,
582 3867 684 3934 saepe
702 3847 808 3917 etiam
827 3845 1152 3938 voceMagistratus

165 3944 352 4014 admoneri
374 3968 497 4013 omnes
519 3947 563 4013 de
584 3946 702 4035 legum
723 3949 912 4037 dignitate,
945 3967 978 4020 et
999 3957 1151 4022 necessi·
1204 3898 1297 3989 quod
1322 3898 1366 3965 ad
1391 3913 1573 3990 quamum
1599 3913 1716 3988 ''⁰⁵²⁰‘'
1739 3901 2188 3992 ⁶⁰nfer³¹¹t’·³liip⁹⁰‘·⁵¹¹⁸

1095 4057 1103 4073 ,
1203 3994 1297 4067 nihil
1314 3999 1466 4074 discunt.
1518 3997 1591 4074 Vix
1605 4001 1671 4070 ulli
1688 4003 1860 4091 cogitant,
1886 4024 1948 4071 sua
1966 4004 2082 4073 studia
2105 4027 2188 4097 per-

165 4061 256 4128 tate‚
283 4048 326 4115 de
345 4046 552 4139 disciplina,
586 4063 619 4116 et
641 4049 685 4117 de
711 4051 933 4135 obedientia,
959 4079 1065 4147 quam
1093 4082 1150 4127 ru·
1202 4100 1374 4170 tinem
1395 4102 1544 4189 gloriam
1560 4102 1644 4188 Dei,
1671 4101 1946 4188 adEcclesiam,
1972 4106 2016 4174 ad
2040 4107 2189 4194 posteri,

166 4162 293 4220 venum
316 4151 419 4219 debet
439 4150 575 4241 legibm
598 4165 744 4241 pmpm
768 4150 897 4224 Deum
956 4152 1021 4227 Est
1055 4159 1150 4276 enim
1203 4215 1322 4272 tatem.
1373 4200 1470 4273 Haec
1494 4206 1706 4294 negligentia
1729 4231 1808 4275 curn
1831 4231 1896 4298 per
1921 4230 1994 4275 sese
2016 4208 2062 4277 sit
2081 4231 2187 4298 grave

167 4253 280 4343 prima
296 4252 427 4336 virtus,
454 4247 604 4371 ethaud
628 4255 736 4323 dubie
758 4257 880 4327 nutrix
903 4259 1054 4329 aliarum
1077 4286 1151 4330 v1r-
1203 4304 1397 4394 flagitium,
1422 4319 1539 4376 ,amen
1562 4309 1674 4397 εἰμὴ
1698 4308 1766 4378 ³15,
1790 4323 1929 4398 peccat,
1952 4310 2074 4401 plum,
2103 4311 2188 4404 quia

166 4367 306 4437 tulum,
332 4370 623 4444 reveressflwssi
645 4357 747 4446 ¹⁶8⁰&
800 4358 920 4447 Qum
944 4357 1029 4432 haec
1049 4388 1146 4454 Prae·
1203 4407 1322 4476 ocium
1348 4408 1441 4498 parit
1467 4408 1570 4481 vicia.
1625 4405 1756 4481 Schola
1788 4412 1938 4480 debehat
1972 4411 2086 4501 imago
2115 4436 2188 4482 esse

124 4484 126 4489 ’
168 4479 270 4545 “¹9⁰³
299 4478 382 4524 cura
414 4481 575 4526 ⁰mn¹⁰m
603 4456 895 4548 M³g¹⁵t¹³¹u⁰m’
928 4489 1151 4558 mumque
1203 4504 1564 4592 coelestisEcclesiae,
1591 4512 1673 4605 quia
1690 4513 1741 4581 ibi
1756 4528 1885 4583 sonant
1902 4514 2088 4606 praecipue
2107 4538 2187 4585 ver·

167 4557 624 4673 eruditorum-essedeben
652 4576 691 4630 ut
715 4566 875 4634 assuefiat
897 4564 1150 4639 iuventusho-
1201 4611 1287 4682 bum
1312 4608 1381 4682 Dei
1405 4613 1562 4703 alege&
1615 4612 1658 4683 qn
1680 4610 2188 4686 scholamntsemimrifflc·

166 4658 456 4727 nortficesentrre
478 4660 521 4728 de
544 4661 698 4751 legibus,
725 4667 768 4735 de
795 4667 962 4760 imperio,
987 4673 1031 4740 de
1048 4687 1151 4742 auto·
1204 4713 1329 4781 desine
1355 4729 1388 4784 e,
1409 4711 1654 4805 Imperium0
1713 4715 1834 4805 Qume
1859 4715 1992 4805 optima
2015 4718 2186 4800 domm

166 4774 271 4831 ritate
294 4773 574 4848 magistratuum.
633 4763 723 4834 Nam
750 4782 916 4840 iuventus
940 4775 1151 4844 naturaliter
1203 4813 1347 4905 optimis
1377 4816 1536 4887 moribus
1565 4819 1741 4889 assuefieri
1765 4819 1986 4885 immunem
2016 4819 2186 4908 oportun,

168 4861 245 4933 ⁰dit
267 4863 386 4952 legum
404 4862 564 4942 vincula’
592 4876 626 4932 et
651 4871 877 4957 ‘inmundam
901 4886 996 4943 ‘³⁰¹³
1020 4888 1072 4944 ⁰⁵²
1099 4876 1151 4944 fe·
1203 4915 1293 4984 utin
1310 4911 1465 5005 Ecclesia
1482 4919 1660 4988 illustrare
1680 4917 1828 5007 gloriam
1844 4914 1931 4999 Dei,
1953 4916 1991 4986 'et
2008 4917 2044 4988 in
2061 4917 2186 5012 Repu-

166 4964 526 5056 1⁰⁰3³2⁰²¹l¹¹³¹¹d³¹¹¹
544 4965 766 5039 fmffludinss
782 4971 1152 5093 ¹³Ud⁸m⁰⁵⁵⁰du⁰f¹m
1203 5015 1296 5085 blica
1318 5018 1408 5087 tueri
1431 5034 1637 5089 ornamenta
1662 5015 1838 5088 humanae
1859 5019 2034 5092 societatis
2058 5038 2185 5113 posset,
2233 5087 2236 5093 .

166 5079 407 5172 f⁰n¹⁰mpmm
427 5067 545 5157 l‘gum
567 5080 601 5138 εἰ
623 5089 774 5158 mpetu·
826 5070 924 5142 Haec
951 5090 1152 5146 ¹mm³⁰¹¹³⁸
1207 5117 1359 5200 iudicia,
1393 5114 1559 5191 honestos
1593 5145 1726 5204 moses,
1766 5144 1903 5211 pacem,
1938 5123 2185 5193 educationem

1205 5233 1309 5313 atque
1323 5220 1866 5298 institutionemladolescentiae.
1917 5219 1975 5295 Ad
1994 5220 2058 5294 has
2071 5239 2187 5297 tantas

199 5313 229 5382 ί)
253 5311 323 5367 Οῠδ·
338 5311 393 5368 ⁰¹²·
406 5310 484 5365 ΗΜ
498 5313 655 5377 exstimat,
673 5331 703 5367 θ’
716 5314 826 5370 Μᾶο·
1204 5344 1261 5391 res
1285 5326 1487 5414 praeparari
1510 5348 1572 5394 vos
1593 5324 1690 5397 Deus
1710 5326 1748 5395 in
1772 5320 1902 5396 scholis
1930 5327 2053 5400 voluit.
2103 5327 2185 5398 Non

125 5390 132 5400 ’
199 5397 2184 5550 ³>sensatarum.astatadstat....⁰:51deserumeonsssioinaeademuseduna

234 5536 537 5608 minuscularum,
555 5537 622 5611 svp.
638 5536 883 5612 Neonturgeusts.
1203 5527 1406 5615 vocatione,
1432 5543 1465 5601 et
1487 5527 1721 5626 Reipublicae
1736 5530 1982 5616 ordinatione,
2008 5533 2091 5626 qnia
2110 5547 2186 5606 stu·

1256 5623 1348 5733 *ss*
