4748 6022
227 139 304 218 2l9
587 124 841 207 SCRIPTA
872 123 946 204 All
981 123 1177 205 Vl‘l'AM
1205 119 1275 203 ΕΤ
1307 126 1546 210 ΟΒιΤιιΜ
1579 132 1879 219 MEbAN'l’ll.
2178 147 2256 225 220

231 316 331 385 illios
355 306 499 387 ultima,
529 327 611 373 nam
634 326 675 374 ea
696 327 804 398 qnam
829 304 872 373 ad
907 300 1087 376 Paschatis
1119 303 1215 374 diem
1240 309 1245 335 ¹
1267 308 1385 378 bendo
1401 309 1572 394 absolvit,
1594 312 1689 404 quod
1707 314 1873 386 ultimum
1892 328 1944 387 est
1959 340 1999 388 ex
2021 315 2067 390 iis
2098 341 2190 413 qnae
2212 320 2261 389 ad

232 413 471 485 meditabatur
498 407 665 496 impedita
690 407 777 485 fuit,
809 421 849 475 ut
873 419 992 497 postea
1014 408 1219 489 referemus,
1271 410 1447 498 publicam
1463 411 1646 481 lectionem
1661 416 1821 505 scripsit,
1846 433 1878 490 et
1898 421 2002 513 quale
2016 421 2063 491 sit
2078 444 2158 492 cum
2176 422 2282 493 edi-—

233 520 335 605 Quae
349 513 429 579 ideo
446 509 551 578 ctiam
566 506 940 592 commemoravimus,
955 521 997 578 ιιι
1012 521 1176 578 constans
1184 502 1216 600 ⁰)
1269 524 1344 580 tum
1359 526 1468 597 extet,
1492 512 1644 602 legentes
1662 514 1883 593 iudicabunt.

121 616 133 632 s
231 615 387 697 studium
411 607 518 679 boian
541 608 694 677 navandi
722 630 863 698 operam
882 602 1080 692 Ecclesiae,
1105 621 1139 678 et
1161 630 1218 675 re·
1339 640 1371 708 (5
1406 639 1916 719 ,qv„gmpwpwubpmffim
1935 668 2018 722 qaam
2030 650 2155 707 dedimus
2171 654 2205 709 a
2224 654 2253 714 d·

232 721 299 786 bus
316 712 584 793 communibus,
608 724 642 778 et
665 708 848 796 diligentia
868 708 907 775 in
931 709 1048 777 officio
1073 722 1109 778 et
1131 708 1219 778 assi-
1370 712 1381 763 ¹
1403 750 1412 764 ·
1429 709 1549 780 Aprilis,
1568 729 1648 782 quan
1662 711 1746 783 igitur
1758 715 1802 772 hie
1817 719 2009 788 praetentat.)

232 816 349 887 duitas
373 804 570 884 industriae
596 810 815 879 incredibilis
837 808 948 896 magis
970 809 1220 900 conspiciatur,

233 942 315 989 cum
330 912 418 985 baec
434 914 602 1007 usquead
626 926 821 981 extremum
844 909 1077 1001 praestiterit,
1100 921 1221 981 etsta-
1370 862 1474 935 Hm
1507 880 1624 937 ΝΜ
1658 870 1752 941 diem
1784 875 1987 967 Ριῖὀῖιῦθιῐ1
2011 874 2202 959 Ριιιιιιῑοι
2234 908 2254 953 a

234 1019 389 1099 tionem,
420 1032 526 1108 atque
556 1016 673 1081 locum
699 1036 803 1085 aarum
826 1035 918 1101 pene
938 1013 1094 1082 morien,
1119 1014 1221 1081 da,-
1270 967 1392 1088 multis
1410 969 1481 1037 iam
1496 969 1601 1037 annis
1613 996 1752 1043 servare
1766 976 1921 1064 solebat,
1947 1004 2015 1100 qua
2038 1004 2135 1101 sacra
2157 1008 2257 1055 com-

234 1143 314 1193 rere
333 1118 500 1187 noluerit.
551 1113 619 1199 Die
642 1115 875 1183 enimoctavs
899 1126 978 1204 post
994 1125 1221 1183 mortuusest
1271 1083 1634 1158 ·¹¹¹¹¹¹¹'⁰¹¹⁸¹¹¹²¹⁰¹¹¹¹2
1684 1072 1806 1171 lta‘1¹¹⁶
1827 1081 1874 1148 ‘ld
1891 1098 2257 1154 ⁶⁰⁰⁶¹01¹0¹¹1¹nlem·

200 1206 203 1210 ⁴
235 1236 277 1293 ut
291 1220 515 1301 narrabitur,
538 1240 628 1308 quae
644 1214 833 1285 celebratio
849 1214 892 1283 ad
911 1214 1005 1283 vitae
1018 1214 1129 1305 ipsius
1145 1238 1218 1283 non
1271 1171 1370 1261 plum
1385 1170 1507 1292 f'pl’idi
1525 1173 1754 1296 df⁸fe¹¹dllfl
1771 1182 2021 1302 mylll‘flfflfflfl
2043 1186 2201 1303 ‘⁰19⁰‘ss
2222 1200 2258 1306 ξι

236 1322 363 1391 mortis
377 1315 560 1389 historiam
582 1316 752 1407 pertinet,
779 1329 813 1385 et
833 1316 880 1384 ab
903 1316 982 1385 aliis
1008 1316 1095 1385 alibi
1118 1339 1222 1407 prae·
1272 1295 1453 1362 ⁸³¹¹3¹¹¹¹¹¹⁸
1469 1267 1603 1344 mmm
1625 1278 1766 1367 9¹¹b¹¹⁰⁰
1792 1306 1874 1351 ⁰⁰¹⁰
1898 1285 2022 1355 ¹¹¹¹¹¹l¹⁸
2048 1287 2127 1356 ³¹¹¹⁸
2145 1301 2259 1378 Ριῐῑι·
2293 1366 2298 1373 .

237 1423 400 1513 stabitur.
451 1418 536 1489 Post
558 1419 743 1487 meridiem
766 1416 919 1487 scribere
942 1417 1090 1509 incepit,
1123 1417 1220 1510 quod
1273 1375 1559 1467 ⁰⁰P⁸s³¹⁶¹⁰⁸²⁸¹·
1676 1492 1863 1515 *-

237 1526 295 1594 die
310 1514 498 1593 Pascbatos
518 1544 616 1588 more
633 1514 845 1589 Academiae
866 1531 900 1588 et
914 1513 1092 1589 Ecclesiae
1114 1513 1222 1587 huim

237 1623 433 1695 solenniter
452 1633 722 1712 proponeretur.
782 1618 835 1689 De
860 1620 1005 1689 caeteris
1030 1616 1124 1691 nibil
1146 1642 1222 1687 me·
1375 1610 1466 1683 Cum
1480 1615 1519 1684 in
1535 1615 1707 1707 templum
1724 1618 1950 1689 descenderet
1973 1620 2061 1691 illud
2085 1623 2257 1715 scriptum

235 1726 417 1797 minimus
476 1722 553 1794 Sub
580 1734 721 1791 noctem
750 1712 858 1790 lartius
879 1721 951 1790 diei
974 1722 1068 1793 inter
1088 1744 1221 1790 nonam
1273 1715 1367 1807 quod
1386 1718 1657 1807 proponendum
1672 1716 1825 1788 diximus
1842 1720 1881 1789 in
1898 1721 2076 1792 officinam
2091 1738 2258 1819 typogra-

238 1840 274 1897 et
297 1824 470 1896 decimam
494 1824 598 1893 multi
622 1836 706 1893 sunt
727 1820 796 1890 lide
821 1822 919 1912 digni
945 1818 1126 1904 homines,
1159 1819 1223 1915 qui
1274 1812 1415 1906 phicam
1439 1819 1540 1909 prins
1561 1818 1690 1889 detulit
1719 1844 1826 1911 quam
1848 1824 1892 1891 ad
1915 1824 2085 1914 templum
2108 1827 2256 1899 veniret.

238 1928 417 1997 affirmant
448 1948 485 1994 se
515 1925 554 1993 in
584 1924 741 1993 nubibus
769 1946 875 2014 supra
897 1924 1070 2015 oppidum
1096 1921 1223 1992 Wite-
1273 1915 1431 1988 Ιιοιιιιιιιι
1463 1942 1644 2002 reversus,
1684 1920 1721 1987 in
1756 1923 1907 2014 prandio
1940 1947 2065 2014 parum
2095 1929 2260 2015 comedit,

239 2031 384 2117 bergam
412 2028 632 2095 manifestam
665 2025 814 2114 speciem
838 2025 1018 2115 virgarum
1039 2026 1075 2093 in
1101 2046 1223 2115 scopas
1274 2044 1357 2089 mox
1373 2019 1524 2110 languor
1538 2008 1721 2112 augesceic
1735 2037 1770 2093 et
1786 2026 2052 2095 caeteraomnia
2074 2027 2184 2099 febris
2199 2054 2258 2099 re-

240 2128 484 2217 colligatarum
505 2126 653 2210 vidisse,
684 2139 721 2195 et
743 2126 898 2216 primum
922 2127 1081 2219 quinque
1104 2126 1225 2208 fasces,
1275 2121 1475 2191 suasionem
1490 2138 1620 2195 certam
1635 2122 1842 2213 significare.
1891 2124 1977 2195 Post
1991 2128 2174 2199 meridiem
2190 2126 2259 2201 ho·

241 2231 301 2301 sed
327 2229 484 2309 dnobus,
498 2227 648 2297 celerius
674 2228 980 2307 evanescentibus,
1010 2240 1130 2318 postea
1151 2240 1225 2297 tres
1275 2247 1352 2321 ram
1375 2222 1516 2296 circiter
1538 2227 1727 2295 secundam
1749 2226 1878 2297 iterum
1900 2227 1939 2295 io
1959 2227 2133 2299 officinam
2154 2244 2261 2325 typo·
2312 2308 2315 2315 ,

241 2328 419 2413 distinctis
434 2328 561 2419 spaciis
576 2327 798 2418 apparuisse,
824 2328 872 2399 ita
887 2341 925 2399 ut
937 2329 1028 2399 rami
1045 2328 1224 2418 virgarum
1276 2318 1480 2416 graplricam
1494 2327 1602 2411 abiit,
1623 2339 1664 2398 ut
1678 2327 1814 2396 videret
1828 2328 1913 2420 quid
1936 2341 1970 2399 et
1983 2333 2163 2421 quomodo
2186 2333 2260 2402 ela·

242 2456 303 2503 seo
327 2452 512 2522 scopantm
536 2443 634 2520 parte
658 2430 836 2498 anteriore
852 2430 1105 2520 septentrioni,
1153 2426 1225 2498 Po·
1276 2429 1480 2512 boraretur,
1503 2427 1595 2497 nesi
1610 2427 1826 2499 cessantibus
1841 2429 1959 2517 operis
1973 2430 2083 2500 editio
2108 2430 2260 2525 impedi-

242 2532 390 2603 stcriore
424 2553 493 2623 qua
524 2530 756 2617 colligantur,
792 2544 912 2601 austro
943 2533 1226 2601 obverterentur.
1276 2541 1374 2597 retur
1397 2527 1565 2599 inusitata
1581 2527 1619 2595 in
1637 2528 1826 2597 Academia
1849 2531 2054 2601 deformitas
2067 2547 2262 2617 notaretur,

241 2636 382 2725 Deque
396 2630 559 2722 prodigio
575 2655 656 2699 cum
672 2626 717 2699 D.
736 2624 925 2722 Philippus
939 2634 1150 2713 audivisset,
1176 2632 1224 2700 ita
1278 2644 1312 2701 et
1321 2628 1479 2699 debitum
1497 2629 1573 2700 eius
1588 2628 1658 2698 diei
1674 2642 1708 2699 et
1723 2631 1890 2720 temporis
1898 2630 2055 2703 officium
2072 2658 2147 2704 non
2161 2659 2263 2727 prae-

242 2731 312 2807 boc
336 2735 587 2823 interpretatus
609 2730 697 2811 luit,
728 2746 769 2801 ut
799 2734 930 2802 diceret
963 2735 1066 2804 nobis
1098 2755 1227 2824 paenas
1277 2744 1448 2814 staretur,
1477 2745 1582 2824 atque
1616 2730 1656 2799 in
1677 2730 1829 2821 publicis
1863 2734 2014 2821 negotiis
2049 2736 2264 2827 negligentia

243 2835 411 2929 portendi
426 2847 600 2923 paternos,
625 2831 708 2925 quia
723 2833 840 2924 virgae
857 2848 992 2920 essent,
1017 2836 1147 2930 quibus
1163 2858 1227 2925 pa-
1278 2832 1394 2924 aliqua
1417 2831 1552 2924 malpari
1577 2845 1710 2925 posset,
1743 2828 1829 2901 baec
1853 2833 1979 2905 ultima
2011 2834 2107 2907 illius
2129 2838 2199 2909 suit
2224 2840 2265 2907 in

243 2949 362 3011 rentes
378 2936 422 3005 ad
437 2934 568 3005 liberos
584 2946 751 3018 utuntur,
775 2960 849 3005 non
865 2936 993 3026 gladii,
1019 2954 1052 3007 et
1072 2960 1109 3008 sc
1124 2935 1228 3006 steri·
1278 2933 1460 3024 publicum
1485 2932 1699 3025 progressio,
1731 2932 1822 3003 Nam
1845 2936 1951 3004 domo
1976 2936 2037 3005 ille
2059 2961 2121 3009 sua
2145 2954 2265 3029 postea

243 3040 379 3111 litatem
396 3060 561 3124 agronrm
579 3049 734 3105 metuere
748 3036 976 3126 significabat,
1028 3037 1098 3110 Sed
1117 3033 1229 3107 hosti·
1280 3058 1353 3103 non
1377 3048 1430 3117 cst
1453 3036 1788 3127 egressusamplius.
1840 3035 1917 3106 Sub
1941 3032 2009 3109 boc
2030 3052 2186 3130 tempus,
2211 3042 2265 3111 le-

245 3145 314 3211 bus
351 3139 490 3209 dicebat
524 3137 731 3227 impendent
764 3139 949 3214 atrociora.
1015 3138 1227 3229 Saepissime
1279 3135 1384 3206 brilis
1404 3136 1628 3231 paroxysmi,
1668 3137 1768 3229 quasi
1793 3151 2035 3209 antecursores
2059 3142 2205 3234 quidam
2230 3142 2265 3213 ei

244 3266 331 3311 vero
353 3240 416 3312 ille
440 3236 522 3309 ant'c
545 3238 650 3309 ctiam
675 3241 840 3310 morbum
856 3243 900 3310 de
915 3241 1129 3332 gravissimis
1144 3262 1229 3331 pae-
1280 3237 1419 3307 molesti
1442 3261 1535 3321 esse,
1567 3238 1737 3326 languor,
1767 3238 1997 3331 inquietudo,
2028 3242 2265 3325 oscitationes,

245 3344 304 3413 nis
316 3340 538 3421 concionari,
559 3354 662 3433 atque
677 3339 921 3437 praedicere⁷)
937 3344 1073 3412 solebat
1089 3340 1230 3431 publice
1280 3353 1423 3409 artuum
1446 3339 1640 3412 contentio.
1701 3337 1822 3432 ltaque
1850 3340 1910 3409 ille
1946 3342 2200 3436 aliquantisper
2225 3346 2304 3414 in*

245 3459 281 3517 et
302 3443 489 3533 privatim,
513 3465 603 3536 quae
624 3444 735 3513 nostri
758 3445 865 3514 secoli
879 3444 1129 3535 petulantiam,
1153 3465 1230 3510 ma·
1281 3463 1463 3511 scamnum
1481 3441 1708 3527 decumbere,
1735 3465 1816 3513 mox
1831 3441 1914 3512 inde
1938 3466 2097 3535 surgere,
2122 3447 2161 3515 in
2185 3471 2267 3517 mu-

244 3547 384 3628 liciam,
409 3544 675 3633 profanitatem,
701 3544 902 3630 idolatrias,
926 3559 959 3616 et
986 3545 1123 3614 iulissita
1156 3566 1231 3612 sce-
1282 3565 1361 3611 saeo
1381 3542 1579 3623 obversari,
1611 3542 1717 3613 etiam
1742 3543 1780 3611 iu
1802 3558 1990 3615 commune
2012 3548 2178 3617 conclave
2203 3551 2268 3619 de·

245 3651 319 3719 lera
344 3647 412 3715 alia
433 3645 639 3715 obruitorae
663 3660 794 3729 essent,
845 3646 968 3740 Neque
993 3646 1230 3717 dubitandum
1282 3644 1470 3728 scendere,
1494 3659 1599 3736 atque
1621 3644 1791 3714 omatibus
1812 3645 1967 3735 gestibus
1991 3648 2081 3716 male
2100 3648 2171 3718 sibi
2191 3672 2267 3719 esse

247 3763 319 3833 est,
351 3745 465 3819 Derim
491 3748 698 3835 puniturum
721 3742 787 3817 bos
810 3773 943 3833 mores,
975 3763 1011 3819 et
1034 3742 1121 3818 haec
1141 3761 1232 3818 tem·
1282 3747 1478 3815 ostendere.
1526 3744 1603 3816 Sub
1620 3742 1842 3816 horamvero
1857 3760 2017 3839 quartam
2034 3748 2268 3820 ininferiori-

186 3880 214 3907 κ.
246 3874 347 3941 pora.
394 3847 467 3919 Sed
481 3843 566 3919 baec
581 3849 708 3918 omnia·
718 3872 793 3919 non
808 3864 893 3921 sunt
907 3845 1014 3919 botos
1034 3850 1115 3922 loci.
1158 3847 1233 3917 No-
1283 3848 1351 3919 bns
1367 3847 1534 3936 gradibus
1549 3848 1721 3918 scalarum
1735 3849 1866 3942 quibus
1890 3849 1928 3918 in
1944 3846 2132 3920 Musaeum
2157 3852 2270 3943 ipsius

248 3970 339 4025 ctem
353 3963 556 4042 sequentem
580 3952 801 4020 cosrvmodam
819 3946 961 4034 habuit,
986 3964 1022 4020 et
1043 3952 1134 4019 bene
1147 3950 1232 4017 dor·
1283 3947 1502 4032 ascenditur,
1539 3948 1674 4020 desedit
1703 3964 1809 4039 caput
1830 3975 1938 4019 manu
1958 3966 2160 4023 sustentans
2184 3955 2269 4025 nixa

248 4053 370 4135 mivit,
395 4075 463 4143 qua
480 4065 519 4120 ot
534 4049 650 4138 ipsum
667 4052 876 4121 referentem
892 4052 1095 4123 asrdivimus
1121 4051 1159 4120 in
1175 4073 1234 4119 so-
1284 4047 1415 4123 cubita.
1450 4045 1506 4119 Eo
1522 4062 1679 4140 tempore
1695 4044 1912 4121 lonchimus
1924 4038 2166 4125 Canaerorios
2181 4078 2270 4127 eou-

248 4153 344 4223 nanis
364 4152 431 4223 sibi
454 4151 611 4220 occinere
626 4152 687 4221 illa
703 4154 810 4249 verba
828 4153 923 4223 visus
939 4154 1022 4225 fuit:
1049 4151 1233 4225 Desiderio
1283 4151 1383 4220 sectis
1400 4152 1496 4221 domi
1515 4151 1665 4241 publicis
1677 4153 1794 4244 operis
1809 4154 1854 4223 ad
1865 4155 2051 4224 visendum
2062 4151 2271 4249 Philippum

250 4251 447 4327 desideravi
477 4255 690 4323 manducare
711 4255 895 4325 vobiscum
921 4251 988 4325 boc
1008 4252 1161 4337 Pascha,
1190 4255 1235 4323 iis
1285 4250 1406 4342 Lipsia
1429 4275 1635 4339 excurrens,
1661 4248 1732 4324 buc
1756 4254 1870 4335 venit,
1899 4267 1935 4326 et
1957 4257 2103 4327 domum
2127 4256 2272 4329 Melan·

200 4400 205 4411 =
249 4355 366 4427 modis
379 4352 509 4445 quibus
533 4350 569 4418 in
595 4356 735 4440 templis
751 4380 838 4445 puer
856 4357 943 4425 olim
959 4358 1175 4441 accinuerat,
1200 4368 1237 4427 et
1286 4349 1408 4425 thonis
1424 4353 1628 4443 ingrediens
1651 4355 1698 4425 ita
1717 4355 1755 4423 in
1775 4357 1946 4446 gradibus
1968 4359 2147 4429 sedentem
2170 4360 2272 4429 inve·

251 4482 291 4527 ea
305 4481 341 4526 se
355 4453 584 4525 contentione
600 4454 694 4524 vocis
709 4480 833 4537 usum,
850 4471 891 4527 ut
908 4458 1032 4547 ipsese
1049 4460 1093 4527 de
1110 4481 1235 4526 somno
1287 4456 1353 4530 nit.
1402 4453 1564 4550 Cumque
1579 4458 1857 4530 consalutassent
1874 4458 1968 4529 iuter
1982 4482 2039 4545 se,
2065 4462 2169 4550 paulo
2192 4475 2272 4553 post

252 4559 439 4631 excitaret.
465 4556 561 4647 qood
578 4554 687 4644 igitur
708 4556 797 4627 bene
819 4559 1062 4643 dormivisset,
1087 4558 1238 4627 surrexit
1289 4558 1357 4627 sub
1372 4552 1496 4626 boram
1509 4560 1670 4650 quintam
1684 4560 1793 4630 febris
1810 4573 1937 4654 quarto
1962 4561 2075 4652 caepit
2087 4562 2274 4655 παροξυν-

252 4685 273 4729 e
298 4661 388 4731 lecto
411 4658 538 4727 decimi
561 4657 656 4727 tertii
675 4652 832 4745 Aprilis,
858 4659 893 4727 id
916 4673 987 4744 est,
1013 4658 1141 4729 Iduum
1168 4658 1238 4727 diei
1288 4658 1407 4751 θῆναι
1422 4659 1606 4729 invasione
1622 4660 1817 4731 manifesta.
1863 4658 1987 4757 ltaque
2003 4665 2099 4755 quod
2117 4658 2184 4735 hoc
2198 4665 2274 4734 vel·

254 4758 344 4833 hora
360 4762 531 4833 matutina
549 4759 651 4832 tertia
666 4761 711 4829 ad
728 4760 985 4830 absolvendum
1007 4761 1177 4851 scriptum
1194 4760 1240 4829 il·
1291 4762 1358 4845 let,
1385 4760 1502 4829 statim
1525 4760 1562 4828 in
1585 4761 1753 4831 lectulum
1774 4776 1827 4835 cst
1840 4763 2025 4839 abductus.
2049 4774 2054 4779 '
2079 4762 2130 4837 lta
2157 4780 2275 4837 autem

253 4865 336 4945 lud,
362 4864 406 4930 de
424 4887 493 4953 quo
509 4863 681 4948 diximus,
701 4865 797 4956 quod
819 4861 876 4933 die
898 4859 1087 4933 Pascbatos
1109 4884 1241 4955 propo·
1292 4862 1458 4931 invadere
1481 4884 1562 4930 etam
1584 4863 1693 4933 febris
1714 4864 1850 4935 solebat
1870 4879 1911 4936 ut
1930 4860 2117 4937 horrorem
2131 4867 2277 4961 quidem

254 4977 417 5047 neretur,
454 4962 566 5056 ldque
587 4963 659 5034 illis
684 4978 759 5035 tum
784 4965 967 5037 matutinis
989 4960 1087 5037 horis
1110 4964 1241 5036 descri-
1292 4962 1496 5052 frigutiens,
1518 4978 1558 5035 nt
1572 4962 1738 5034 Plautino
1753 4968 1863 5037 verbo
1877 4982 1977 5051 utar,
2002 4967 2149 5040 sentiret
2171 4969 2276 5040 valde

1293 5088 1433 5155 gravem
1450 5079 1483 5135 et
1498 5066 1703 5153 molestum,
1727 5070 1788 5139 sed
1803 5070 1864 5163 qui
1880 5083 1996 5141 tarnen
2013 5094 2089 5141 non
2109 5085 2199 5143 esset
2218 5095 2281 5141 ex-

289 5210 321 5268 5,
339 5211 486 5271 mmm]
502 5205 578 5262 aben
592 5208 625 5261 ,b
641 5207 683 5262 ed.
700 5208 726 5262 Ξ,
1295 5190 1374 5255 pers
1398 5166 1528 5237 interni
1550 5183 1665 5239 aestus
1688 5171 1868 5241 cuiusdam
1891 5185 1925 5240 et
1947 5172 2073 5260 alieni,
2106 5197 2219 5267 aquo
2246 5187 2282 5246 et

288 5297 320 5356 γ)
338 5298 518 5359 maenam]
537 5292 585 5349 ga,
601 5299 624 5347 1.
642 5298 819 5360 ,mmm
1268 5256 1273 5345 ἰ
1299 5268 1372 5358 ipse
1389 5268 1495 5338 simul
1511 5270 1743 5360 affligeretur,
1769 5296 1877 5365 quare
1890 5266 2047 5364 ἡπιαλόν
2065 5298 2140 5346 esse
2160 5275 2280 5369 suspi-
