4748 6022
163 131 242 212 sos
531 63 783 201 scelera
814 116 892 196 an
925 109 1126 192 ernau
1155 107 1232 186 ur
1263 110 1503 193 onrrou
1533 112 1835 198 nurture.
2134 121 2214 199 sos

167 307 260 380 bret.
311 299 389 374 Hos
406 298 579 373 Doctores
601 293 698 368 Dens
721 317 764 363 er
787 289 919 367 scholis
940 286 1159 371 docentium,
1211 301 1360 372 vocant,
1385 289 1594 378 abdicabat,
1619 291 1721 363 cuius
1746 287 1835 381 legis
1858 292 2035 365 rationem
2063 290 2208 367 Plutar-

167 421 203 479 et
234 403 448 477 discentium
481 399 612 491 scripta
643 389 856 489 Prophetica
886 410 921 467 et
953 389 1160 486 Apostolica
1213 383 1300 462 chus
1324 386 1416 463 hanc
1441 393 1564 479 affert,
1596 392 1651 464 Ne
1681 392 1762 488 quis
1790 394 1950 484 neglecta
1972 390 2208 488 Reipublicae

167 509 288 583 sumit,
361 527 363 533 ¹
1212 507 1346 565 curact
1359 495 1484 577 salute,
1510 496 1658 588 privatis
1671 510 1812 569 tantum
1829 497 2027 569 commodis
2039 501 2206 582 studeret,

1214 607 1249 666 et
1262 616 1346 667 suae
1359 598 1612 692 tranquillitati
1626 598 1838 670 consuleret.

269 704 360 778 Tale
378 724 552 795 organum
571 699 721 770 electum
740 695 846 769 etiam
865 689 926 766 hic
942 706 1064 766 noster
1081 692 1163 779 suit,

167 812 234 911 qni
247 788 517 901 dispositionem
536 815 572 873 et
586 800 749 872 ordinem
765 797 1049 891 disputationum
1073 819 1162 887 pan·
1318 796 1402 870 Fuit
1418 813 1533 870 autem
1547 796 1593 872 D.
1609 795 1800 894 Philippus
1817 816 1943 876 natura
1959 804 2040 876 miti
2055 804 2209 896 ingenio,

167 917 324 987 linaium
344 910 384 979 in
396 905 570 1000 Epistolis
589 905 634 972 de
656 901 907 973 iustificatione
930 899 1080 991 gratuita
1103 921 1163 967 so·
1214 899 1393 972 studiosus
1411 902 1525 994 pacis,
1546 917 1582 974 ct
1598 905 1828 991 concordiae,
1854 930 1979 977 amans
2001 908 2209 1002 tranquilli·

169 1018 241 1089 lius
257 1013 340 1085 fidei
362 1036 405 1082 ex
430 1004 672 1079 misericordia
695 1003 783 1087 Dei,
809 1016 956 1095 propter
978 1001 1104 1071 merita
1123 999 1162 1068 in
1215 1003 1315 1089 tatis,
1339 997 1527 1075 abhorruit
1548 1007 1593 1075 ab
1617 1005 1785 1076 omnibus
1808 1011 1985 1081 seditiosis
2000 1023 2036 1080 et
2053 1011 2211 1082 tribuni·

168 1114 373 1199 Christum
394 1111 532 1205 Spiritu
545 1122 666 1179 sancto
680 1106 834 1179 Doctore
848 1103 1162 1197 primusanimad·
1215 1104 1275 1175 tiis
1294 1106 1471 1191 consiliis,
1503 1109 1724 1193 moderatus,
1752 1121 1787 1180 et
1809 1136 1893 1184 vere
1911 1109 2063 1206 ἠθικος,
2088 1127 2210 1202 grain

170 1220 296 1304 vertit,
321 1230 357 1288 et
370 1210 547 1287 Ecclesiae
563 1208 785 1281 monstravit.
839 1205 948 1297 Quod
964 1206 1074 1296 igitur
1089 1204 1163 1275 usi·
1214 1206 1400 1293 omnibus,
1436 1222 1476 1278 ut
1508 1209 1659 1295 snmus,
1694 1225 1731 1282 ct
1764 1211 1804 1281 in
1837 1236 1974 1286 summa
2006 1215 2210 1288 autoritate.

171 1335 246 1396 tata
268 1314 580 1398 scholasticorum,
611 1327 647 1385 ct
661 1304 925 1383 Monachorum
948 1307 1075 1378 deliria
1097 1331 1164 1399 po-
1215 1308 1371 1404 ldeoque
1384 1310 1488 1381 facilc
1503 1311 1535 1381 si
1548 1312 1729 1396 voluisset,
1756 1313 1889 1388 intuto
1904 1339 1978 1387 esse
1994 1329 2145 1409 poterat,
2173 1332 2210 1390 et

171 1425 266 1508 tius,
291 1436 395 1515 atque
411 1429 627 1498 commenta,
654 1412 858 1508 quamlidei
876 1415 1040 1503 dogmata
1058 1433 1164 1502 repu-
1216 1412 1294 1481 ocio
1317 1415 1469 1482 studere.
1520 1411 1594 1485 Nec
1617 1417 1737 1486 deerat
1763 1441 1913 1489 acumen
1944 1419 2097 1510 ingenii,
2131 1442 2208 1490 non

173 1525 307 1605 diavit,
332 1545 407 1592 non
427 1517 558 1612 puerili
573 1515 733 1600 levitate,
756 1513 988 1604 incogitantia
1003 1527 1040 1584 et
1053 1525 1164 1582 teme-
1218 1512 1393 1601 eruditio,
1418 1529 1458 1586 ut
1478 1516 1580 1585 facilc
1602 1519 1758 1608 potuerit
1781 1521 2208 1611 conciliationesdogma-

96 1674 104 1705 2
172 1627 279 1698 ritate
297 1625 507 1695 factumest.
558 1617 631 1688 Nec
644 1612 796 1688 Lutheri
818 1616 1003 1701 societate,
1027 1615 1084 1683 vel
1100 1637 1164 1683 an·
1217 1606 1293 1686 nim
1323 1617 1457 1687 fucatas
1486 1618 1689 1706 instituere,
1721 1621 1929 1716 flexiloqua,
1963 1623 2146 1713 ambigua,
2174 1639 2208 1696 et

173 1727 317 1801 toritate
331 1737 449 1796 motus
463 1723 499 1791 id
513 1719 609 1794 fecit.
660 1717 756 1790 Dum
771 1718 868 1788 enim
890 1712 949 1788 hic
970 1717 1163 1789 etiamnum
1217 1717 1361 1811 quaein
1377 1734 1565 1814 utramque
1587 1735 1723 1812 partem
1738 1725 1940 1818 detorqueri
1955 1740 2118 1816 possent,
2143 1749 2208 1794 vo-

172 1830 329 1914 viveret,
351 1825 518 1908 inutiles,
551 1822 732 1913 spinosas,
766 1821 967 1900 intricatas,
993 1834 1028 1892 et
1052 1818 1165 1888 trivo·
1217 1820 1343 1890 cabula
1368 1822 1574 1913 excogitare.
1634 1823 1706 1896 Sed
1734 1826 1805 1897 suit
1826 1842 2010 1909 constans,
2042 1851 2109 1897 nec
2133 1827 2207 1898 snis

174 1934 229 2002 las
261 1925 553 2003 scholasticorum
585 1924 792 2015 opiniones,
830 1936 865 1993 et
898 1920 1165 2015 disputationes,
1218 1923 1414 1992 commodis
1438 1937 1668 2020 attemperare
1692 1927 1916 2017 religionem,
1940 1954 2006 1999 nec
2024 1929 2206 2001 doctrinae

176 2035 337 2127 adeoque
357 2044 472 2104 totum
492 2026 584 2096 illud
606 2025 788 2096 doctrinae
813 2048 948 2116 genus,
979 2022 1076 2118 quod
1101 2044 1165 2089 ne·
1216 2046 1345 2114 genus,
1372 2028 1471 2119 quod
1487 2042 1635 2101 noverat
1650 2053 1732 2099 cum
1747 2053 1844 2102 sacra
1862 2030 2035 2124 scriptura
2056 2055 2207 2102 consen-

175 2135 288 2226 glccta
312 2141 552 2203 sacrosanctae
572 2127 767 2218 scripturae
791 2124 1000 2209 autoritate,
1024 2119 1166 2194 Aristo·
1218 2127 1305 2207 tire,
1341 2140 1497 2210 mutare,
1531 2145 1593 2203 aut
1620 2132 1837 2204 colludendo
1864 2157 1946 2211 cum
1971 2131 2205 2214 Adversariis‚

175 2237 282 2308 telem
298 2256 379 2304 cum
395 2227 592 2319 Theologia
608 2228 815 2309 confundit,
839 2240 930 2297 etex
947 2225 1088 2297 duobus
1107 2224 1165 2292 in·
1217 2231 1370 2321 prodere
1384 2231 1510 2308 voluit.

172 2336 283 2428 tegris
305 2355 420 2405 unum
445 2343 652 2421 corruptum
673 2329 777 2411 facit,
810 2328 1019 2399 traditiones
1047 2323 1166 2397 homi-

174 2462 263 2512 num
286 2460 363 2507 11011
382 2434 546 2526 mittit&
572 2434 711 2503 11111111
736 2432 963 2525 P⁰1¹llfitum2
987 2443 1021 2501 el
1046 2426 1166 2499 concl-
1314 2434 1521 2507 Hocunum
1537 2438 1575 2507 in
1591 2434 1774 2526 Erasmo,
1800 2465 1905 2534 quem
1919 2441 2113 2533 optimede
2127 2444 2209 2514 lite·

173 2542 325 2624 liorum,
355 2537 432 2608 sinc
455 2535 530 2605 ullo
556 2534 761 2604 discrimine
780 2534 927 2624 recipit,
958 2527 1166 2603 hominibus
1218 2532 1268 2610 ris
1286 2538 1474 2625 meritum,
1499 2542 1788 2631 magnifacicbat,
1812 2544 2012 2615 desiderem
2032 2567 2115 2616 eum
2135 2570 2210 2616 me-

173 2641 389 2737 praetoriarn
420 2636 677 2730 interpretandi
705 2635 916 2730 scripturam
942 2633 1165 2704 autoritatem
1219 2642 1327 2727 mini,
1347 2643 1444 2735 quod
1463 2666 1537 2711 non
1554 2658 1672 2734 ,perpe
1690 2668 1789 2717 ,uam
1810 2648 2022 2718 sementiam
2044 2647 2084 2716 in
2105 2670 2208 2719 mu„

172 2744 320 2830 lfibssll,
351 2754 392 2814 11¹
414 2741 452 2810 ld
473 2761 600 2809 1011110
623 2749 787 2828 10811111»
820 2739 917 2832 (111011
942 2736 1168 2828 1111110Ιῦ11,
1220 2759 1254 2816 et
1267 2744 1516 2815 controversiis
1531 2747 1712 2837 religionis
1727 2748 1868 2831 diceret,
1888 2750 2000 2820 nollet
2014 2749 2212 2842 periclitari

176 2846 280 2943 (111111
301 2858 449 2937 111οΡ111
473 2842 612 2926 10111111,
642 2853 675 2910 el
695 2841 1168 2930 8116111111111110111101-
1219 2850 1265 2918 de
1282 2846 1354 2917 suis
1371 2847 1537 2933 fortunis,
1564 2863 1597 2920 et
1610 2850 1869 2922 existimatione
1884 2852 2042 2922 nominis
2054 2851 2123 2933 sui,
2145 2877 2210 2924 ne·

174 2950 258 3024 sint.
311 2944 389 3016 Hoc
411 2946 557 3037 inquam
575 2942 757 3013 doctrinae
772 2964 882 3032 genus
898 2955 974 3012 tum
991 2938 1130 3012 abiecit.
1220 2974 1288 3042 que
1302 2950 1526 3020 autoritatem
1540 2975 1656 3039 usuam,
1678 2979 1748 3047 qua
1763 2957 1857 3046 apud
1866 2951 1992 3045 Reges,
2017 2954 2212 3048 Principes,

1219 3051 1444 3138 Cardinales,
1470 3049 1683 3144 Episcopos‚
1708 3070 1741 3127 et
1758 3057 1905 3127 omnino
1921 3079 2045 3127 omnes
2062 3057 2213 3148 polleret

276 3150 349 3224 Sed
371 3146 563 3238 diligenter
583 3143 725 3238 scriptis
747 3140 985 3240 propheticis,
1011 3160 1045 3218 et
1066 3142 1168 3238 Apo·
1220 3154 1434 3245 plurimum,
1459 3156 1710 3247 interponeret,
1736 3183 1807 3251 quo
1823 3156 2070 3250 Religioniset
2086 3154 2209 3229 Eccle-

173 3254 307 3330 stolicis
329 3251 500 3333 evolutis,
527 3243 686 3319 adhibita
708 3248 813 3318 etiam
838 3263 977 3342 patrum
1005 3248 1168 3334 lectione,
1218 3256 1291 3327 siae
1304 3269 1413 3328 statue
1438 3259 1695 3333 emendaretur,
1745 3257 1882 3329 Audivi
1905 3263 2001 3331 ,nim
2024 3261 2210 3342 dimum,

173 3372 285 3431 totam
306 3351 553 3448 antiquitatem
575 3350 771 3437 consuluit,
805 3365 840 3422 et
863 3350 1030 3432 contulit,
1063 3364 1166 3445 atque
1219 3359 1316 3453 quod
1338 3378 1420 3429 cum
1442 3383 1482 3428 es
1503 3359 1549 3428 de
1571 3383 1626 3441 re,
1660 3360 1793 3451 scripto
1815 3362 1933 3433 virum
1956 3364 2210 3446 admonuisset,

173 3487 217 3533 cr
233 3455 299 3530 hac
322 3454 578 3527 sententiarum
599 3452 808 3539 collatione,
827 3450 974 3555 'Corpus
989 3452 1167 3542 integrum
1220 3485 1294 3531 non
1308 3459 1404 3530 aliud
1422 3462 1543 3533 tulerit
1558 3485 1789 3554 responsum,
1817 3489 1922 3558 qnam

174 3561 358 3634 doctrinae
372 3556 591 3649 conscripsit,
618 3555 657 3624 in
673 3581 744 3649 quo
759 3580 882 3635 omnes
899 3556 1167 3649 propemodum,

175 3676 268 3741 certe
291 3660 496 3754 praecipuas
521 3654 756 3748 Theologicas
780 3658 960 3744 materias,
994 3682 1075 3728 cum
1105 3656 1168 3726 alii

175 3768 263 3837 alias
279 3776 416 3837 tantum
440 3760 643 3844 tractarint,
671 3761 876 3832 monstratis
893 3761 984 3830 veris
1008 3760 1168 3830 lontibus
1220 3751 1432 3841 Significans
1443 3774 1481 3821 se
1497 3751 1566 3820 iarn
1580 3752 1678 3822 senio
1694 3753 1904 3839 confectum,
1928 3754 2093 3845 precibus
2106 3781 2211 3828 occu-

175 3891 216 3938 ex
232 3889 330 3937 sacra
344 3864 518 3957 scriptura
541 3876 592 3932 est
609 3862 829 3954 complexus,
855 3863 962 3955 idque
981 3862 1083 3932 solita
1104 3884 1167 3930 sua
1220 3855 1314 3948 pari:
1351 3851 1472 3947 ltaque
1495 3848 1563 3924 hoc
1588 3855 1772 3944 negocium
1801 3856 1880 3925 aliis
1904 3857 2211 3942 committendum,

175 3969 400 4048 dexteritate,
425 3966 521 4035 unde
541 3963 644 4033 facile
667 3965 866 4054 legentibus
888 3976 1054 4056 apparet,
1079 3963 1166 4057 quid
1221 3957 1351 4050 quibus
1375 3950 1493 4025 adhuc
1521 3956 1673 4026 maiores
1696 3972 1811 4028 essent
1834 3958 1946 4045 vires,
1971 3959 2033 4053 qui
2062 3960 2212 4045 labores,

175 4072 220 4141 de
235 4070 384 4160 singulis
400 4066 583 4138 doctrinae
598 4061 820 4137 Christianae
834 4066 994 4159 partibus
1008 4064 1167 4146 senserit,
1219 4072 1255 4129 et
1275 4082 1383 4128 onera
1405 4058 1675 4147 gubernationis
1698 4060 1834 4152 possint
1858 4062 1969 4153 ferre,
2005 4073 2040 4132 et
2059 4061 2212 4133 oonsilio

175 4195 241 4242 nec
259 4193 348 4261 opus
364 4183 415 4240 est
432 4170 608 4253 arbitror,
633 4182 673 4239 ut
695 4170 822 4238 ordine
843 4191 1062 4256 recenseam,
1087 4193 1167 4240 cum
1221 4161 1391 4232 valerent.

175 4286 269 4345 extet
284 4273 398 4356 liber,
421 4283 456 4338 et
471 4269 510 4337 in
522 4268 683 4339 omnium
700 4271 866 4341 manibus
879 4285 1050 4347 versetur.

1303 3606 1377 3695 l‘pyo
1392 3612 1469 3674 scole
1476 3646 1487 3690 ,
1514 3610 1626 3690 βουλαὶ
1641 3608 1676 3675 δέ
1688 3614 1809 3692 μεσῶν,
1835 3608 1920 3694 εὐχαὶ
1935 3611 1971 3676 δὲ
1983 3609 2146 3697 γερόντων.

1326 4368 1407 4440 Non
1430 4368 1509 4438 talis
1532 4383 1653 4438 noster
1669 4367 1756 4450 fuit,
1782 4381 1822 4438 ut
1845 4371 1972 4441 callide
1991 4392 2090 4440 suam
2106 4370 2212 4440 dissi-

279 4473 321 4547 Id
345 4472 535 4565 scriptum,
560 4470 657 4562 quod
680 4469 785 4539 initio
813 4464 1025 4564 hypotheses
1047 4466 1169 4544 Theo·
1223 4473 1376 4542 nasslaret
1398 4471 1633 4557 sententiam,
1660 4495 1705 4540 ne
1728 4486 1874 4563 propter
1893 4472 2151 4544 consessionem
2173 4473 2213 4542 in

175 4579 324 4672 logicas,
357 4591 477 4672 postea
501 4574 599 4644 locos
623 4566 841 4661 theologicos
864 4572 1071 4663 appellavit,
1102 4577 1171 4645 ali·
1223 4573 1414 4644 discrimen
1443 4573 1552 4643 vitam
1583 4588 1618 4644 et
1641 4574 1802 4644 fortunas
1831 4576 2033 4647 adduceret.
2092 4573 2215 4668 Neque

178 4681 329 4778 quoties,
352 4681 458 4770 longo
474 4701 594 4748 rernm
611 4698 689 4759 usn,
711 4671 1022 4764 disputationibus,
1048 4676 1170 4748 lectio-
1223 4677 1407 4765 ambiguo,
1436 4690 1497 4746 aut
1525 4674 1722 4767 improprio
1749 4698 1912 4747 sermone
1940 4677 2127 4749 offundere
2155 4701 2215 4765 ca,-

177 4809 246 4872 ne,
271 4797 305 4854 et
317 4781 492 4853 exercitiis
509 4778 649 4874 pietatis
666 4777 775 4866 magis
792 4774 985 4846 instructus
999 4801 1170 4871 recogno·
1223 4778 1371 4869 liginem
1398 4778 1638 4859 auditoribus,
1675 4792 1708 4848 ct
1741 4778 1933 4850 lectoribus
1958 4779 2082 4850 voluit.
2140 4779 2214 4851 Nec

177 4887 252 4972 vit,
278 4900 313 4957 et
327 4883 567 4976 locupletavit.
611 4881 684 4953 Nec
701 4878 796 4966 enirn
811 4891 851 4949 ut
865 4877 1024 4971 privatae
1041 4905 1170 4953 consu·
1224 4881 1320 4951 enim
1336 4881 1376 4949 in
1390 4881 1614 4971 dogmatibus
1629 4879 1715 4951 lusit
1730 4881 1902 4973 lingendis
1915 4881 2018 4953 novis
2029 4880 2214 4973 opinioni·

177 4990 267 5061 leret
287 4983 557 5081 tranquillitati,
589 4983 728 5054 medius
750 4995 810 5053 aut
837 5003 928 5065 esse,
961 4997 1022 5053 aut
1046 4978 1170 5055 haberi
1223 4985 1301 5064 bus,
1329 4996 1389 5054 aut
1404 4982 1776 5075 interpretationibus,
1802 5009 1866 5056 nec
1883 5009 1975 5056 nova
1992 4999 2217 5057 commentus

179 5093 305 5169 voluit.
342 5086 422 5159 Hoc
440 5111 486 5157 ne
500 5083 614 5158 Solon
629 5085 773 5179 quidem
792 5086 830 5152 in
842 5081 986 5175 Repub,
1002 5110 1063 5158 sna
1081 5089 1170 5157 lere·
1224 5100 1276 5158 est
1292 5089 1453 5176 dogmata
1470 5085 1673 5179 antiquitati
1690 5087 1828 5177 ignota,
1854 5087 1994 5158 tametsi
2008 5087 2143 5159 valeret
2157 5089 2216 5156 in-

178 5195 258 5280 bat,
283 5208 325 5267 ut
346 5202 443 5263 mota
467 5184 660 5270 seditione,
685 5199 847 5256 neutram
871 5185 951 5280 quis
978 5190 1169 5263 factionem
1223 5188 1346 5281 genio,
1373 5184 1593 5274 eruditione,
1617 5201 1652 5260 et
1677 5190 1799 5261 multis
1825 5190 1904 5259 aliis
1927 5192 2033 5261 rebus
2051 5203 2141 5261 esset
2158 5190 2217 5258 in-

180 5310 404 5390 sequeretur,
437 5294 497 5371 sed
519 5283 718 5361 honoribus
741 5287 846 5374 tales,
879 5314 968 5382 quos
985 5290 1171 5367 Neutralcs
1223 5304 1395 5371 structus,
1427 5304 1647 5363 nontamen
1680 5305 1819 5363 tantum
1843 5290 1911 5362 sibi
1940 5292 2120 5385 permisit,
2149 5314 2217 5365 nec
