4748 6022
1154 944 1208 1027 tt.

165 1141 542 1253 annontui,
605 1135 1028 1226 anarrinon
1070 1134 1448 1251 romonum
1504 1136 1864 1241 anmnoon
1915 1136 2196 1226 nnnvns

979 1278 1378 1370 conmonns
1535 1259 1537 1263 “
1730 1322 1731 1325 ¹

587 1449 638 1515 IN
663 1448 846 1514 arctous
874 1446 1171 1514 sonnuNfflUs
1192 1443 1464 1509 acaunum
1495 1443 1776 1526 ΒΕΟΙΤΑΤΑΕς
2075 1488 2078 1494 -

343 1578 500 1656 snam
540 1581 648 1658 oon
679 1576 906 1655 nnmaos
936 1575 1259 1690 acronium,
1305 1577 1344 1650 a
1376 1574 1736 1653 nmanraonn
1770 1573 2017 1654 scarrns.

1058 1817 1314 1833 m

175 2045 243 2121 No.
262 2049 295 2121 1.
1003 2052 1144 2133 (snn0?)
1209 2071 1286 2118 eam
1308 2062 1462 2140 partem,
1489 2071 1578 2141 quae
1601 2060 1654 2118 est
1672 2039 1765 2118 haud
1785 2048 1893 2118 dtrbie
1911 2040 2015 2141 longe
2036 2043 2197 2121 omniurn

167 2142 303 2167 Μ
994 2146 1155 2170 “”“”
1210 2144 1447 2241 pulcherrima
1462 2174 1502 2219 ac
1518 2149 1737 2234 suavissima,
1752 2150 1917 2221 videlicet
1930 2147 2103 2246 Physicen
2120 2151 2198 2221 lau-

235 2262 528 2332 thuseet.stbero
543 2262 622 2319 editis
636 2263 793 2338 potaeqq.
1208 2251 1392 2336 dabimus,
1418 2266 1507 2344 qnae
1524 2251 1724 2320 universam
1742 2275 1859 2321 rerum
1880 2265 2041 2322 naturam
2063 2266 2197 2324 scruto-

335 2429 342 2444 ·
526 2430 534 2445 ·
651 2427 660 2444 ⁶
1209 2367 1285 2436 tur,
1310 2356 1476 2446 syderum
1491 2369 1607 2425 motus
1620 2377 1660 2422 ac
1674 2352 1785 2434 vires,
1813 2354 1967 2443 plantas,
1992 2352 2198 2439 animantia,

163 2427 223 2496 De
236 2421 413 2497 '‘nidmu‘'
424 2419 620 2516 Phymffls
646 2447 686 2495 m
704 2430 938 2517 Pr⁰m⁰ll⁰²⁸²
952 2429 1157 2525 Madidis&
1208 2454 1370 2523 mirabile
1386 2454 1565 2546 opificium
1583 2449 1730 2530 humani
1748 2454 1924 2546 corporis,
1951 2478 2070 2526 causas
2092 2477 2199 2545 gene-

609 2548 707 2598 rum·
1207 2556 1385 2625 rationum
1405 2572 1439 2626 et
1456 2557 1738 2646 corruptionum.
1790 2552 1844 2626 Ac
1858 2557 2111 2648 sapientissimi
2130 2556 2197 2626 vici

166 2663 430 2767 Cum‘publica
452 2671 670 2744 cdnsuetudo
695 2651 800 2745 nohis
824 2670 890 2745 hoc
914 2674 992 2747 loco
1013 2677 1155 2748 dicendi
1208 2658 1319 2725 ¹⁰¹¹¹¹³
1343 2657 1535 2746 miliduni,
1574 2683 1683 2751 ‘1¹¹are
1715 2652 1840 2727 harum
1871 2672 2050 2729 l³¹¹¹³r¹¹¹¹¹
2077 2682 2196 2729 “sum

165 2776 406 2849 necessitatem
438 2774 617 2865 imponat,
656 2791 735 2865 peto
765 2802 786 2844 a
813 2778 913 2846 vobis
938 2780 1154 2847 ornafiaejmi
1207 2759 1363 2847 cognitio
1386 2759 1536 2827 maxime
1561 2753 1696 2826 homini
1721 2762 1913 2850 expetenda
1935 2761 1990 2830 sit„
2042 2760 2111 2831 Sed
2131 2783 2198 2828 nos

165 2879 252 2960 viri,
287 2902 333 2948 ne
359 2900 416 2944 me
441 2875 576 2968 ingenii
606 2877 733 2944 fiducia
761 2872 823 2945 has
850 2873 940 2945 mihi
966 2882 1154 2971 summisse
1206 2885 1280 2930 uno
1298 2859 1447 2950 Virgilio
1472 2861 1629 2931 contenti
1652 2861 1804 2945 erimus,
1832 2863 1894 2954 qui
1910 2857 2197 2931 honorificentis-

165 2996 301 3074 partes,
328 2981 388 3049 sed
403 2979 595 3047 adductum
618 2978 735 3046 ollicio
751 2981 808 3046 eas
824 2980 1014 3070 suscepisse
1035 2982 1155 3051 eristi·
1206 2962 1306 3079 ξῖῐῃο.
1331 2963 1519 3053 Pf³²⁰⁰¹¹l⁰
1548 2958 1647 3033 ll³¹¹⁰
1680 2963 1879 3032 d⁰⁰lfl¹¹³¹¹¹
1914 2965 2073 3049 ⁰f¹¹³Vlli
2116 2983 2196 3033 cum

165 3084 278 3154 nactis.
328 3078 404 3168 Ego
421 3080 515 3147 enim
535 3079 674 3148 nullum
695 3081 806 3168 magis
827 3081 1156 3151 necessariumoffi-
1207 3077 1340 3155 ¹¹¹q⁰¹l²

165 3186 259 3255 cium
274 3206 350 3252 esse
361 3180 501 3271 iudico,
527 3204 634 3273 quam
649 3180 785 3270 legibus
802 3197 837 3253 et
858 3182 1030 3254 institutis
1051 3178 1154 3252 scho·
1307 3168 1710 3255 F⁰0¹1¹l¹¹lP⁰¹¹¹st¹⁰¹u¹¹¹
1727 3195 1906 3256 ⁰⁰8¹¹⁰³⁶0¹⁰
1923 3199 2036 3240 ΝΜ·

164 3287 219 3357 lae
244 3307 379 3377 parere.
405 3330 411 3344 ι
430 3280 569 3353 Deinde
587 3282 655 3353 etsi
675 3277 766 3352 mihi
781 3280 1154 3380 imbecillitas-ingenii
1206 3281 1307 3372 Quae
1332 3284 1426 3353 enim
1450 3287 1565 3374 potuit
1583 3286 1660 3355 laus
1683 3289 1835 3376 amplior
1855 3289 2063 3378 excogitari,
2090 3313 2196 3384 quam

164 3389 237 3457 mei
258 3410 333 3456 non
355 3385 474 3473 ignota
496 3399 565 3469 est,
591 3398 708 3454 umen
730 3410 809 3455 cum
830 3381 976 3467 scirem,
1003 3410 1064 3456 vos
1080 3411 1154 3455 non
1208 3390 1303 3477 quod
1327 3381 1393 3453 bac
1414 3387 1574 3454 doctrina
1597 3387 1719 3457 beatos
1741 3387 1831 3455 effici
1848 3383 2010 3459 homines
2029 3391 2198 3461 testatur?

72 3550 77 3562 ,
165 3490 282 3561 solum
305 3486 487 3557 excellenti
511 3486 692 3570 dbctrina,
715 3488 776 3555 sed
799 3486 903 3555 etiam
924 3512 1062 3557 summa
1084 3489 1157 3557 vir·
1207 3485 1278 3555 Sed
1296 3485 1407 3553 animi
1425 3485 1520 3574 vulgi
1543 3487 1767 3576 itaoppressi
1787 3502 1872 3558 sunt
1886 3491 2102 3560 stultissimis
2119 3491 2197 3582 opi-

165 3603 240 3661 tute
265 3603 370 3681 atque
393 3582 613 3656 humanitate
639 3586 833 3678 praeditos,
865 3589 974 3677 magis
1000 3590 1155 3660 officium
1208 3587 1378 3655 nionibus
1402 3610 1441 3654 ac
1464 3587 1751 3676 flagiciosissimis
1774 3589 2046 3680 cupiditatibus,
2074 3605 2114 3663 ut
2135 3615 2197 3663 ve-

166 3716 273 3785 quam
292 3687 551 3780 eloquentiam,
585 3713 674 3781 quae
695 3690 840 3759 existere
862 3688 901 3756 in
921 3685 1156 3762 adolescentia
1207 3711 1282 3756 ram
1305 3688 1562 3758 beatitudinem
1587 3713 1702 3782 neque
1726 3691 1926 3780 intelligant
1954 3718 2068 3788 neque
2092 3719 2197 3785 expe-

165 3817 240 3862 non
265 3803 396 3883 potest,
420 3789 616 3881 requirere:
643 3788 791 3880 Speravi
813 3815 875 3860 vos
899 3794 1071 3863 infantiae
1095 3818 1156 3862 ve·
1206 3803 1294 3864 tant.
1342 3790 1467 3879 Quare
1495 3789 1610 3861 iacent
1638 3793 1743 3862 etiam
1768 3788 1833 3861 hae
1856 3795 2027 3865 maximae
2048 3821 2087 3865 ac
2115 3796 2196 3887 pul-

166 3895 261 3963 niam
284 3896 430 3962 daturos
455 3913 546 3973 esse,
575 3892 682 3984 idque
712 3905 752 3962 ut
779 3892 932 3974 faciatis,
965 3919 1027 3964 vos
1049 3895 1154 3965 etiam
1206 3886 1402 3961 cherrimae
1425 3905 1516 3963 artes
1538 3909 1674 3983 spretae
1697 3909 1802 3986 atque
1832 3909 2063 3989 contemptae.
2115 3894 2196 3985 Qua

165 4010 270 4089 atque
287 3994 393 4065 etiam
407 4016 483 4065 oro.
533 3990 624 4060 Nam
641 4014 704 4082 ego
726 4018 867 4086 quoque
890 4020 1033 4086 operam
1048 4000 1156 4082 dabo,
1207 3993 1244 4061 in
1260 4018 1298 4063 re
1315 3994 1405 4062 illud
1420 4008 1473 4063 est
1489 3996 1674 4086 praecipue
1687 3997 1893 4076 dolendum,
1917 4000 2011 4090 quod
2027 4022 2101 4072 non
2116 4011 2195 4069 tan-

165 4113 204 4169 ut
219 4096 390 4168 brevitate
404 4092 576 4164 orationis
593 4095 748 4163 taedium
765 4096 868 4164 nobis
881 4097 1027 4171 levetur.
1206 4108 1281 4164 tum
1297 4096 1452 4164 illiterati
1468 4091 1559 4166 hauc
1573 4097 1770 4167 doctrinam
1786 4114 2040 4187 aspernantur,
2064 4100 2124 4168 sed
2140 4102 2197 4170 vet

266 4196 313 4270 Et
334 4196 501 4290 qnoniam
525 4189 591 4264 hoc
613 4196 690 4265 loco
706 4197 794 4274 solet
815 4198 950 4290 aliquid
972 4202 1016 4268 de
1030 4195 1156 4268 Philo·
1207 4196 1357 4266 maxime
1383 4199 1536 4269 oderunt
1561 4223 1638 4268 eam
1666 4199 1709 4282 ii,
1743 4199 1804 4291 qni
1832 4201 2014 4271 doctrinae
2043 4201 2134 4270 fama
2157 4227 2197 4271 ac

165 4297 290 4391 sophia
314 4299 404 4384 dici,
438 4312 602 4368 nontam
622 4311 662 4368 ut
684 4298 861 4388 specimen
880 4300 1064 4371 doctrinae
1088 4326 1157 4370 no-
1207 4297 1320 4369 titulis
1338 4321 1375 4367 se
1397 4303 1439 4367 ad
1462 4299 1635 4390 populum
1653 4301 1853 4381 venditant,
1881 4327 1961 4370 cirin
1978 4305 2121 4395 quidem
2141 4325 2197 4373 eas

165 4417 256 4472 strae
275 4395 518 4484 exiribeamns,
543 4424 648 4493 quam
676 4413 715 4469 ut
737 4400 878 4491 publice
899 4401 1070 4477 iudicium
1088 4428 1157 4473 no-
1207 4399 1299 4491 ipsas
1318 4415 1429 4484 artes,
1456 4424 1541 4492 quas
1559 4401 1786 4490 profitentur,
1813 4403 1889 4472 sine
1908 4399 1972 4473 hac
1996 4420 2094 4496 parte
2111 4399 2197 4473 Phi-

166 4518 278 4572 strum
314 4503 359 4568 de
391 4501 520 4570 artium
548 4502 736 4592 dignitate,
780 4526 867 4596 quas
900 4502 1034 4574 indocti
1068 4530 1155 4574 con·
1206 4496 1387 4592 losophiae
1404 4501 1492 4571 tueri
1509 4503 1610 4571 nullo
1626 4507 1731 4572 modo
1747 4505 1894 4595 possint.
1936 4504 2006 4575 Sed
2024 4532 2097 4574 noo
2111 4505 2198 4576 libet

166 4616 347 4685 temnunt,
369 4601 601 4686 declaremus,
626 4629 666 4673 ac
683 4618 869 4686 testemur,
896 4630 961 4675 nos
982 4632 1061 4676 curn
1086 4603 1153 4675 boc
1206 4607 1249 4671 de
1276 4604 1443 4672 monstris
1465 4603 1536 4671 illis
1562 4629 1602 4674 ac
1629 4607 1785 4696 pestibus
1815 4629 1933 4673 rerum
1958 4601 2195 4688 humanarum

165 4707 278 4796 gradu
295 4699 442 4773 honoris
459 4725 578 4769 earum
602 4706 837 4794 patrocioinm
853 4731 894 4776 ac
912 4709 1153 4777 defensionem
1205 4703 1307 4794 plura
1325 4706 1453 4774 dicere.
1505 4703 1661 4775 Tantum
1679 4729 1736 4773 eos
1753 4699 1984 4788 adhortabor,
2002 4710 2061 4797 qui
2077 4708 2195 4777 sanio-

166 4808 298 4898 optima
314 4804 497 4873 voluntate
510 4803 699 4892 suscipere:
725 4805 872 4875 Institui
886 4824 921 4875 et
934 4808 1018 4896 ipse,
1039 4832 1154 4899 quan·
1205 4804 1306 4873 ribus
1338 4805 1490 4895 ingeniis
1519 4805 1689 4895 praediti,
1727 4827 1808 4883 vera
1839 4827 1878 4872 ac
1902 4806 2079 4876 durabilia
2101 4810 2195 4882 hona

166 4923 241 4978 tum
256 4902 341 4976 haec
359 4900 526 4994 temporis
549 4908 708 4992 angustia
725 4905 826 4989 sinit,
852 4904 987 4998 aliquid
1005 4911 1050 4975 de
1065 4902 1153 4976 l’lti-
1205 4904 1410 4997 inquirunt,
1443 4921 1477 4975 et
1503 4917 1679 4994 expetunt.
1741 4901 1788 4972 lis
1816 4899 1907 4976 hanc
1932 4910 1976 4977 ad
2001 4913 2195 4981 eaducem

166 5007 348 5100 losophiae
363 5006 528 5075 laudibus
536 5004 669 5076 dicere.
1205 5022 1401 5076 monstrare
1417 5019 1451 5075 et
1468 5006 1715 5073 commendare
1730 5005 1846 5097 cupio.

266 5111 378 5181 Porro
393 5131 507 5202 neque
524 5119 632 5174 totam
648 5107 832 5195 complecti
848 5131 943 5176 nunc
958 5130 1152 5198 possumus,
1305 5103 1467 5189 Primum
1489 5105 1583 5173 eniln
1609 5130 1687 5174 cum
1707 5100 1791 5176 baec
1808 5102 1964 5198 cognitio
1980 5112 2131 5181 maxime
2148 5108 2196 5184 sit

164 5238 280 5310 neque
303 5215 347 5282 de
369 5211 441 5282 ulla
469 5221 569 5304 parte
597 5208 681 5279 satis
707 5208 837 5282 dicere.
886 5207 973 5279 ldeo
996 5210 1152 5313 bresiter
1202 5211 1397 5279 secundum
1431 5219 1615 5292 naturam,
1653 5203 1745 5277 nibil
1773 5233 1812 5279 ea
1849 5235 1965 5304 neque
1999 5209 2183 5286 honestius
