4748 6022
62 361 142 443 aas
650 336 1069 444 ouausrrotsns
1106 318 1510 424 a'canaasscau
2021 345 2096 418 aso

61 519 393 611 articulusgeueris
413 519 621 601 foeminini,
645 533 686 591 ut
704 521 819 591 foetus
836 517 1056 610 intelligatur
1105 541 1207 605 nam,
1232 530 1273 590 nt
1293 513 1423 589 Daniel
1442 516 1626 605 nominat,
1651 526 1761 617 quare
1783 513 2003 609 Redemptor
2027 539 2094 585 no-

63 648 140 698 uon
161 647 204 696 ex
226 623 325 693 virili
345 622 617 708 semimortua,
641 622 703 692 sed
726 648 767 693 er
789 635 899 693 matre
917 622 1054 712 virgine
1104 622 1260 694 minetur
1272 615 1403 694 sitoht

64 742 190 814 natus,
220 725 312 797 sicut
330 724 461 796 diserte
481 725 616 795 dictum
639 738 705 795 est:
731 721 861 796 Semen
880 723 1054 799 mulieris.

64 829 164 902 llaec
185 853 261 899 uon
281 852 303 898 a
326 826 432 899 nohis
453 827 600 897 conficta
620 839 673 897 est
694 825 959 918 interpretatio,
991 827 1051 895 sed

64 928 175 1003 habet
194 944 335 1003 autores
358 942 492 999 veteres
508 925 676 1001 Ebraeos.
725 924 819 999 Cum
838 941 955 998 autem
977 927 1053 998 loe-

63 1047 142 1106 tum
166 1033 283 1103 dicere
303 1030 429 1112 vellet,
455 1050 539 1100 usus
552 1042 603 1099 est
618 1030 727 1099 verbo
742 1030 961 1121 significante
978 1029 1052 1121 pel·

64 1136 136 1206 lem
151 1135 305 1204 maxime
318 1132 499 1220 fragilem,
526 1143 567 1200 ut
582 1130 837 1220 significaretur
852 1131 966 1224 passio
982 1128 1053 1201 hu-⁴

65 1238 122 1306 ius
143 1234 406 1328 Redemptoris.
458 1231 584 1321 Qualis
605 1233 770 1324 pellicula
796 1246 850 1303 est
871 1232 965 1301 filius
984 1232 1052 1303 Dei

29 1424 33 1431 ι
65 1340 198 1411 sudans
225 1337 432 1426 sauguinem
460 1334 500 1403 iu
523 1357 654 1423 agone,
686 1347 722 1405 ct
741 1335 872 1405 deinde
892 1336 1054 1427 pendens

64 1440 105 1511 in
120 1463 223 1511 cruce
240 1438 446 1508 vulneratus
459 1449 494 1505 et
508 1435 705 1504 laceratus?

166 1538 264 1611 Haec
285 1540 410 1628 iugens
430 1536 619 1608 iufirmitas
638 1537 831 1626 significata
855 1549 927 1621 est,
962 1559 1054 1632 quae

65 1656 184 1716 tamen
199 1652 434 1725 sustentatur,
458 1638 542 1732 quia
557 1640 658 1710 unita
673 1654 724 1710 est
739 1639 883 1710 divinae
896 1652 1053 1725 naturae,

64 1744 155 1816 etin
170 1766 211 1812 ea
226 1739 325 1812 Deus
340 1754 391 1811 est
409 1745 636 1834 σωματικῶς.

169 1842 413 1934 Adspicieutes
436 1857 554 1913 autem
577 1856 611 1912 et
634 1837 726 1911 hanc
743 1841 930 1910 laceratam
948 1836 1054 1928 pelli·

65 1947 201 2032 culam,
224 1961 260 2016 et
280 1959 400 2038 postea
418 1967 458 2014 er
477 1939 543 2012 hac
559 1944 748 2032 fragilitate
765 1941 989 2012 exuscitatam
1006 1940 1051 2008 ad

65 2062 244 2119 aeternam
271 2045 442 2136 gloriam,
475 2046 521 2113 de
550 2045 656 2113 nobis
680 2067 825 2138 quoque
848 2043 1053 2133 cogitemus.
1324 2123 1330 2137 ⁸
1442 2097 1451 2113 .
1728 2095 1737 2110 .
1807 2094 1816 2109 .
1949 2116 1956 2131 Ι
2058 2104 2064 2110 ,

966 2135 976 2163 s
1103 2109 1180 2166 tum
1194 2119 1285 2173 esse,
1307 2110 1425 2166 tamen
1440 2121 1478 2166 in
1496 2119 1621 2186 magua
1634 2094 1864 2164 mrilutudme
1879 2089 2092 2161 ludaeorum

63 2146 138 2220 Nos
152 2172 235 2266 vere
249 2162 284 2287 et
301 2146 414 2286 reipsa
427 2167 553 2264 sumus
563 2146 706 2263 sordida
725 2159 760 2216 et
772 2157 915 2288 eruenta
928 2166 1053 2237 χορια,
1103 2209 1200 2268 tama
1230 2198 1299 2267 fuit
1324 2197 1533 2287 pergenitus
1555 2209 1589 2266 et
1612 2193 1828 2287 pergama,
1857 2209 1898 2262 ut
1919 2192 2093 2280 fingerem

63 2260 303 2321 ⁰⁰¹¹l³¹¹¹¹¹¹⁴¹³
316 2258 478 2338 P‘fflm’
504 2270 555 2315 ¹²¹
573 2259 716 2328 ¹¹¹⁰¹²¹³’
743 2247 884 2316 lacem
901 2240 1053 2314 hmn'
1104 2296 1264 2389 politiam
1288 2295 1466 2368 iudaicam
1488 2309 1690 2388 perpetuam
1715 2297 1810 2379 lore,
1835 2308 1869 2364 et
1891 2292 1968 2364 eius
1989 2290 2092 2360 resti·

62 2351 119 2422 ὧι
133 2348 329 2420 d⁰¹⁰ribu⁸'
1103 2401 1258 2470 tuendae
1273 2422 1377 2470 causa
1398 2393 1608 2471 horribilem
1624 2397 1833 2468 seditionem
1848 2391 2002 2466 Adriani
2017 2386 2096 2460 lm-'

84 2550 93 2568 .
135 2446 242 2568 ‚Hm
270 2447 431 2567 mlmiu
457 2461 499 2519 ⁰⁸
526 2471 546 2517 ³
575 2446 680 2517 ”⁰15⁸
703 2450 838 2566 misem
858 2445 953 2566 filiu?
974 2441 1053 2532 Μ’
1104 2499 1277 2592 peratoris
1291 2512 1451 2591 tempore
1464 2512 1666 2582 moverent,
1689 2498 1836 2568 collecto
1851 2495 2005 2566 exercitu
2019 2506 2091 2563 tre-

64 2550 215 2639 lmulem
245 2551 446 2642 penwhm
475 2562 616 2620 mam
639 2572 738 2618 mm
761 2552 977 2639 ’dmm'
1018 2560 1053 2617 εἰ
1104 2615 1289 2671 centorum
1319 2601 1473 2671 millium
1496 2595 1684 2670 hominum
1706 2623 1748 2670 er
1772 2596 1949 2687 fugitivis,
1978 2606 2013 2665 et
2035 2616 2091 2664 se·

64 2675 130 2745 ΡΝ
158 2653 263 2721 ¹¹⁰¹’¹⁸
292 2651 435 2723 ΜΨ
462 2652 576 2722 ‘²⁶²⁰‘
602 2663 674 2730 ‘⁸²’
707 2663 742 2721 ‘¹
764 2649 847 2744 ‘³⁰⁵⁸
870 2662 923 2720 ²⁸²
944 2640 1054 2745 ²⁶⁷⁰⁶
1104 2701 1243 2772 aiaton
1271 2699 1424 2778 nasein
1498 2698 1582 2773 nux
1610 2697 1718 2772 husus
1749 2696 1992 2770 martineus·
2020 2693 2091 2766 nis

1101 2797 1212 2874 homo
1235 2804 1410 2890 furiosus,
1434 2802 1498 2896 qui
1519 2803 1706 2896 praecipue
1725 2800 1765 2870 in
1779 2795 2001 2872 Christianos
2014 2821 2091 2866 ma·

1103 2927 1208 2996 gnam
1233 2907 1477 2983 crudelitatem
1497 2904 1672 2988 exercuit,
1700 2903 1763 2997 qui
1782 2902 1849 2973 sibi
1873 2924 2006 2973 nomen
2026 2897 2091 2970 tri-

1103 3005 1182 3097 buit
1203 2999 1444 3094 Bencochab,
1474 3005 1509 3077 id
1534 3019 1605 3092 est,
1638 3004 1733 3075 filius
1752 3003 1884 3079 stellae.
1936 3000 2026 3074 Nam
2050 3013 2092 3069 ut

1102 3107 1327 3179 autoritatem
1351 3121 1513 3201 augeret,
1543 3106 1777 3201 detorquebat
1801 3110 1845 3176 ad
1870 3128 1944 3175 sese
1968 3100 2092 3174 vatici-

1103 3207 1222 3278 nium:
1256 3204 1406 3280 Orietur
1425 3209 1526 3280 stella
1549 3232 1591 3279 er
1613 3205 1731 3278 lacob.
1788 3204 1981 3304 Postquam
2006 3227 2091 3275 vero

1103 3309 1214 3381 tristis
1235 3326 1382 3383 eventus
1403 3309 1560 3384 ostendit
1579 3310 1806 3398 impostorem
1823 3309 1948 3393 fuisse,
1973 3305 2092 3376 nomi-

1103 3423 1280 3482 natusest
1303 3436 1323 3482 a
1345 3410 1587 3505 scriptoribus
1606 3403 1814 3496 Bencosbs,
1838 3410 1876 3480 id
1901 3420 1973 3495 est,
1997 3407 2098 3505 filius,

1104 3513 1292 3584 mendacii.

1204 774 1344 847 Harum
1359 788 1539 855 tantarum
1552 798 1672 848 rerum
1683 772 1909 865 explicationi
1920 772 1988 842 alia
2000 785 2090 842 tem-

1105 900 1190 967 pora
1220 878 1411 949 tribuenda
1437 890 1532 951 sunt.
1596 874 1702 946 Nunc
1726 868 1863 948 tantum
1888 896 2092 944 commone-

1103 979 1292 1051 factionem
1325 979 1479 1058 recitabo
1508 979 1552 1059 de
1582 976 1833 1068 depravatione
1862 971 1969 1045 huius
1994 974 2092 1060 dicti,

1104 1105 1195 1173 quae
1228 1076 1426 1151 horrendos
1462 1081 1600 1153 furores
1636 1081 1731 1170 apud
1764 1075 1912 1148 ludaeos
1944 1074 2090 1168 peperit.

1102 1178 1195 1253 Cum
1218 1195 1289 1252 tam
1307 1206 1420 1260 annos
1435 1183 1611 1271 sexaginta
1627 1184 1673 1251 ah
1687 1179 1823 1250 excidio
1841 1191 2015 1270 postremo
2032 1174 2091 1246 le·

1103 1282 1319 1378 rosolymae,
1340 1284 1484 1355 urbium
1501 1285 1655 1367 cineres,
1679 1294 1713 1351 et
1729 1281 1856 1352 rudera
1871 1273 1936 1351 καὶ
1950 1272 2090 1374 ἐρείπια

1104 1500 1139 1558 et
1162 1486 1293 1556 scirent
1318 1485 1438 1557 ludaei
1460 1483 1643 1577 Haggeum
1669 1483 1899 1578 praedixisse,
1933 1478 2090 1553 Redem-

1105 1605 1240 1681 ptorcm
1271 1588 1308 1656 in
1336 1588 1399 1659 illo
1428 1588 1505 1680 ipso
1532 1588 1664 1677 templo
1688 1585 1982 1657 concionaturum
2006 1603 2091 1667 csse,
2150 1605 2163 1614 ²

1104 1691 1199 1784 quod
1233 1702 1311 1779 post
1338 1691 1491 1760 reditum
1514 1714 1556 1760 er
1578 1687 1763 1784 Babylone
1784 1699 1979 1757 extructum
2004 1695 2090 1762 erat,

1104 1805 1139 1863 et
1160 1790 1266 1863 Iacob
1294 1815 1334 1861 ac
1354 1788 1541 1861 Danielem
1571 1790 1803 1882 praedixisse,
1836 1799 1955 1880 postea
1982 1784 2090 1852 finem

1104 1892 1248 1985 politiae
1270 1890 1433 1964 iudaicae
1454 1895 1614 1965 futurum
1638 1914 1729 1975 esse,
1761 1905 1796 1961 et
1817 1888 1979 1959 miranda
2000 1886 2091 1955 sacta

63 2753 196 2825 aeterni
217 2754 345 2845 patris,
371 2774 437 2821 nos
452 2749 649 2840 Evangelio
663 2774 727 2820 suo
744 2752 916 2836 vivificat,
942 2762 976 2820 et
991 2771 1053 2838 ge-

63 2866 132 2924 stat
151 2876 217 2925 nos
240 2854 339 2924 velut
359 2857 404 2924 de
427 2853 560 2924 cervice
581 2875 643 2922 sua
668 2854 880 2942 pendentes,
902 2875 983 2921 cum
1006 2850 1053 2922 sit

65 2979 105 3026 os
120 2979 162 3026 es
177 2955 317 3027 ossibus
333 2953 484 3039 nostris,
508 2967 544 3025 et
560 2977 642 3024 caro
655 2955 700 3023 de
716 2976 820 3022 carne
837 2966 972 3022 nostra.

166 3053 258 3127 Cum
289 3069 406 3127 autem
430 3050 517 3125 haec
538 3051 764 3150 Etymologia
787 3055 832 3123 de
857 3055 954 3123 foetu
976 3075 1054 3121 am·

63 3155 261 3249 plissimam
293 3170 329 3228 et
363 3156 604 3229 dulcissimam
635 3155 834 3226 doctrinam
863 3153 1053 3241 contineat,

63 3279 139 3329 non
156 3259 378 3349 aspemauda
393 3270 463 3343 est,
485 3257 692 3351 praesertim
709 3281 790 3329 cum
806 3251 936 3328 habeat
949 3269 1053 3327 testes

63 3371 209 3433 veteres.
260 3354 411 3431 Etcum
434 3361 547 3453 prosit
560 3360 728 3431 omnibus
743 3359 966 3430 notissimam
979 3379 1053 3428 esse

62 3460 275 3531 seutentiam
300 3457 425 3542 laceb,
447 3473 482 3532 ct
505 3461 749 3544 dulcissimum
766 3460 832 3542 sit,
857 3473 979 3530 tenere
994 3456 1054 3527 iu-

61 3564 332 3652 terpretationes
340 3561 810 3640 concinnasvocsbulomm,
829 3554 1054 3630 deferolaane

60 3663 306 3752 quaestionem
343 3665 390 3733 ad
420 3661 672 3735 Reverendum
711 3662 830 3732 virum
859 3658 1052 3732 Doctorem
1205 3659 1297 3733 Cum
1331 3674 1449 3731 antem
1482 3655 1569 3733 haec
1601 3661 1770 3733 sediciosa
1802 3660 1995 3733 multitudo
2030 3659 2093 3732 lu-

62 3754 266 3855 Georgium
280 3755 486 3848 Maiorem,
509 3775 652 3856 etpeto,
675 3777 716 3834 ut
733 3776 877 3855 propter
894 3763 1054 3833 iuniores
1104 3766 1273 3835 dacorum
1296 3761 1510 3834 Palestinam
1539 3779 1575 3834 et
1596 3763 1737 3859 Syriam
1762 3764 1913 3834 vicinam
1942 3764 2113 3855 popula.

61 3859 242 3934 auditores
257 3862 435 3956 copiosius
447 3867 493 3934 dc
508 3888 549 3936 ea
565 3864 672 3940 dicat.
720 3862 815 3937 Dixi.
1105 3880 1221 3946 retur,
1255 3861 1437 3935 Adrianus
1463 3863 1657 3958 imperator
1684 3850 1821 3961 aliquot
1845 3863 1987 3957 praeliis
2014 3888 2093 3934 eam

1104 3967 1308 4058 dissipavit,
1337 3968 1376 4037 in
1399 3965 1530 4061 quihus
1548 3980 1666 4038 tamen
1688 3981 1723 4037 et
1738 3991 1863 4058 magna
1880 3968 2001 4037 caedes
2016 3961 2095 4038 Ro·

61 4106 239 4196 sos
679 4104 831 4176 aa,
852 4106 1053 4196 ooo
1103 4066 2095 4261 aautaltsattz⁶t÷:t;‚„t⁰‘trstates:

163 4259 278 4349 Vera,
301 4263 449 4355 simplex
465 4277 499 4336 et
514 4264 630 4333 nativa
646 4265 823 4336 sententia
837 4261 1054 4355 huiusdicti,
1104 4271 1196 4341 daici
1217 4270 1424 4354 nonrinant,
1458 4271 1520 4362 qui
1542 4270 1686 4364 quidem
1709 4223 1743 4341 cl
1761 4270 1914 4341 vicinam
1939 4293 2014 4342 esse
2035 4270 2091 4338 di·

61 4389 169 4460 quam
187 4361 390 4444 inEcclesia
404 4377 615 4438 notam-csse
627 4379 777 4457 oportet,
802 4368 962 4439 continet
977 4356 1053 4438 a‘m·
1104 4387 1189 4442 cunt
1213 4369 1470 4466 lerosolymae,
1497 4395 1606 4463 quare
1628 4395 1692 4461 ego
1714 4369 1897 4442 Bethoron
1921 4397 1993 4442 esse
2019 4371 2093 4441 eri-

59 4465 256 4562 plissimam
283 4466 501 4548 doctrinam,
540 4479 577 4538 et
596 4467 818 4537 dulcissimas
840 4470 1053 4540 consolatio-
1103 4473 1228 4557 stimo,
1269 4496 1360 4565 quae
1389 4472 1459 4543 tuit
1487 4471 1525 4540 in
1557 4472 1669 4544 limite
1699 4476 1803 4544 sortis
1832 4469 2025 4563 Ephraim,
2060 4486 2094 4542 et

61 4590 136 4639 nes.
188 4563 262 4651 lies
276 4589 360 4637 vero
376 4568 532 4640 breviter
546 4567 617 4638 dici
633 4582 746 4660 potest
760 4571 807 4638 de
821 4564 878 4639 his
892 4572 1053 4643 maximis
1101 4575 1281 4666 quondam
1298 4598 1318 4645 a
1335 4570 1528 4645 Salomone
1544 4576 1681 4645 munita
1699 4574 1825 4646 isserat.
1877 4571 1919 4642 ln
1937 4575 1972 4642 id
1989 4572 2095 4665 oppi-

61 4667 186 4751 rebus,
210 4690 320 4761 quare
336 4670 528 4740 constituta
543 4670 590 4742 sit
603 4667 733 4741 Politia
749 4667 919 4758 Mosaica,
944 4696 1051 4767 quam
1102 4680 1188 4756 dum
1204 4672 1450 4746 inclususDur
1466 4700 1547 4746 cum
1563 4692 1661 4769 parte
1673 4677 1868 4768 copiarum,
1893 4687 1968 4743 toto
1980 4674 2094 4743 trien·
2151 4715 2161 4728 ·

62 4768 168 4839 dulce
196 4767 406 4837 beneficium
435 4765 504 4838 Dei
533 4770 660 4855 suerit,
698 4766 830 4842 habere
856 4769 1050 4844 Ecclesiam
1103 4777 1166 4845 uio
1188 4789 1224 4846 et
1245 4799 1303 4844 sex
1324 4776 1508 4848 mensibus
1523 4777 1747 4847 obsidionem
1763 4773 1938 4845 toleravit.
1990 4771 2107 4844 Tau·'

62 4881 199 4943 certum
223 4864 417 4959 hospitium
440 4869 479 4937 in
501 4890 629 4957 genere
648 4867 826 4956 humano,
864 4889 899 4944 et
921 4890 1050 4944 certam
1102 4876 1184 4945 dem
1206 4891 1418 4967 consumpto
1433 4879 1608 4961 exercitu,
1632 4873 1816 4969 partimin
1834 4875 2094 4967 eruptionibus,

61 4968 244 5042 doctrinae
266 4971 406 5055 sedem,
431 4984 594 5041 ornatam
618 4969 817 5042 illustribus
840 4973 1051 5042 testimoniis
1102 4976 1232 5067 partim
1253 4978 1452 5065 pestilentia
1473 4992 1508 5046 et
1527 4979 1640 5059 tame,
1665 4975 1837 5067 oppidum
1853 4991 2094 5070 expugnatum

60 5098 82 5144 a
96 5069 195 5154 Deo,
219 5069 394 5157 victoriis,
419 5083 456 5142 et
477 5069 652 5141 mirandis
666 5071 768 5141 iactis
781 5069 1051 5164 Prophetarum,
1102 5090 1174 5162 est,
1199 5091 1234 5148 et
1248 5074 1330 5149 Dus
1347 5078 1417 5148 sibi
1434 5078 1509 5168 ipse
1525 5091 1673 5149 mortem
1689 5077 1879 5164 conscivit,
1905 5094 1940 5149 et
1953 5078 2017 5172 qui
2033 5103 2093 5148 re·

60 5173 192 5242 deinde
214 5195 322 5266 quare
340 5165 426 5243 haee
446 5166 684 5265 pulcherrima
699 5171 842 5262 politia,
868 5172 1051 5245 manifesta
1101 5178 1193 5271 liqui
1217 5193 1337 5261 erant,
1358 5178 1533 5250 interfecti
1557 5191 1651 5249 sunt.
1702 5175 1772 5249 Hic
1794 5179 1863 5251 fuit
1878 5181 1992 5251 exitus
2008 5203 2093 5250 cru·

61 5272 131 5346 Dei
153 5298 239 5344 voce
253 5274 460 5373 constituis,
486 5298 567 5345 cum
582 5273 742 5345 durasset
755 5273 854 5342 mille
867 5274 1051 5366 octingeu-
1100 5279 1274 5351 delissimi
1297 5277 1480 5372 Tyranni,
1513 5279 1575 5371 qui
1597 5281 1769 5369 gloriatus
1791 5282 1985 5365 fuerat,.se
2008 5281 2093 5350 stel-

62 5393 118 5448 tos
134 5388 169 5446 ct
181 5377 272 5447 duos
287 5398 420 5462 annos,
443 5376 606 5447 funditus
619 5375 734 5445 deleta
749 5373 812 5458 sit,
836 5376 923 5468 quid
939 5377 1050 5449 inter·
1099 5382 1172 5453 lam
1196 5404 1289 5468 esse,
1312 5382 1359 5450 de
1376 5403 1447 5475 qua
1468 5381 1557 5452 dicit
1573 5382 1798 5455 vaticinium:
1825 5378 1978 5454 Orietur
1991 5382 2094 5465 stella
2124 5449 2127 5455 ,

60 5478 107 5554 sit
135 5477 230 5549 iuter
258 5476 511 5572 paedagogium
539 5477 646 5570 legis,
678 5492 714 5551 et
739 5475 916 5549 iusticiam
937 5493 1051 5561 aeter·
1100 5508 1142 5554 ex
1159 5481 1276 5557 Iacob.

1103 1383 1344 1470 testimonium
1359 1387 1530 1471 dicerent,
1553 1384 1659 1454 finem
1674 1405 1747 1453 esse
1761 1380 1905 1474 politiae
1919 1379 2094 1464 iudaicae,
2195 1422 2200 1427 .
2330 1395 2337 1401 “

1104 1991 1358 2084 Apostolorum
1387 2007 1616 2079 testarentur,
1654 1992 1929 2080 Redemptorem
1953 1981 2093 2058 crhibi·
2208 1997 2211 2001 ’
