4748 6022
55 305 139 398 ‘oss
554 314 864 412 auuooom
889 315 964 392 ur
997 310 1229 394 anavus
1262 290 1615 392 cormones.
2012 316 2093 393 ‘sss

63 500 180 568 decet:
201 489 242 564 'et
259 507 377 564 tamen
395 515 470 562 mea
487 489 729 572 imbecillitas,
756 503 789 561 et
803 515 922 561 rerum
939 490 1052 581 impe·
1106 487 1252 576 cogitate
1272 480 1436 558 homines
1457 511 1531 557 non
1551 487 1712 559 conditos
1735 511 1827 576 esse,
1855 501 1895 559 ut
1916 489 2091 580 pecudum

64 599 146 670 ritia
161 590 251 665 mihi
265 619 339 664 non
356 595 476 686 ignota
493 607 556 665 est.
595 590 686 663 Cum
706 593 859 682 primum
876 588 1055 676 bucveni,
1105 613 1203 660 more
1227 603 1398 678 vagentur
1421 589 1496 658 sine
1521 590 1676 680 legibus,
1710 592 1834 661 etsine
1859 591 2091 683 cupiditatum

63 698 214 792 promisi
229 720 285 766 me
302 691 410 767 buius
424 691 636 766 Academiae
657 695 953 782 gubernatoribus
969 696 1055 763 obe-
1106 691 1231 775 frenis,
1258 687 1412 761 sed'Deo
1433 691 1571 773 vivere,
1595 705 1630 764 et
1650 693 1777 761 debere
1797 693 1872 764 Deo
1894 694 2092 763 conformes

64 801 222 871 dientem
236 799 321 872 fore.
369 796 490 886 Quare
501 796 725 867 autoritatem
743 808 894 865 vestram
910 795 1055 864 nonfa-
1106 816 1190 878 esse,
1206 816 1285 863 cum
1301 792 1372 861 sint
1385 792 1555 881 imagines
1569 794 1655 879 eius,
1669 807 1703 864 et
1717 794 1802 864 velit
1817 795 1861 863 ab
1878 795 1926 863 eis
1939 793 2126 885 agnoscis

65 901 133 972 tile
147 901 312 989 defugere
327 921 481 991 possum.
1104 907 1144 965 ιιι
1158 915 1232 963 sese
1246 893 1296 962 eis
1313 894 1572 964 communicare
1589 895 1716 985 possit,
1741 917 1800 964 eos
1821 896 2035 985 gubernare,
2056 908 2092 965 et

1104 1018 1265 1087 spargere
1283 996 1320 1063 iu
1340 1018 1398 1063 eos
1415 1018 1497 1065 suae
1515 996 1622 1080 lucis,
1648 997 1856 1089 sapientiae,
1882 1009 1917 1083 et
1933 995 2090 1068 iusticias

1103 1097 1230 1166 radios.
1283 1094 1420 1165 Deinde
1443 1112 1476 1167 et
1504 1093 1571 1168 boc
1595 1097 1760 1187 cogitate,
1788 1095 1995 1169 Academias
2018 1123 2091 1171 nou

1105 1197 1232 1267 debere
1254 1194 1467 1287 Gigantum,
1495 1212 1554 1268 aut
1571 1197 1765 1295 Cyclopum
1789 1201 1978 1274 exercitum
2006 1224 2090 1284 esse,

1105 1312 1165 1369 aut
1181 1298 1300 1370 Circes
1314 1298 1513 1383 stabulum,
1539 1303 1599 1370 sed
1615 1300 1680 1371 Dei
1704 1303 1893 1392 templum,
1917 1303 1955 1371 in
1972 1328 2042 1398 quo
2057 1316 2091 1374 et

1105 1396 1240 1471 habitet
1255 1396 1369 1485 Deus,
1396 1413 1428 1470 et
1444 1402 1574 1472 assidui
1596 1403 1668 1473 sint
1685 1403 1769 1471 casti
1787 1398 1916 1492 Angeli
1937 1417 2091 1495 tegentes

1104 1502 1243 1572 infirma
1259 1526 1406 1592 corpora
1422 1517 1546 1573 vestra.
1598 1500 1651 1574 Ac
1667 1503 1890 1574 manifestum
1909 1517 1969 1590 est,
1996 1506 2091 1574 mul—

1103 1616 1220 1674 torum
1244 1603 1283 1672 in
1308 1599 1373 1672 hae
1387 1600 1577 1674 Academia
1592 1619 1737 1677 aetatem
1758 1607 1863 1675 talem
1883 1627 1975 1691 esse,
2000 1628 2091 1698 quae

1103 1729 1185 1774 vere
1202 1719 1253 1776 est
1268 1705 1487 1775 domicilium
1501 1703 1586 1790 Dei,
1611 1720 1645 1777 et
1662 1731 1680 1773 a
1695 1707 1798 1777 castis
1813 1705 1959 1796 Angelis
1974 1719 2092 1776 custo-

1103 1807 1219 1891 ditur,
1242 1806 1332 1875 sicut
1355 1807 1523 1898 scriptum
1540 1822 1607 1877 est:
1635 1805 1763 1897 Angeli
1788 1832 1909 1878 eorum
1930 1807 1967 1877 in
1983 1806 2091 1878 coelis

1104 1932 1243 1999 semper
1256 1907 1381 1982 vident-
1395 1908 1518 1977 faciem
1535 1908 1655 2000 patris.
1691 1907 1828 1980 Horum
1847 1909 1974 1979 teneris
1991 1932 2091 1978 roen-

1104 2011 1199 2079 tibns
1214 2010 1369 2100 profecto
1386 2033 1524 2079 necesse
1539 2022 1591 2081 cst
1611 2011 1766 2081 inserere
1783 2033 1883 2080 veras
1900 2010 2091 2079 sententias

1104 2113 1148 2180 de
1175 2110 1267 2195 Deo,
1308 2111 1351 2178 de
1378 2111 1512 2199 legibus
1537 2107 1622 2194 Dei,
1662 2113 1707 2180 de
1734 2111 2012 2200 magistratibus,
2046 2113 2091 2181 de

1104 2212 1304 2303 disciplina.
1339 2209 1477 2281 Horum
1495 2213 1604 2280 animi
1624 2213 1891 2301 praemuniendi
1906 2227 1989 2282 suut
2005 2236 2090 2282 con·-

141 2273 281 2393 .D.⁰⁰m
304 2285 486 2344 aeternum
511 2288 646 2367 Patrem
670 2272 817 2344 D⁰m¹¹¹¹
841 2290 953 2371 ”9⁸¹⁰
973 2272 1053 2344 ¹³¹¹
1103 2327 1156 2383 tra
1172 2314 1263 2382 mala
1281 2313 1458 2405 exempla,
1485 2326 1520 2383 et
1535 2315 1748 2404 perniciosas
1766 2315 1965 2408 opiniones.
2005 2311 2089 2384 ldeo

63 2371 198 2448 ⁰th
216 2387 289 2443 ¹⁰¹⁰
306 2387 446 2465 pedm
459 2401 534 2462 Μ’
557 2391 596 2447 ¹¹⁸
613 2370 756 2468 perh⁰⁰
776 2393 940 2447 semem
954 2391 1052 2447 Μ’
1103 2415 1244 2484 assidue
1266 2427 1474 2505 repetuntur
1502 2414 1541 2483 in
1568 2417 1811 2505 congressibus
1838 2414 1969 2487 nostris
1991 2438 2091 2485 com-
2178 2460 2183 2473 ·

63 2477 275 2573 quiniffl‘m
293 2471 347 2545 ωε
363 2477 567 2566 regi⁰¹¹ib¹¹⁸
581 2481 762 2561 ⁶⁰⁰⁰⁰d³¹’
783 2492 817 2548 et
832 2472 925 2548 hanc
940 2472 1053 2549 seim*
1103 2516 1398 2596 monefactioncs,
1431 2540 1512 2585 cum
1537 2517 1581 2585 de
1602 2520 1747 2589 caeteris
1763 2516 1867 2588 rebus
1888 2516 2092 2605 cognitione

62 2580 133 2650 lam
157 2601 292 2671 nosque
316 2600 440 2647 omnes
459 2581 650 2650 clementer
674 2581 866 2670 gubernet,
892 2593 1054 2672 protegat
1103 2618 1240 2709 dignis,
1266 2631 1343 2687 ,um
1359 2639 1443 2686 vem
1465 2630 1499 2687 et
1520 2619 1564 2688 de
1585 2619 1786 2690 obedientia
1803 2617 1897 2703 Deo,
1923 2631 1956 2688 et
1978 2617 2090 2708 magi·

64 2692 305 2751 ⁰t⁰⁰⁰⁸⁹tv⁸‘'
356 2679 452 2754 nui·
1101 2719 1269 2799 stratibus
1292 2718 1422 2790 debita.
1475 2715 1693 2790 Grandiores
1715 2722 1819 2792 etiam
1845 2721 2018 2802 obtestor,
2048 2732 2090 2789 ιιι

1103 2832 1138 2891 et
1171 2819 1237 2912 ipsi
1273 2820 1384 2890 velint
1415 2841 1489 2890 esse
1518 2821 1739 2892 domicilium
1763 2821 1846 2904 Dei,
1878 2834 1912 2892 et
1935 2820 2091 2910 cogitent

757 2978 760 2982 a
1103 2945 1208 3015 quam
1234 2920 1402 2991 miserum
1426 2934 1462 2992 et
1482 2916 1701 2992 horrendum
1723 2924 1769 2992 sit
1791 2944 1933 2991 manere
1953 2915 2089 2992 hostem

744 3049 801 3111 ιγ,
824 3041 909 3125 Sept.
930 3043 1029 3109 1559,
1102 3021 1190 3106 Dei,
1210 3021 1391 3115 aspernari
1408 3023 1614 3114 sanguinem
1635 3025 1700 3094 lilii
1717 3022 1801 3109 Dei,
1824 3046 1896 3094 esse
1916 3046 2088 3113 organum

709 3140 1048 3179 m
1103 3123 1349 3206 diabolorum,
1380 3124 1444 3214 qui
1465 3125 1594 3217 impios
1619 3126 1657 3195 iu
1680 3127 1790 3196 multa
1813 3125 1963 3210 scelera,
1994 3138 2028 3194 et
2050 3123 2088 3192 in

132 3249 163 3305 tn
181 3249 347 3304 orationum
367 3247 401 3307 Τ.
417 3249 447 3304 v.
466 3250 580 3321 prate
621 3286 646 3319 .,
668 3249 697 3303 tn
720 3249 903 3305 Orationibus
923 3259 1054 3321 poserem,
1103 3223 1319 3294 tristissimas
1339 3214 1546 3314 co‘rporum,
1572 3238 1605 3297 et
1623 3229 1822 3297 animarum
1837 3248 1968 3320 poenas
1989 3247 2089 3318 prae-

164 3337 193 3392 ι’·
206 3319 266 3377 ¹⁵⁵·
279 3329 306 3374 0¹
319 3318 390 3392 *ΡΜ
403 3318 532 3378 ltietud.
545 3319 578 3378 T·
615 3319 740 3392 ·t³·⁴⁰⁵·
863 3337 868 3352 '
1105 3325 1269 3416 cipitant;
1304 3348 1426 3394 omnes
1448 3327 1556 3414 igitur
1570 3352 1692 3397 vocem
1707 3326 1775 3398 Dei
1795 3329 1999 3414 audiamus,
2024 3326 2089 3422 qui

1102 3426 1238 3520 inquit:
1264 3421 1526 3495 Convertimini
1547 3427 1590 3496 ad
1613 3451 1689 3512 me,
1713 3441 1747 3497 et
1763 3449 1826 3516 ego
1845 3442 2030 3499 convertar
2042 3430 2089 3499 ad

1104 3549 1181 3615 vos,
1201 3540 1237 3597 et
1249 3525 1456 3596 ardentibus
1472 3527 1563 3599 votis
1575 3523 1679 3597 aDeo
1695 3543 1867 3620 petamus,
1890 3542 1931 3600 ut
1946 3542 2089 3621 propter

1101 3629 1214 3698 filiurn
1232 3651 1297 3697 nos
1310 3627 1500 3698 clementer
1514 3629 1671 3722 recipiat,
1684 3643 1717 3700 et
1726 3629 1864 3721 Spiritu
1879 3654 1943 3701 suo
1956 3642 2089 3716 sancto,

1102 3743 1197 3800 casto
1213 3744 1248 3802 ct
1264 3729 1379 3799 veraci
1396 3730 1578 3820 gubernet.
1612 3729 1745 3800 Misera
1759 3727 1947 3800 bominum
1963 3746 2088 3802 natura

61 3815 162 3904 Cum
175 3830 262 3901 velit
277 3827 374 3900 Deus
388 3841 508 3899 coetus
526 3853 599 3900 esse
619 3830 822 3902 docentium
851 3847 885 3904 ct
913 3833 1053 3902 discen·
1102 3831 1204 3902 facile
1225 3831 1365 3903 aberrat
1387 3856 1405 3900 a
1422 3845 1517 3901 recto
1540 3836 1601 3902 sda
1619 3833 1832 3903 infirmitate.
1884 3829 1932 3903 Et
1949 3833 2090 3903 verissi-

60 3933 174 4017 tium,
197 3931 281 4024 quia
296 3954 382 4000 voce
400 3931 539 4010 divina,
566 3945 600 4002 et
616 3955 690 4001 oon
708 3932 811 4002 aliter
825 3947 966 4004 aeterna
980 3931 1051 4005 Ec·
1102 3957 1199 4002 mum
1216 3947 1266 4004 est
1281 3932 1369 4003 illud
1385 3932 1644 4008 Simonideum.
1692 3926 1774 4004 Non
1797 3933 1900 4004 facile
1917 3947 1968 4004 est
1990 3933 2088 4004 nasci

60 4032 167 4107 clesis
188 4028 265 4102 Deo
291 4031 489 4122 colligitur,
521 4056 678 4103 amemus
704 4047 738 4104 et
766 4034 841 4126 ipsa
868 4037 1050 4106 doctrinae
1099 4026 1357 4133 τετράγωνον,
1390 4034 1426 4103 id
1448 4048 1517 4119 cst,
1548 4035 1752 4126 perfeetum.
1809 4034 1879 4106 Sed
1901 4049 2018 4106 tamen
2047 4033 2087 4104 in

60 4136 195 4219 studia,
229 4146 266 4205 et
300 4127 387 4203 baec
419 4134 559 4223 agmina
592 4134 745 4205 sciamus
768 4129 897 4205 babere
924 4139 1050 4206 docem
1101 4136 1231 4207 teneris
1245 4135 1372 4205 animis
1389 4137 1540 4206 multum
1559 4135 1597 4204 in
1613 4150 1789 4230 utranque
1801 4149 1935 4229 partem
1952 4134 2088 4206 doctri-

61 4238 174 4307 lilium
195 4232 263 4306 Dei
284 4226 400 4334 λόγου
422 4235 555 4305 aeterni
579 4236 708 4327 patris,
736 4250 770 4307 et
791 4232 947 4307 honestis
964 4239 1050 4329 legi·
1101 4261 1147 4306 na
1162 4236 1267 4311 valet.
1320 4234 1430 4307 Dulce
1451 4250 1503 4308 cst
1526 4237 1698 4309 libertatis
1721 4256 1874 4324 nornen,
1905 4250 1939 4308 et
1963 4260 2086 4308 vetum

60 4338 146 4421 bus,
181 4360 222 4406 ac
253 4337 441 4429 disciplina
468 4337 665 4408 consociata
702 4361 775 4406 esse
801 4353 983 4431 oportere,
1017 4354 1051 4410 et
1100 4353 1151 4409 est
1174 4337 1265 4407 illud
1279 4335 1432 4408 Lucani:
1462 4335 1653 4409 Libertatis
1674 4339 2088 4411 amortotumcurdeci-

60 4461 184 4510 eorum
210 4438 497 4509 coniunctionem
530 4438 697 4508 omnibus
730 4439 856 4509 officiis
882 4443 1048 4513 tuendam
1100 4440 1154 4530 pis
1169 4439 1317 4510 orbem?
1343 4441 1438 4532 quod
1461 4441 1591 4510 rectius
1606 4441 1656 4511 sie
1671 4441 1863 4513 diceretur:
1897 4440 2088 4512 Libertatis

62 4562 149 4610 esse.
183 4534 284 4606 -tdeo
306 4539 408 4607 vobis
432 4540 524 4630 leges
546 4541 930 4636 recitantur,quarum
948 4568 1048 4634 prae·
1099 4564 1199 4611 amor
1214 4542 1362 4611 stultum
1377 4564 1441 4610 cur
1455 4541 1588 4632 decipis
1601 4542 1749 4611 orbem?
1772 4540 1888 4612 Avide
1908 4542 2016 4632 igitur
2029 4566 2088 4610 ac-

61 4639 186 4732 cipuae
212 4652 295 4707 sunt
320 4639 394 4730 ipsa
423 4666 492 4711 vox
517 4638 705 4733 Decalogi,
738 4657 775 4714 et
801 4655 882 4713 sunt
908 4644 1048 4714 additae
1099 4643 1282 4734 cipiuntur
1303 4641 1386 4712 illae
1409 4643 1617 4713 tribunitiae
1634 4643 1839 4725 conciones,
1869 4665 1958 4734 quae
1978 4641 2087 4711 liber·

60 4742 231 4836 quaedam
246 4740 289 4809 de
302 4740 525 4823 executione,
549 4764 655 4835 quam
671 4744 770 4813 Deus
787 4746 1049 4836 magistratibus
1100 4758 1205 4814 tatem
1231 4744 1464 4833 amplificant,
1492 4759 1525 4814 ct
1550 4747 1669 4814 frenos
1685 4742 1937 4831 cupiditatibus
1958 4741 2087 4828 laxant,

60 4840 255 4914 mandavit.
313 4839 420 4910 Scitis
446 4840 542 4908 enlm
567 4844 690 4912 deberi
710 4845 948 4915 obedientiam
975 4848 1049 4935 pri·
1101 4843 1217 4935 qualis
1246 4837 1332 4912 haec
1358 4857 1409 4914 est
1435 4846 1558 4913 concio
1585 4842 1800 4934 Cynicomm
1836 4841 2084 4936 potiusquam

60 4968 157 5014 mum
172 4940 261 5026 Deo,
286 4940 415 5012 deinde
428 4942 661 5031 magistratui,
686 4966 792 5037 quam
811 4956 851 5012 ut
865 4946 1047 5036 praestetis
1078 4972 1080 4976 ·
1097 4937 1401 5028 Christianorum,
1426 4968 1516 5037 quae
1533 4943 1745 5011 vociferatur
1762 4937 1853 5011 banc
1872 4942 2085 5035 propositio-
2144 4969 2148 4982 ·

59 5067 202 5118 movere
216 5066 279 5112 vos
292 5044 398 5114 debet
416 5042 588 5112 autoritas
602 5044 739 5127 divina,
765 5067 855 5137 quae
874 5047 920 5114 de
935 5043 1047 5114 Deca-
1098 5067 1180 5112 nem
1193 5045 1316 5114 falsam
1331 5068 1420 5114 esse:
1442 5047 1543 5115 Bona
1559 5066 1662 5134 opera
1677 5056 1760 5113 sunt
1775 5046 1978 5118 necessaria.
2010 5044 2085 5115 Mi-

59 5149 139 5236 logo
161 5145 294 5239 inquit:
322 5149 363 5213 ln
380 5143 573 5236 praeceptis
590 5144 678 5213 meis
699 5145 887 5216 aurbulate.
939 5143 986 5222 Et
1003 5149 1046 5215 de
1097 5145 1235 5216 rabitur
1250 5147 1432 5236 posteritas
1449 5146 1556 5215 fuisse
1572 5142 1726 5214 seculum
1742 5158 1812 5214 tam
1828 5148 2019 5229 furiosum,
2044 5149 2083 5215 in

57 5247 226 5338 legitimis
247 5246 508 5337 magistratibus
531 5246 595 5315 ait:
627 5243 774 5316 Necesse
796 5259 865 5331 est,
891 5248 1046 5333 obedire,
1096 5271 1166 5340 quo
1181 5247 1261 5317 talis
1276 5246 1413 5317 insania
1431 5244 1656 5338 applausores
1670 5241 1845 5320 habuerit.
1882 5247 1952 5318 Sed
1967 5247 2084 5318 videte

57 5374 133 5420 uon
154 5350 269 5418 solum
292 5361 438 5440 propter
456 5347 564 5433 iram,
590 5348 649 5417 sed
675 5348 779 5416 etiam
799 5361 943 5438 propter
959 5373 1046 5419 con·
1096 5346 1374 5439 impudentiam,
1409 5362 1449 5420 ιιι
1480 5347 1662 5418 stabiliant
1689 5343 1756 5417 hoc
1782 5361 1911 5419 tetrum
1937 5349 2084 5419 menda·

10 5518 13 5523 .
56 5451 250 5523 scientiam.
304 5448 506 5520 llaecdicta
521 5448 707 5520 sinteobis
721 5470 866 5519 normae
883 5451 988 5538 vitae,
1011 5466 1046 5525 et
1095 5449 1209 5537 cium,
1241 5463 1388 5523 assuunt
1419 5448 1603 5520 manifeste
1637 5452 1826 5541 depravata
1851 5448 1953 5520 Pauli
1980 5448 2084 5536 dicta,

165 1028 244 1107 Etsi
260 1032 368 1124 igitur
382 1057 438 1101 me
453 1029 601 1101 minime
615 1029 785 1100 idoneum
800 1031 843 1100 ad
861 1024 953 1099 hanc
970 1030 1049 1098 fun·

65 1137 217 1206 ctionem
241 1157 314 1204 esse
338 1133 515 1222 intelligo,
547 1147 581 1204 et
600 1133 646 1202 ob
669 1157 744 1201 cam
763 1155 903 1202 causam
927 1131 1053 1201 merito

63 1239 164 1306 illam
190 1239 382 1306 detrectare
405 1234 556 1325 possim,
592 1249 710 1306 tamen
739 1257 783 1302 ne
805 1233 1052 1302 vobis-minus

63 1338 252 1421 bbediens,
275 1350 336 1406 aut
354 1349 542 1405 contumax
559 1359 632 1404 esse
649 1334 787 1417 ridear,
810 1335 904 1426 quod
920 1331 996 1403 Deo
1013 1359 1054 1403 ac

57 1437 303 1528 Redemptore
329 1448 450 1506 nostro
472 1438 549 1506 lesu
569 1430 711 1507 Christo
734 1436 823 1505 duce
847 1448 882 1504 et
912 1435 1053 1526 auspice

64 1541 148 1610 felix
169 1539 393 1630 faustumque
418 1537 481 1622 sit,
510 1551 645 1607 vestrae
668 1535 844 1607 voluntati
873 1538 1054 1626 obtempe-

64 1642 172 1725 rabo,
201 1640 311 1728 fretus
341 1638 587 1708 benevolentia
610 1651 743 1721 restra,
775 1633 934 1731 mihique
957 1653 1052 1709 certo

63 1735 296 1834 persuadens,
331 1763 394 1809 vos
416 1751 450 1809 et
479 1740 630 1810 candido
655 1741 703 1809 de.
721 1761 777 1807 me
801 1738 933 1808 iudicio
957 1735 1053 1809 hunc

64 1841 228 1914 Rectoris
251 1841 394 1911 titulum
417 1853 521 1934 atque
546 1841 701 1912 officium
728 1842 771 1909 ad
799 1864 854 1908 mc
877 1840 1055 1925 detulisse,

65 1943 152 2013 etin
168 1937 234 2010 hac
248 1941 523 2030 gubernatione,
546 1955 621 2011 turn
635 1963 711 2025 me,
738 1953 813 2009 tum
832 1965 925 2022 eum,
947 1966 1051 2034 quem

61 2038 152 2113 mibi
169 2043 372 2113 adiuncturi
393 2043 494 2121 estis,
520 2056 636 2113 vestro
649 2039 817 2126 consilio,
842 2043 1052 2134 praeseutia,

62 2169 169 2237 opera
185 2157 219 2213 et
232 2143 420 2212 autoritate
433 2143 583 2233 benigne
596 2144 780 2214 adiuturos
795 2166 879 2213 esse.

63 2894 318 2914 Μ-

68 3034 241 3162 Q

10 3534 16 3548 .
60 3481 193 3553 oratio
211 3501 235 3552 o
252 3475 585 3573 christophoro
602 3483 836 3580 Burppruofo
857 3502 882 3551 a
898 3472 1052 3569 Dboa,

61 3582 213 3656 Boreae
223 3590 296 3653 etc.
309 3580 541 3654 Academiae
549 3587 720 3666 Restare,
743 3578 876 3653 babitu
891 3589 982 3651 uate
999 3582 1053 3653 le-

84 3705 176 3780 pram
190 3680 501 3778 scholasticorum
512 3685 807 3777 praelectionem
827 3682 884 3758 li.
900 3680 1028 3776 Septb'.
