4748 6022
161 250 237 330 868
744 245 1163 339 ΩὓΑΕδΤΙΟΝΕδ
1214 251 1613 363 ACADEMICAE.
2114 258 2193 334 884

168 457 245 508 cem
263 426 517 517 obligationem
538 421 753 512 intelligere,
777 447 927 516 quarum
950 425 1059 495 altera
1077 427 1147 496 tol·
1170 435 1175 536 j
1200 434 1373 516 Quantis
1410 439 1605 526 proposito
1648 433 1696 506 ab
1736 432 1992 525 adolescente,
2040 436 2191 510 Posala

152 540 273 615 litua,
298 531 410 602 altera
429 539 480 596 εει
503 539 655 598 aeterna.
703 524 759 596 Ac
778 525 955 617 sapienter
978 522 1064 596 haec
1089 551 1147 618 ge·
1171 552 1174 562 ·
1200 533 1359 624 Ebora,
1392 538 1549 610 Doctae-a·
1575 536 1789 610 cunrado
1816 538 2016 621 Becker,
2047 541 2194 619 Βηρω-

168 662 255 711 nera
269 637 476 705 discernunt
491 625 756 713 iurisconsulti,
789 630 987 699 naturalem
1012 629 1149 720 obliga·
1279 654 1287 665 ’
1342 642 1500 731 vicensi,
1528 639 1564 712 d.
1590 636 1625 713 5.
1651 639 1846 714 Navemtr.
1878 664 1914 714 tt.
1942 639 2053 718 1556·

170 743 325 820 tionem,
350 747 384 805 et
405 732 557 806 civilem.
608 727 735 802 Civilis
759 746 831 815 est,
856 755 936 799 cum
959 729 1149 820 Magistra.

171 861 227 916 tus
250 838 345 929 cogit
368 847 545 928 praestare
565 833 744 916 debitum,
770 846 804 902 et
825 834 929 924 punit
949 856 1022 901 non
1047 857 1151 924 prae-

169 957 331 1016 stantem.
382 934 436 1005 De
460 931 528 1004 hac
543 934 760 1024 obligatione
785 936 921 1028 inquit:
952 930 1052 1005 Nihil
1074 936 1152 1007 cui-

169 1071 239 1145 que
264 1039 438 1124 debeatis,
463 1037 591 1121 idest,
619 1050 753 1106 servate
773 1037 868 1125 leges
892 1050 1149 1125 contractuum,
1174 1088 1177 1124 ,

169 1174 237 1221 nec
254 1143 449 1216 sitisfures.
501 1136 554 1209 lta
577 1139 772 1209 sancitvox
799 1140 920 1210 divina
945 1141 1038 1229 leges
1063 1164 1149 1209 cou-

171 1263 368 1328 tractuum,
390 1256 424 1313 et
440 1243 518 1311 vult
534 1238 758 1313 Christianos
780 1242 816 1309 in
832 1236 888 1311 his
905 1242 1071 1312 civilibus
1095 1243 1152 1312 of·

171 1354 261 1425 ficiis
282 1351 411 1430 iustos,
445 1358 480 1414 et
506 1341 586 1413 non
616 1367 745 1428 vanos,
779 1368 853 1412 non
888 1345 1153 1414 defraudaturos

173 1479 258 1526 esse.
317 1444 366 1520 Et
390 1471 445 1516 res
469 1445 624 1518 ostendit
657 1469 779 1515 verum
815 1468 907 1530 esse,
944 1449 1038 1538 quod
1066 1447 1153 1518 dicit

172 1554 395 1628 Herodotus:
424 1545 519 1620 Eum
544 1548 605 1641 qui
627 1548 690 1618 diu
715 1549 838 1632 debet,
864 1549 974 1618 multa
997 1548 1153 1622 mentiri.

171 1657 220 1732 Et
244 1666 417 1751 quantum
442 1651 736 1740 impedimentum
758 1653 803 1720 sit
826 1650 864 1718 in
888 1651 1155 1740 gubernatione,
1307 1625 1475 1718 P¹⁰P⁰¹¹⁰
1496 1643 1614 1698 autem
1637 1632 1881 1724 qu³0⁵fi⁰¹¹2¹¹¹
1906 1633 2050 1723 dignm
2074 1632 2196 1702 ‘⁰⁰⁸5-

173 1762 378 1831 obaeratum
404 1776 494 1838 esse,
520 1753 675 1824 ostendit
698 1753 896 1844 exemplum
909 1749 1048 1822 Atticae
1065 1752 1153 1822 civi·
1207 1726 1407 1846 dffatfffllffl
1424 1830 1432 1847 α
1452 1726 1589 1848 Unam
1611 1724 1766 1802 Ρθδῖθΐῖ
1787 1731 1977 1804 Ecclesiae
1999 1741 2089 1804 “⁶1³
2111 1755 2196 1804 δίη·

133 1936 135 1940 ,
173 1863 277 1946 tatis,
303 1881 392 1952 quae
408 1879 488 1926 cum
511 1855 668 1949 elegisset
683 1854 817 1924 Ducem
844 1854 998 1946 peritum
1023 1867 1057 1923 ct
1080 1855 1155 1923 vir-
1207 1837 1311 1946 '‘fn'‘
1335 1840 1366 1899 ’ἶ
1387 1849 1470 1928 ΡὈ»
1509 1829 1615 1950 llssfai
1635 1828 1769 1903 ΜΨ
1793 1834 2011 1932 ΜΡθΓῘΟΝΜ
2037 1829 2195 1906 ‘misdi'

173 1979 249 2037 tutc
262 1972 515 2056 praestantem,
540 1957 601 2051 qui
616 1957 759 2026 nolebat
773 1957 929 2048 accipere
954 1956 1156 2047 imperium,
1209 1940 1360 2001 “mmm
1373 1934 1411 2002 in
1428 1929 1584 2028 Pm⁶d⁸⁰
1603 1935 1802 2024 “usibuwa
1830 1948 1869 2008 Ἀ
1891 1939 1964 2036 iPS‘
1984 1935 2062 2008 Sibi
2083 1963 2198 2008 “sum

174 2066 257 2162 quia
279 2074 367 2132 esset
391 2062 595 2142 obaeratus,
621 2059 745 2128 civitas
769 2058 910 2149 publice
925 2081 982 2127 aes
997 2059 1155 2127 aliedum
1200 2031 1370 2131 sumum
1387 2029 1553 2105 Imm?

172 2193 239 2261 pro
255 2190 297 2237 eo
317 2163 433 2233 solvit.
486 2159 532 2232 Ut
550 2172 667 2231 autem
686 2160 824 2230 iusticia
837 2162 956 2230 'bonae
972 2161 1156 2230 conscieu-
1309 2151 1364 2223 De
1380 2151 1446 2224 hac
1462 2156 1667 2249 quaestione
1683 2181 1724 2226 eo
1740 2159 1903 2251 disputo,
1923 2158 2004 2251 quia
2018 2157 2197 2227 nonnulli
2238 2241 2245 2249 ι

173 2273 243 2344 tiae
265 2292 325 2338 seu
350 2263 551 2335 obedientia
574 2264 613 2331 in
636 2262 804 2352 operibus
831 2288 849 2332 a
868 2262 944 2332 Deo
962 2262 1157 2354 praeceptis
1210 2270 1378 2326 excusant
1392 2252 1460 2328 hoc
1477 2255 1852 2352 exemploEpiscopos‚
1868 2262 2059 2330 retinentes
2073 2259 2198 2329 domi-

172 2368 365 2442 necessaria
381 2381 449 2447 est,
476 2368 521 2435 dc
537 2389 606 2458 qua
622 2365 767 2434 dicitur:
796 2364 838 2433 ln
853 2367 1047 2456 praeceptis
1069 2365 1157 2433 meis
1210 2358 1405 2431 nationem.
1460 2358 1521 2430 Sic
1533 2361 1643 2450 igitur
1656 2362 1784 2436 sentio.
1835 2362 1919 2432 Non
1935 2364 2047 2453 probo
2062 2361 2198 2432 articu-

173 2473 361 2545 ambulate.
422 2467 528 2539 ltem:
564 2466 801 2547 scortatores,
829 2467 1002 2550 adulteri,
1035 2462 1156 2536 homi·
1209 2462 1284 2530 lum
1311 2461 1555 2532 Wiclevicum
1585 2463 1624 2531 in
1647 2462 1794 2558 Synodo
1819 2463 2008 2535 Basiliensi
2031 2463 2200 2557 proposi-

172 2578 288 2657 cidae,
320 2596 395 2640 uon
426 2570 660 2661 possidebunt
684 2592 833 2659 regnum
859 2567 947 2638 Dei:
989 2569 1049 2641 Sic
1070 2570 1158 2640 obe-
1210 2578 1302 2634 tum:
1343 2562 1395 2632 Ne
1411 2562 1620 2637 Sacerdotes
1644 2559 1800 2638 habeant
1819 2581 1933 2637 certos
1956 2567 2114 2651 reditus,
2136 2571 2197 2636 sed

173 2677 307 2749 dientia
322 2675 361 2742 in
375 2667 446 2742 hoc
463 2685 669 2762 praecepto,
694 2695 769 2739 uon
787 2671 921 2740 furtum
939 2671 1064 2754 facies,
1092 2694 1156 2738 ne·
1209 2665 1332 2735 vivant
1351 2690 1393 2736 ex
1411 2666 1631 2759 quotidianis
1652 2669 1904 2764 eleemosynis,
1929 2683 1968 2740 ut
1988 2667 2197 2739 Francisca-

174 2776 321 2850 ccssaria
341 2788 403 2846 εει.
454 2772 599 2844 Etcum
625 2773 882 2864 praestitimus,
909 2773 1005 2864 quod
1030 2772 1158 2841 debui·
1210 2768 1264 2837 ni:
1290 2766 1360 2838 Sed
1376 2769 1494 2838 iudico
1511 2771 1687 2861 sapienter
1710 2786 1746 2842 et
1765 2772 1822 2864 pie
1848 2771 2084 2844 constitutum
2111 2793 2195 2853 esse,

173 2903 253 2950 mus
271 2876 490 2966 obligatione
507 2876 626 2959 civili,
652 2876 723 2944 iam
740 2871 827 2945 haec
849 2874 965 2942 civilis
988 2874 1158 2963 obligatio
1209 2885 1251 2943 ut
1267 2870 1354 2940 certi
1368 2872 1440 2942 siut
1455 2871 1590 2942 reditus
1607 2870 1814 2958 Pastorum,
1839 2888 1875 2944 et
1890 2888 1930 2944 ut
1946 2872 1993 2944 sit
2008 2873 2093 2944 talis
2115 2896 2196 2941 mo-

173 2994 302 3065 cessat,
328 2992 362 3049 et
379 2977 516 3067 legibus
531 2972 625 3045 nihil
640 2978 801 3048 debetur.
849 2974 921 3045 Sed
939 2975 1049 3045 altera
1064 2976 1158 3046 obli·
1210 2973 1295 3057 dus,
1319 2985 1360 3043 ut
1376 2998 1442 3044 nec
1458 2974 1600 3067 inopia,
1626 2998 1690 3044 uec
1707 2977 1851 3047 divitiae
1868 2976 2067 3068 impediant
2086 2973 2196 3044 mini-

174 3084 268 3176 gatio
283 3081 456 3151 naturalis
472 3092 611 3149 aeterna
625 3093 696 3159 est,
724 3102 792 3172 qua
808 3073 905 3146 Deus
924 3102 989 3147 nos
1012 3080 1054 3147 ad
1078 3101 1159 3170 per·
1210 3075 1369 3150 sterium.
1421 3073 1594 3147 Concedit
1610 3077 1704 3147 euim
1718 3079 1824 3149 nobis
1843 3074 2195 3167 omnibusEvange·

173 3200 315 3279 petuam
336 3181 563 3253 dilectionem
583 3181 733 3271 obligat,
759 3203 848 3274 qliae
863 3179 968 3250 debet
983 3193 1159 3272 praestare
1211 3179 1301 3248 lium
1317 3173 1447 3247 habere
1464 3178 1669 3270 proprium,
1695 3193 1735 3250 ut
1750 3181 1913 3251 concedit
1931 3180 1986 3250 uti
2002 3180 2084 3250 aliis
2107 3179 2197 3270 legi·

173 3290 288 3357 multa
302 3285 437 3370 officia,
462 3282 566 3353 ctiam
589 3307 663 3352 non
680 3281 799 3352 debita
816 3281 913 3350 civili
929 3281 1160 3372 obligatione.
1211 3280 1307 3351 timis
1323 3281 1613 3350 ordinationibus
1632 3283 1726 3352 vitae
1749 3283 1997 3352 oeconomicae
2016 3296 2053 3353 et
2070 3283 2194 3375 politi·

172 3389 284 3462 Dives
301 3388 404 3456 debet
417 3384 553 3456 Lazaro
569 3385 739 3477 opitulari
761 3407 840 3454 cum
868 3385 997 3474 possit,
1023 3385 1160 3455 etiamsi
1211 3406 1288 3466 cae,
1314 3397 1355 3454 ut
1370 3383 1540 3476 scriptum
1560 3397 1628 3454 est:
1654 3384 1784 3455 Fontes
1798 3385 1851 3455 tui
1868 3385 2077 3455 deriventur
2087 3384 2194 3467 foras,

174 3492 399 3582 magistratus
416 3511 490 3556 non
505 3486 768 3578 punitdivitem
780 3486 1003 3557 omittentem
1019 3482 1086 3555 hoc
1103 3488 1159 3555 ol·
1211 3498 1246 3556 et
1270 3499 1310 3556 tu
1323 3483 1502 3556 Dominus
1524 3509 1645 3556 eorum
1670 3501 1824 3558 maneto.
1876 3486 1917 3558 Si
1939 3487 2052 3576 igitur
2075 3500 2195 3578 pastor

172 3597 303 3667 licium.
330 3589 403 3661 Nec
413 3603 522 3659 cessat
532 3584 618 3659 haec
629 3588 810 3678 obligatio,
820 3587 1158 3659 etiamcumLazaro
1212 3584 1341 3658 habeat
1362 3588 1400 3656 in
1424 3613 1489 3659 suo
1514 3589 1627 3658 fundo
1659 3589 1942 3659 iurisdictionem
1964 3589 2196 3680 superiorem,

174 3699 271 3768 dedit
288 3692 444 3786 aliquid,
469 3694 527 3760 sed
547 3706 665 3761 manet
682 3686 816 3773 adhuc,
843 3691 925 3781 quia
947 3705 1000 3760 εει
1022 3692 1159 3781 obliga·
1211 3715 1286 3760 non
1312 3691 1565 3782 impedientem
1587 3691 1844 3776 ministerium,
1867 3705 1985 3783 potest
2010 3714 2089 3761 eam
2109 3690 2196 3760 reti·

174 3801 244 3889 tio,
272 3821 341 3889 qua
357 3793 454 3864 Deus
469 3817 607 3884 semper
624 3793 701 3863 vult
719 3814 784 3860 nos
800 3791 870 3860 sibi
886 3792 1060 3882 obligatos
1074 3817 1160 3877 esse,
1211 3816 1315 3879 nere,
1340 3806 1382 3864 ut
1404 3793 1492 3862 alias
1512 3793 1616 3863 fundi
1635 3794 1914 3866 commoditates.
1966 3791 2040 3863 Nec
2061 3806 2196 3886 pugnat

173 3902 257 3995 quia
275 3909 434 3966 creatura
450 3919 587 3986 semper
603 3891 789 3964 debctDeo
807 3895 1059 3965 obedientiam.
1087 3895 1159 3965 Nec
1212 3920 1292 3965 cum
1310 3890 1376 3965 hac
1395 3895 1568 3965 sententia
1585 3896 1735 3967 dictum:
1764 3893 1880 3987 Reges
1898 3896 2061 3986 gentium
2077 3895 2196 3966 domi·

175 4029 257 4073 vero
276 3999 435 4069 debitum
452 4011 590 4067 tantum
608 3999 652 4065 de
670 3996 818 4084 pecunia
833 3995 1072 4085 intelligatur,
1099 3999 1159 4065 scd
1212 4011 1361 4081 uantur,
1394 4012 1599 4068 vosautem
1630 4024 1705 4068 non
1725 4000 1786 4070 sic.
1846 3997 1937 4068 Nam
1971 3999 2036 4067 illa
2070 3997 2193 4068 concio

173 4108 217 4175 de
237 4103 362 4173 multis
386 4099 512 4169 officiis
537 4097 635 4183 aliis,
661 4099 704 4167 de
729 4098 883 4167 candore
899 4098 938 4166 in
957 4100 1159 4184 iudicando,
1211 4100 1356 4192 proprie
1377 4094 1446 4170 hoc
1471 4101 1592 4185 docet,
1620 4125 1695 4170 non
1718 4099 1886 4173 constitui
1908 4101 2057 4192 imperia
2072 4096 2194 4169 Evan-

172 4210 218 4275 dc
236 4205 383 4275 lenitate
405 4203 444 4270 in
469 4202 715 4285 admonendo,
743 4202 787 4270 de
807 4201 976 4269 sanandis
991 4202 1162 4271 offensio·
1212 4203 1316 4292 gelio.

174 4310 299 4391 nibus,
326 4329 400 4374 non
416 4303 692 4374 inflammandis.
736 4302 806 4374 Sed
825 4303 951 4374 omitto
969 4299 1159 4374 laanclon·
1315 4319 1423 4411 Quod
1445 4333 1562 4390 autem
1581 4315 1649 4390 hoc
1672 4321 1831 4411 exempto
1857 4321 2005 4415 quidam
2031 4310 2199 4389 mmm

171 4411 305 4502 giorem
323 4406 611 4498 explicationem,
637 4420 672 4477 et
693 4429 756 4475 oro
780 4403 914 4475 Filium
930 4403 1017 4492 Dei,
1038 4422 1161 4478 utnos
1213 4420 1429 4514 Episcopffi,
1461 4424 1812 4514 10n0n1251m90r52‚
1839 4447 1914 4492 non
1937 4435 2034 4493 recte
2057 4444 2197 4493 gemm.

170 4515 362 4604 8¹¹b⁰¹¹¹¹⁰ia
387 4509 697 4579 0²⁸³sselvu¹¹¹⁰f³
716 4521 850 4578 ¹¹⁰⁸“2-
902 4505 999 4580 Dixi·
1213 4526 1362 4595 modant
1378 4527 1588 4617 exemplum.
1635 4523 1796 4594 Primum
1811 4526 1907 4595 euim
1925 4525 2064 4595 etiamsi
2081 4536 2198 4595 essem

1215 4627 1286 4718 pii,
1313 4628 1404 4697 illud
1419 4651 1511 4697 onus
1528 4627 1783 4697 iurisdictionis
1806 4642 1943 4699 tantum
1963 4639 2039 4713 εει,
2063 4640 2107 4698 ιιι
2130 4626 2200 4694 im·

1214 4729 1333 4821 pediat
1347 4729 1595 4800 ministerium.
1648 4725 1786 4798 Deinde
1806 4726 1874 4801 hoc
1899 4730 2197 4800 considerandum

720 4884 723 4890 -
1215 4846 1285 4913 est,
1305 4827 1501 4924 Episcopos
1521 4831 1698 4901 dominari
1719 4856 1793 4901 nou
1813 4833 1853 4901 in
1870 4855 1952 4914 suo,
1978 4831 2039 4903 sed
2055 4829 2096 4900 in
2112 4830 2198 4901 alie·

103 4955 110 4968 '
181 4960 249 5033 No.
264 4958 326 5032 66.
939 4955 1163 5025 5.N0v,155o‚
1215 4960 1282 5022 no,
1309 4936 1392 5031 quia
1415 4934 1558 5026 praedia
1581 4933 1642 5004 illa
1664 4934 1770 5004 initio
1792 4931 1977 5017 Ecclesiis,
2011 4956 2088 5004 nou
2109 4929 2198 5026 Epi·

170 5052 342 5086 ’Ν
944 5048 1157 5087 Μ
1215 5040 1331 5131 scopis
1353 5040 1484 5108 donata
1505 5049 1609 5120 sunt,
1635 5050 1676 5108 ut
1691 5037 1775 5106 inde
1792 5039 1957 5108 docentes
1972 5049 2007 5107 et
2024 5036 2197 5107 discentes

230 5179 264 5233 1..
283 5169 437 5245 Quaen...
459 5188 485 5250 p.
500 5168 549 5221 aas
567 5188 609 5241 η.
648 5167 769 5237 Repetite
784 5167 873 5233 :aum
895 5164 925 5220 a.
948 5163 1163 5236 Quacum...
1215 5141 1416 5224 alerentur.
1452 5152 1484 5210 et
1507 5152 1547 5209 ut
1576 5139 1776 5233 aliquorum
1803 5138 2093 5211 calamitosorum
2122 5160 2197 5229 ege-

1201 775 1295 861 Non
1317 805 1400 861 utar
1425 793 1555 865 usitato
1575 795 1738 875 exordio,
1765 793 1804 863 in
1829 820 1900 888 quo
1925 795 2105 866 excusatio
2130 808 2191 881 est,

1174 956 1176 965 .
1203 917 1266 963 cur
1282 895 1384 984 pueri
1400 894 1439 963 in
1454 908 1556 967 coetu
1572 896 1753 967 seniorum
1778 895 1949 971 dicamus.
2001 895 2074 967 Sed
2099 893 2220 982 mibi·

1203 995 1372 1085 peculiari
1390 998 1613 1069 excusatione
1630 1023 1720 1090 opus
1737 1012 1807 1084 est,
1833 1023 1896 1070 cur
1913 999 2016 1071 toties
2040 995 2114 1071 huc
2136 1024 2192 1071 re-

1204 1099 1319 1170 deam.
1376 1094 1467 1169 Eius
1491 1101 1544 1169 rei
1572 1125 1674 1171 causa
1700 1115 1751 1173 εει
1776 1103 1971 1173 multorum
1992 1101 2193 1188 morositas,

1204 1199 1267 1291 qui
1281 1201 1452 1291 gravatim
1469 1204 1724 1294 obtemperant
1776 1199 1854 1294 Ego
1879 1205 1908 1273 si
1922 1205 2095 1277 facilitate
2109 1230 2192 1297 pec-

1209 1325 1269 1387 co,
1301 1302 1442 1372 veniam
1467 1300 1556 1374 mihi
1579 1307 1671 1379 date.
1730 1304 1802 1376 Sed
1831 1320 1950 1376 tamen
1978 1308 2030 1377 sic
2060 1308 2193 1393 iudico,

1207 1405 1447 1477 obediendum
1474 1431 1547 1476 esse
1571 1408 1640 1499 piis
1664 1409 1872 1499 parentibus
1900 1424 1932 1482 ει
1956 1410 2195 1504 praeceptori·

1206 1504 1273 1576 hus
1290 1507 1368 1576 sine
1384 1511 1600 1584 morositate.

272 5243 385 5328 *Μ
406 5240 484 5293 ’ἀίω
505 5256 531 5308 Ρ·
549 5240 605 5320 ¹⁵³
624 5247 651 5292 ‘¹
669 5237 725 5321 ⁸5¹·
739 5237 871 5321 ΜΨ·
887 5237 972 5292 Tam.
992 5234 1038 5289 W·
1058 5255 1084 5317 t':
1102 5236 1163 5314 9'i·
1189 5286 1192 5298 ·
1215 5245 1296 5314 stati
1312 5242 1567 5315 consuleretur.
1620 5241 1724 5311 Nunc
1740 5237 1908 5333 Episcopi
1922 5245 2055 5315 donata
2072 5237 2197 5314 Eccle-

274 5327 355 5372 ettam
367 5313 404 5365 T.
413 5308 446 5366 V.
454 5326 485 5429 p.
500 5307 556 5368 tt..
576 5307 799 5362 morationibus
815 5319 899 5380 poste.
922 5326 951 5379 p.
966 5307 1007 5360 15.
1025 5315 1052 5359 et
1071 5323 1100 5356 m
1112 5303 1163 5356 tt.-
1235 5347 1243 5364 ,

466 5395 512 5448 ,ρ,
526 5375 587 5431 stt.
1216 5346 1299 5428 scis,
1325 5347 1422 5414 velut
1438 5366 1535 5434 reges
1547 5344 1731 5436 possident
1752 5357 1923 5439 tanquam
1943 5369 2030 5436 sua,
2056 5359 2094 5417 et
2116 5357 2196 5415 suut

1215 5449 1312 5519 velut
1329 5444 1525 5543 Harpyiae,
1552 5471 1641 5541 quae
1662 5446 1821 5539 eripiunt
1842 5448 1975 5520 victum
1992 5446 2092 5534 aliis,
2118 5445 2197 5542 qui-

271 5385 363 5443 maed.
376 5378 409 5441 Τ.
426 5378 450 5434 ΙΙ
