4748 6022
113 296 190 373 563
371 206 379 213 -
850 280 1167 367 CARMINUM
1217 279 1405 360 mnu.
1796 361 1799 365 ,
1934 381 1937 386 q
2075 293 2149 367 554

156 481 216 550 us
239 478 414 546 oratione
430 434 702 547 'ommutesco
721 469 769 543 de
793 466 1007 560 eomplela
1028 468 1070 536 in
1161 451 1209 527 Et
1225 479 1314 549 quus
1329 451 1521 528 Ambrosia
1537 457 1654 545 dulei,
1678 461 1834 556 vinoque
1850 465 1999 557 rigarat,

513 578 711 675 legatione.
1210 555 1265 627 Ne
1281 559 1371 629 desit
1386 559 1480 630 succi
1497 561 1597 652 eopia
1612 562 1709 653 larga
1722 565 1819 640 boni.

1159 656 1230 729 Hei
1244 655 1335 730 mihi
1352 686 1417 732 eur
1430 673 1549 733 tantae
1563 686 1637 734 non
1652 667 1707 736 uti
1722 691 1870 738 munere
1885 671 2006 753 dirae,

1208 761 1376 833 Difficilis
1390 763 1519 834 medici
1534 765 1591 834 me
1607 790 1700 839 nova
1716 794 1799 840 cura
1815 770 1924 845 sinit?

1158 859 1233 934 Has
1249 861 1340 934 mihi
1354 868 1416 959 qui
1430 866 1534 938 toties
1548 868 1675 938 ferales
1688 870 1777 943 dicit
1794 875 1941 964 epodas,
2060 937 2062 941 ,

1209 963 1376 1038 Ceseolos
1388 968 1539 1040 Veneris
1555 970 1634 1042 dira
1649 996 1788 1045 venena
1804 989 1916 1066 putes.

113 729 264 801 Publica
288 753 366 800 non
392 725 538 820 prorsus
563 729 660 799 volat
685 727 780 796 same
805 749 870 818 per
895 744 1016 806 auras,

114 831 277 927 Namque
301 845 354 902 est
380 831 504 903 iudicii
529 830 645 902 divini
670 829 803 922 nuncia
828 850 942 920 saepe.

114 1205 184 1279 No.
204 1134 287 1279 116.
925 1201 1105 1321 Q.

115 1304 284 1341 mm

1118 1323 1124 1332 '
1157 1334 1223 1406 No.
1243 1333 1327 1410 149.
1572 1336 1576 1345 '
1931 1352 1995 1432 (ι...
2011 1351 2094 1415 1538
2104 1348 2137 1431 e)

184 1403 267 1474 Apud
280 1399 408 1458 vincent.
419 1400 513 1470 pse..
531 1397 578 1470 qui
590 1395 732 1480 adscripsit
744 1415 789 1455 en.
801 1394 890 1476 1588..
901 1394 939 1448 be
957 1395 1012 1449 itur
1024 1395 1105 1478 etiem
1165 1433 1335 1461 *om

217 1489 284 1529 cunr
296 1471 400 1526 Melcte.
413 1468 526 1526 Acontii
540 1467 661 1522 carmine
674 1486 704 1520 ιιι
718 1466 805 1520 libror
821 1463 914 1539 „Part
959 1464 1106 1520 clerano·
1371 1531 1378 1546 .
1792 1538 1799 1557 ·
1951 1445 1997 1474 ⁴
2032 1455 2041 1474 “
2073 1444 2134 1479 υ

215 1561 265 1597 ner
285 1559 398 1601 omnes,
424 1541 468 1594 ed.
492 1536 555 1593 nte.
576 1535 753 1594 Gerbelius.”
800 1537 948 1607 Argentor.
969 1535 1045 1588 tete.
1077 1536 1105 1589 4.
1227 1531 1301 1604 Opp.
1317 1529 1400 1612 Beprl.
1417 1531 1451 1590 T.
1467 1531 1502 1588 V.
1525 1552 1553 1606 p.
1570 1534 1633 1592 888.
1668 1539 1748 1608 Apud
1765 1538 1895 1598 Vinceot.
1916 1559 1943 1613 p.
1957 1537 2001 1594 68.
2036 1538 2104 1593 ltem
2118 1556 2147 1591 ιιι

216 1630 244 1684 p.
261 1610 322 1667 817.
1258 1601 1377 1671 scripto
1395 1603 1471 1674 publ.
1483 1602 1565 1662 Tom.
1579 1605 1600 1661 l.
1618 1625 1643 1678 p.
1656 1606 1719 1663 482.
2165 1632 2167 1639 -

114 1778 161 1845 ln
194 1766 401 1865 Epioedion
435 1761 652 1839 Meletides
680 1762 833 1835 ‘leontii
867 1758 914 1832 de
946 1765 1103 1832 Ειαιιιιο
1155 1762 1305 1834 Solonis
1330 1763 1473 1857 elegia,
1501 1769 1623 1839 citata
1640 1790 1665 1840 a
1690 1756 1962 1862 Demosthene,
1990 1768 2037 1842 de
2054 1790 2147 1840 cau-

372 1864 622 1943 Roterodamo
648 1871 847 1957 scripturn.
1155 1868 1209 1935 eis
1239 1886 1337 1958 quae
1369 1860 1557 1958 adferunt
1586 1875 1749 1944 esitium
1774 1879 1902 1970 regnis
1927 1883 1968 1944 et
1995 1875 2148 1969 magnis

116 2026 288 2118 Quamvis
298 2025 434 2115 ingrata
446 2036 498 2092 est
508 2016 696 2089 bominum
706 2030 852 2096 natura,
872 2039 1102 2111 necunquam
1309 1966 1547 2061 ‘'mmm''
1582 1993 1761 2048 ⁰⁰m'm‘l
1778 1998 1802 2048 α
1818 1981 1851 2047 Ρ
1849 1974 1888 2048 lt.
1904 1978 1996 2050 Mel·

163 2128 330 2203 Reddere
347 2150 414 2217 pro
429 2121 583 2206 meritis,
609 2119 763 2210 praemia
778 2119 868 2187 iusta
886 2119 986 2188 solet.
1155 2116 1239 2187 Non
1254 2118 1380 2187 urbem
1398 2118 1517 2208 superi
1534 2120 1683 2211 cupiunt
1700 2137 1854 2193 evertere
1870 2139 2047 2208 nostram,

114 2230 221 2303 Nulla
240 2244 359 2298 samen
376 2225 499 2294 laudes
513 2235 607 2292 aetas
624 2220 780 2291 abolebit
795 2216 953 2302 Erasmi,
1208 2216 1255 2288 Et
1268 2218 1393 2304 nobis,
1427 2219 1498 2287 nisi
1514 2220 1588 2291 sint
1600 2221 1756 2294 Numina
1773 2226 1884 2306 laesa,
1914 2229 2044 2297 favent.

164 2332 248 2402 Non
263 2328 413 2397 omnino
428 2325 519 2395 mori
533 2322 645 2414 gloria
664 2345 746 2392 vera
762 2334 888 2413 potest.
1157 2320 1210 2388 Ac
1225 2331 1367 2388 nostrae
1383 2332 1499 2389 custos
1515 2323 1604 2392 arcis
1619 2323 1784 2395 Tritonia
1802 2325 1937 2408 Pallas,

113 2432 337 2522 Scriptorum
354 2426 489 2499 utilitas
508 2425 632 2515 ingens
648 2423 788 2496 fastidia
804 2424 939 2507 vincet,
1209 2419 1381 2512 Perpetua
1397 2445 1481 2490 curn
1495 2427 1635 2494 moenia
1653 2442 1773 2499 nostra
1790 2430 1884 2519 tegit·

165 2530 213 2603 Et
226 2532 354 2601 mixtae
370 2525 552 2613 Charites,
585 2539 620 2596 et
633 2526 731 2595 nitor
745 2540 850 2619 atque
865 2525 983 2614 leposr
1159 2520 1231 2615 Ipsi
1247 2524 1309 2591 sed
1323 2523 1473 2612 patriam
1487 2525 1663 2597 sceleratis
1680 2531 1860 2600 mentibus
1875 2532 1970 2601 ultro

111 2634 196 2707 Non
212 2635 326 2704 aliena
342 2644 471 2723 augent
485 2630 595 2720 igitur
608 2628 794 2719 praeconia
812 2627 960 2709 famam,
1204 2621 1391 2694 Conantur
1406 2624 1499 2694 cives
1515 2628 1708 2700 dilacerare
1725 2655 1836 2704 suam·

163 2732 361 2808 Aeternum
377 2733 512 2826 peperit
530 2754 612 2801 uam
629 2733 736 2801 decus
751 2729 826 2822 ipse
840 2729 922 2800 sibi.
1156 2723 1246 2796 Nam
1262 2725 1381 2817 precio
1397 2727 1540 2820 quidam
1557 2733 1718 2804 vendunt
1733 2734 1895 2829 legesque
1910 2735 2105 2827 fidemque,

115 2838 187 2912 Sed
197 2853 314 2910 tamen
325 2853 376 2910 est
386 2837 495 2929 pietas
506 2833 640 2905 meritis
650 2829 747 2903 bunc
761 2832 907 2901 reddere
918 2823 1104 2912 honorem,
1209 2823 1350 2897 Aurum
1370 2828 1431 2922 qui
1445 2830 1547 2900 nullo
1565 2832 1642 2903 iure
1658 2837 1835 2929 modoque
1849 2851 1983 2928 petunt.

164 2937 213 3012 Et
228 2954 328 3032 grata
341 2961 473 3009 munus
489 2960 574 3007 voce
591 2936 723 3005 referre
738 2936 873 3008 datum.
931 2925 938 2938 ’
1156 2929 1348 3002 Saevitiam
1367 2943 1550 3018 exercent,
1581 2948 1615 3005 et
1633 2938 1746 3008 tristia
1766 2940 1912 3009 erimina
1930 2942 2043 3011 caedis
2051 2936 2097 3036 ¹),

113 3040 192 3114 Hoc
207 3043 327 3113 animo
344 3063 486 3111 carmen
500 3039 675 3109 facundus
689 3034 865 3108 Acontius
883 3032 974 3112 edit,
1207 3030 1337 3102 Induat
1354 3045 1394 3102 nt
1411 3033 1524 3105 iustus
1539 3035 1677 3107 civibus
1693 3064 1790 3110 arma
1807 3043 1920 3116 dolor.

166 3144 249 3234 Quo
262 3146 417 3215 celebrat
432 3143 555 3213 laudes
569 3138 810 3212 Roterodame
824 3152 920 3220 tuas,
1156 3132 1243 3203 Pars
1257 3136 1375 3204 studet
1389 3149 1424 3206 et
1438 3136 1575 3207 sancire
1590 3141 1781 3212 domestica
1796 3146 1923 3216 damna
1938 3146 2089 3237 rapinis,

112 3245 194 3318 Non
212 3270 299 3316 vena
314 3246 461 3336 indigna
481 3257 552 3329 est,
575 3267 665 3337 quae
680 3264 847 3332 magnum
866 3249 982 3311 cantet
995 3231 1102 3306 Eras·
1204 3231 1380 3305 Exhausit
1394 3237 1525 3327 patrias
1540 3265 1620 3310 cum
1637 3245 1729 3313 male
1743 3245 1846 3315 luxus
1862 3271 1957 3340 opes.

623 3369 743 3431 mum,
1155 3333 1411 3430 Diripiuntque
1426 3339 1525 3408 urbis
1542 3343 1754 3434 patrimonia
1768 3349 1910 3439 publica
1925 3363 2074 3449 nostrae.

164 3447 286 3524 Officii
302 3452 442 3521 laudem
457 3449 519 3520 sed
533 3447 643 3537 magis
664 3448 725 3517 ille
746 3446 844 3538 petit.
1206 3435 1254 3508 Et
1269 3439 1338 3507 sibi
1354 3440 1497 3509 divitias
1512 3444 1617 3538 vique
1632 3447 1787 3540 doloque
1803 3465 1938 3541 perant.

1156 3536 1203 3610 Et
1219 3563 1294 3609 non
1309 3540 1465 3611 iustitiae
1480 3542 1675 3616 formidant
1689 3571 1823 3618 numen
1838 3566 1872 3623 et
1887 3553 1996 3631 iram,

1204 3638 1374 3712 Consiliis
1392 3665 1559 3734 superum
1575 3670 1664 3742 quae
1683 3649 1762 3721 Dea
1775 3675 1912 3745 semper
1928 3655 2036 3723 adest.

1031 3753 1033 3757 ’
1155 3741 1249 3812 Haec
1264 3743 1377 3813 oeulis
1392 3746 1505 3817 cernit
1520 3749 1750 3840 vigilantibus
1764 3756 1882 3824 omnia
1898 3756 2007 3836 facta,

109 3853 177 3925 No.
199 3848 281 3923 147.
930 3847 1087 3916 an.1538.
1203 3844 1317 3916 Nemo
1337 3861 1437 3937 putet
1452 3848 1529 3919 falli
1542 3852 1698 3925 Numina
1708 3854 1737 3950 ²)
1757 3880 1858 3949 posse
1873 3855 2000 3928 Deum.

922 3938 1094 3967 '⁶‘
1153 3944 1201 4017 Et
1217 3949 1378 4041 quamvis
1394 3975 1526 4042 poenas
1542 3955 1660 4026 differt
1671 3959 1883 4052 aliquando,
1908 3972 2083 4054 tacetque:

178 4051 260 4136 ΑΒΜ
278 4047 403 4132 tineent.
417 4065 444 4168 1·
459 4043 517 4127 ¹⁸.⁰·
534 4067 569 4081 “
605 4042 694 4097 L⁰⁶¹¹⁸
707 4057 746 4094 ‘²
759 4040 918 4094 Menandro
939 4043 992 4124 {²¹¹¹
1013 4041 1101 4097 ’Μ’
1204 4049 1458 4121 Mentetamen
1474 4058 1621 4127 memori
1636 4058 1727 4131 facta
1741 4062 1894 4132 nefanda
1913 4076 2024 4135 notat.

212 4141 239 4176 ιιι
264 4117 376 4191 epntola
398 4133 413 4168 a
457 4115 550 4167 Vnum
568 4111 744 4166 Theodorum
766 4110 884 4165 Votttt.
904 4120 981 4183 epist.
1002 4131 1028 4182 p.
1041 4114 1099 4168 587.

211 4190 267 4244 Pro
291 4185 457 4256 „proximus
487 4193 527 4237 est
552 4181 652 4236 loeus”
677 4179 904 4244 Vincent..dedit
931 4219 949 4251 „
975 4199 1030 4238 ros.
1060 4192 1101 4237 οη
1151 4147 1320 4241 Ellgllel
1336 4156 1478 4224 landem
1492 4182 1643 4249 poenas,
1675 4186 1749 4233 nott
1763 4186 1871 4254 regna
1886 4188 1950 4236 nec
1966 4166 2072 4237 urbes

208 4257 332 4329 nonos'',
348 4267 374 4310 et
389 4275 469 4312 versu
483 4272 540 4326 seq.
554 4261 597 4318 est
610 4261 673 4324 post
684 4252 841 4303 admodum
854 4268 912 4303 uon
975 4259 1011 4304 et.
1203 4250 1392 4345 Effugiant
1405 4258 1541 4346 clades,
1576 4287 1856 4356 quasmeruere’
1889 4291 2021 4358 graves·

1151 4353 1247 4425 Hinc
1261 4359 1347 4427 urbs
1362 4358 1498 4430 divitiis
1515 4368 1715 4457 quondam,
1740 4368 1960 4464 imperioque
1978 4373 2142 4463 superba,
2255 4372 2261 4380 ’

1201 4456 1345 4529 Servitii
1362 4461 1496 4552 patitur
1509 4466 1622 4538 tristia
1638 4469 1715 4540 iura
1731 4473 1849 4544 modo.

1150 4557 1226 4631 Aut
1241 4562 1358 4631 rabidi
1374 4563 1469 4633 cives
1482 4566 1520 4635 in
1536 4582 1658 4641 mutua
1675 4573 1821 4642 vulnera
1838 4573 2017 4662 stringunt

1203 4659 1336 4734 Exorta
1351 4666 1487 4754 gladios
1502 4671 1675 4743 seditione
1691 4696 1784 4746 suos.

1149 4755 1224 4833 Aut
1238 4766 1374 4836 validos
1390 4763 1508 4839 hostes
1522 4773 1597 4843 sine
1613 4797 1714 4842 causa
1730 4776 1821 4843 forte
1841 4774 2036 4863 lacessunt,

1192 4861 1434 4961 ,Sopitumque
1446 4887 1591 4941 movent
1606 4875 1702 4965 quod
1717 4875 1786 4945 fuit
1801 4889 1882 4946 ante
1897 4880 2043 4954 malum.

374 4998 623 5082 Praeceptum
648 4984 826 5086 ὑγιείγου,
1147 4963 1310 5060 Namque
1324 4972 1429 5051 urbs,
1457 4996 1546 5066 quae
1558 4975 1671 5043 socios
1683 4974 1824 5047 iniustis
1838 4996 2006 5069 provocat
2019 4984 2136 5066 armis,

1196 5065 1284 5138 Mox
1298 5086 1396 5158 ruet,
1424 5087 1459 5143 et
1475 5073 1603 5145 subitis
1619 5089 1671 5146 est
1685 5078 1840 5168 peritura
1856 5084 1984 5158 modis.

108 4641 175 4713 No.
197 4637 279 4711 148.
919 4660 967 4700 au.
990 4640 1081 4705 1538.

125 4736 261 4767 *⁴⁹⁹
637 4749 651 4760 2
909 4738 1094 4780 &aas

175 4844 208 4895 Iu
223 4858 287 4911 opp.
300 4835 381 4890 Basil.
395 4836 429 4886 Τ.
444 4833 476 4886 V.
492 4827 519 4902 1).
529 4831 589 4888 855.
607 4839 633 4884 et
647 4826 861 4902 apud'Vincent.
877 4851 903 4902 p.
923 4836 978 4889 tto.

104 5154 270 5232 Caseolos
285 5143 372 5218 mihi
390 5146 512 5238 pulcra
528 5142 651 5212 Venus
665 5143 820 5212 donabat
834 5143 1006 5228 edendos,

157 5255 289 5331 Sedula
305 5273 393 5346 quos
408 5247 528 5339 digitis
542 5256 715 5337 presserat
731 5243 807 5334 ipsa
822 5245 905 5313 suis.

104 5359 152 5436 Et
169 5365 259 5432 bene
275 5359 468 5446 fragrantes
483 5351 614 5445 quibus
628 5348 897 5437 intersperserat
913 5341 1060 5451 herbas,
1181 5327 1445 5468 ”silim-afa&
1475 5331 1645 5405 rapiuntque
1675 5340 1827 5408 mamma
1854 5341 1970 5409 queram
1997 5339 2079 5410 ussit.
2108 5356 2136 5399 n

155 5463 299 5559 intyba,
325 5458 554 5535 Samsucum‚
578 5448 723 5525 Cirsion
737 5462 843 5544 atque
858 5473 973 5538 rosas,
993 5454 997 5459 ’
1155 5561 1157 5565 ἢ
1176 5481 1208 5552 e)
1225 5486 1362 5551 numina]
1379 5485 1488 5541 lumem
1506 5485 1590 5545 Bait.
