4748 6022
161 285 238 383 ssa
746 242 1172 385 nassamones
1204 208 1636 351 acroamate.
1686 350 1689 356 1
2130 265 2209 346 sss

165 470 264 541 tione
278 459 396 568 spargi
407 478 472 552 per
485 464 579 524 certa
595 449 687 539 loca,
712 448 808 541 qnod
824 470 905 517 cnm
919 447 977 530 fit,
1002 445 1078 516 loca
1095 446 1157 515 illa
1206 468 1356 539 poenas,
1379 452 1585 517 moveamur
1599 443 1751 537 proximi
1765 457 1881 515 terrae
1898 456 2019 521 motus
2033 445 2203 517 recorda·
2229 490 2233 498 ·

168 567 322 662 impulsa
340 561 378 632 vi
391 556 570 630 halitunm
588 564 750 622 tremere.
790 544 938 619 Constat
952 548 1046 617 enim
1064 542 1159 617 hali-
1207 550 1325 637 tione,
1350 547 1413 643 qni
1437 558 1547 618 totam
1569 569 1669 616 oram
1694 547 1739 617 ab
1762 545 1936 617 Harcinia
1961 548 2008 617 ad
2027 543 2209 618 Drcsdam

169 686 271 746 tuum
293 666 435 761 plenam
457 680 531 729 esse
551 667 702 738 terram,
727 664 762 722 et
778 650 955 740 mugitus,
979 648 1041 742 qni
1058 650 1161 729 audi·
1209 651 1404 733 concussit,
1428 663 1471 720 nt
1485 648 1675 719 excitemus
1695 672 1761 720 nos
1778 649 1822 719 ad
1843 648 2109 721 invocationem
2124 646 2210 732 Dei.

170 786 231 847 tur
253 771 426 840 interrae
448 773 566 838 motu,
601 754 742 844 signum
771 765 823 823 est
844 740 1072 841 volitantium
1096 751 1162 822 fla·
1210 767 1245 824 et
1266 752 1449 823 adomnia
1472 749 1530 842 pia
1554 750 1739 838 exercitia,
1762 763 1798 822 et
1819 765 1981 843 petamus
2003 775 2024 823 a
2045 749 2213 827 blioDei

173 887 293 957 tuum,
316 868 409 940 sicut
433 860 554 956 inquit
565 855 753 948 Virgilius:
1211 854 1467 946 mitigationem
1484 874 1690 945 poenarum.
1867 914 1873 925 .

274 977 339 1044 Sub
354 965 481 1060 pedihus
495 972 612 1051 muglffl
625 969 744 1044 ⁸⁰¹¹¹ms
768 967 840 1046 ⁵⁰8⁸
855 966 933 1027 ⁰⁰¹³⁸
948 966 1074 1029 ¹¹¹⁰V⁰¹l⁸
1285 978 1332 1045 Te
1348 992 1467 1042 maneat
1483 1000 1601 1060 semper
1615 992 1750 1042 „nanta
1764 975 1897 1041 Eoolasia
1910 975 2043 1058 Christe,

174 1076 223 1150 Et
240 1077 326 1170 qnia
342 1068 383 1141 bi
402 1066 535 1141 halitus
557 1077 670 1135 terrae
690 1074 825 1132 meatus
846 1060 1080 1153 patefaciunt,
1104 1057 1164 1129 in-
1365 1080 1556 1166 1„„,10,qu,
1571 1084 1630 1162 ¹9⁸1
1649 1103 1705 1144 Μ,
1721 1096 1773 1144 ω.
1786 1082 1892 1143 dm„
1906 1094 2000 1162 πμ,

175 1180 316 1251 tardum
339 1187 374 1245 et
395 1193 488 1266 aqua
511 1163 724 1244 effunditur,
754 1162 855 1234 cuius
877 1187 951 1234 noo
980 1175 1032 1233 est
1065 1171 1164 1233 canta
1289 1180 1366 1247 Tres
1379 1188 1462 1253 vern
1476 1188 1509 1246 sn
1523 1187 1745 1247 semmam„
1759 1181 1951 1267 Babylonids
1965 1204 2077 1261 nno,

123 1358 139 1369 ,
176 1280 278 1373 copia
297 1278 343 1355 in,
357 1270 494 1364 magnis
516 1265 719 1346 montibus,
750 1278 791 1336 ut
812 1265 970 1358 potnerit
997 1286 1057 1335 eos
1078 1287 1164 1334 con·
1366 1283 1436 1351 R„
1450 1289 1503 1349 abi
1517 1299 1702 1369 pum
1716 1300 1746 1350 ι,
1759 1288 1841 1349 fig„
1856 1309 1919 1350 ω.
1931 1283 2045 1352 nm,

177 1393 305 1456 ‘uim'
1307 1438 1310 1444 ·
1656 1398 1754 1473 Dixi.

277 1479 375 1550 Haec
399 1477 444 1545 de
464 1495 567 1546 cansa
587 1467 788 1563 propinqua
811 1482 904 1540 reete
927 1469 998 1541 dici
1017 1469 1062 1541 ab
1081 1461 1165 1539 Ari-

177 1583 299 1660 stotcle
313 1581 496 1650 fateamur.
548 1570 619 1646 Sed
636 1595 717 1643 casu
733 1584 887 1644 netanta
899 1568 1048 1644 ¹flatuum
1064 1568 1166 1661 copia
1218 1619 1274 1633 ..

177 1689 217 1757 in
236 1707 342 1755 unam
358 1679 539 1772 regionem
558 1672 751 1756 incumbit,
775 1687 816 1745 ut
832 1687 1019 1745 concutere
1037 1687 1166 1744 terram

178 1785 312 1883 possit?
345 1779 479 1854 Verum
500 1791 554 1849 est
575 1775 673 1871 quod
694 1776 827 1846 Seneca
849 1774 950 1846 dicit:
978 1771 1111 1846 Omnis
1128 1773 1167 1842 in
1230 1760 1298 1834 No·
1314 1756 1377 1834 5⁶·
1956 1770 2011 1834 29.
2030 1769 2096 1834 lan.
2115 1771 2213 1837 toas.

178 1891 261 1980 luga
287 1897 413 1958 ventus
436 1895 505 1966 est,
542 1878 772 1949 concedamus
797 1899 859 1947 sua
885 1891 1012 1949 natura
1036 1872 1168 1947 halitus
1221 1856 1395 1887 Ἃ
1976 1860 2197 1900 Μ

178 1992 340 2062 volucres
362 1998 397 2056 et
420 1981 602 2054 instabiles
622 2002 712 2049 esse:
749 1981 809 2048 sed
832 1979 928 2048 unde
950 1993 1047 2050 tanta
1068 1976 1168 2069 copia
1287 1974 1319 2030 ¹¹¹
1334 1972 1448 2044 Quaen.
1458 1991 1486 2047 Ρ·
1499 1971 1549 2030 ¹⁸⁵
1561 1993 1624 2048 Μ·
1661 1977 1729 2033 Ποῦ
1743 1974 1770 2031 ῑῦ
1786 1973 1893 2034 C⁰¹²⁸³¹0
1910 1977 1941 2036 Ρ·
1955 1975 2030 2051 ¹¹·t·
2044 1975 2103 2035 ¹⁹⁴·

143 2170 147 2178 ,
181 2107 244 2179 est,
265 2103 299 2161 et
313 2099 431 2177 tantus
443 2084 606 2176 impetus,
629 2095 670 2153 ut
683 2079 770 2151 alias
785 2080 854 2150 alia
870 2080 946 2152 loca
961 2080 1168 2152 concutian-
1447 2098 1451 2103 ·

181 2193 265 2267 tur?
289 2188 359 2261 Hic
380 2183 527 2258 haerent
550 2179 711 2277 Physici,
743 2197 778 2253 et
801 2183 984 2253 latendum
1007 2197 1078 2268 est,
1102 2176 1170 2251 hos

183 2310 352 2368 tremores
378 2288 540 2379 prodigia
567 2308 658 2369 esse,
692 2308 783 2378 quae
812 2284 903 2354 lium
929 2285 1103 2356 divinitus
1123 2284 1168 2353 ad

183 2391 546 2469 commonefaciendos
577 2382 740 2456 homines
770 2387 814 2455 de
848 2387 1008 2456 venturis
1033 2387 1169 2480 poenis.

1220 2139 1399 2222 Ourania
1439 2141 1631 2228 proposito
1664 2130 1718 2205 D.
1753 2141 1956 2210 ilenrico
1987 2135 2212 2228 Sthenio,

1219 2240 1376 2312 Ductori
1403 2235 1548 2329 Theoi„
1595 2238 1845 2414 wigman
1872 2237 1983 2316 lost
2008 2261 2035 2313 o
2060 2243 2213 2314 Paesto

156 2497 356 2586 =l'ortassis
378 2506 411 2562 et
432 2491 551 2586 aliqua
573 2489 609 2557 vi
632 2489 812 2558 stellamm
836 2503 1009 2578 augentur
1029 2482 1171 2572 halitus,
1221 2471 1571 2560 convenientissima
1605 2501 1656 2560 est
1689 2483 1773 2560 huic
1799 2503 1941 2561 nostrae
1966 2493 2070 2564 aetati
2097 2493 2216 2567 virtus

184 2615 219 2671 et
259 2594 463 2669 accenditur
501 2593 673 2684 impetus,
711 2603 753 2661 ut
791 2586 1000 2661 Aristoteles
1036 2589 1170 2683 inquit:
1222 2589 1452 2673 verecundia,
1478 2604 1635 2683 quaeest
1651 2591 1750 2684 quasi
1767 2593 1947 2665 nutricula
1967 2595 2119 2666 aliarum
2136 2596 2215 2666 vic·

183 2699 343 2793 Eclipses
358 2695 453 2781 Solis
467 2709 501 2766 et
516 2691 639 2764 Lernae
652 2692 789 2760 adferre
805 2704 917 2761 terrae
932 2705 1060 2764 motus.
1094 2688 1171 2761 ,td-
1222 2703 1350 2762 tutum.
1400 2688 1524 2784 Neque
1546 2692 1641 2761 enim
1661 2692 1756 2764 flecti
1777 2694 1822 2762 ad
1838 2696 2121 2767 moderationem
2138 2696 2219 2768 nlla

184 2804 294 2893 iungo
316 2813 351 2871 et
374 2798 468 2867 diras
490 2793 627 2962 alitppas
648 2791 916 2863 coniunctiones
932 2790 1171 2862 Planetarum.
1223 2794 1260 2861 in
1276 2804 1375 2884 parte
1391 2785 1584 2863 honestatis
1602 2807 1716 2887 potest
1730 2795 1777 2882 is,
1803 2797 1866 2891 qni
1889 2822 1963 2867 non
1980 2812 2167 2870 reveretur
2180 2812 2215 2869 et

185 2903 415 2976 Concurrunt
437 2897 532 2966 enim
583 2920 643 2965 aec
668 2897 779 2982 signa.
829 2889 877 2963 Et
901 2894 1008 2963 simul
1031 2896 1172 2963 dennn-
1223 2894 1426 2982 magnifacit
1443 2893 1618 2980 virorum,
1645 2910 1774 2977 aetate,
1800 2899 1970 2987 sapientia
1992 2913 2027 2971 et
2047 2896 2214 2970 authori-

186 3005 283 3077 ciant
299 3021 447 3092 magnas
467 2995 693 3068 calamitates.
745 2992 914 3085 Exempla
939 2996 977 3065 in
995 2995 1173 3066 veteribus
1222 3009 1292 3068 tate
1309 2996 1561 3086 praeditorum,
1587 2997 1721 3067 monita
1740 3023 1779 3068 ac
1795 2998 1935 3070 iudicia.
1986 2998 2078 3072 Eam
2098 3004 2214 3072 virtu·

186 3104 345 3178 historiis
374 3101 508 3194 ubique
531 3098 637 3169 obvia
658 3109 752 3170 sunt.
811 3092 858 3167 Et
879 3099 976 3191 quod
1001 3095 1173 3186 Virgilius
1224 3113 1292 3168 tem
1316 3121 1396 3166 cnm
1417 3099 1578 3191 quotidie
1600 3100 1691 3169 veris
1712 3101 1879 3172 laudibus
1901 3096 2005 3173 nobis
2029 3127 2215 3176 commen·

186 3209 322 3304 inquit:
343 3202 502 3275 lnsolitis
515 3213 736 3272 tremuerunt
750 3198 1038 3291 motibnsAlpes.
1073 3196 1171 3268 ldem
1224 3197 1302 3269 dari
1323 3198 1486 3284 audiam,
1511 3213 1544 3270 et
1558 3200 1673 3270 colere
1687 3205 1869 3287 studeam,
1893 3201 2064 3275 nonnihil
2080 3220 2214 3292 memo,

187 3311 315 3382 accidit
329 3320 410 3378 ante
432 3325 546 3375 annos
567 3301 780 3384 octodecim,
805 3300 1009 3394 priusquam
1023 3297 1174 3371 Carolus
1223 3325 1269 3371 ne
1284 3300 1321 3368 in
1336 3299 1573 3392 suspicionem
1588 3302 1670 3371 vicii
1685 3301 1875 3394 pugnantis
1896 3330 1977 3376 cum
1999 3303 2068 3377 hac
2081 3306 2214 3379 virtute

187 3408 533 3484 duceretercrcitum
548 3403 587 3474 in
601 3403 758 3475 Galliam
767 3400 1045 3475 Narbonensem.
1080 3399 1174 3471 Ante
1224 3403 1319 3494 apud
1335 3425 1396 3471 vos
1411 3401 1585 3484 incidam,
1609 3405 1705 3498 quod
1724 3399 1793 3475 hnc
1810 3406 1847 3474 in
1862 3430 2063 3478 consessum
2079 3408 2215 3499 gravis-

186 3537 301 3587 annos
322 3523 452 3603 septem
475 3520 510 3579 et
533 3505 676 3597 viginti,
708 3517 896 3599 antequam
913 3502 1024 3575 Tucci
1043 3498 1173 3573 Albam
1224 3504 1396 3574 simorum
1412 3516 1446 3573 et
1467 3504 1752 3576 doctissimorum
1768 3508 1927 3593 virorum
1948 3511 2054 3581 toties
2068 3513 2216 3604 prodeo.

185 3639 344 3708 graecam
361 3622 546 3702 ceperunt,
570 3620 644 3681 toto
661 3607 779 3678 triduo
794 3605 924 3677 vicinia
939 3606 1000 3677 illa
1019 3605 1175 3688 tremuit,
1224 3603 1295 3676 Sed
1310 3605 1489 3676 excusabit
1503 3629 1560 3674 me
1575 3609 1668 3697 apud
1687 3630 1750 3677 vos
1766 3602 1906 3687 scholae
1922 3613 2156 3696 consuetudo,
2182 3625 2217 3684 et

187 3732 223 3790 et
235 3719 343 3788 multa
359 3712 516 3784 aedilicia
532 3710 685 3802 collapsa
702 3724 797 3782 sunt.
849 3704 1092 3778 Antebellum
1105 3705 1174 3776 Pe-
1226 3730 1370 3789 eorum,
1404 3731 1556 3800 qttorum
1586 3709 1749 3801 potestati
1778 3710 1900 3782 divina
1930 3712 2007 3804 lege
2034 3713 2217 3785 subiectus

186 3817 475 3912 loponnesiacum
491 3810 668 3883 Laconica
683 3811 777 3880 adeo'
789 3809 996 3880 terribiliter
1012 3821 1174 3903 quassata
1225 3830 1321 3892 snm,
1352 3803 1568 3896 authoritas,
1602 3834 1709 3905 qnam
1742 3813 1908 3904 defugere
1939 3817 2217 3902 contumaciter,

186 3936 238 3994 est
250 3936 365 3993 terrae
379 3928 489 3999 motu,
512 3927 551 3986 nt
567 3925 639 3985 tota
656 3912 785 4004 oppida
800 3911 1009 3996 corruerint,
1029 3909 1174 3982 etmulti
1226 3910 1387 4002 impietas
1416 3925 1514 3981 esset.
1566 3907 1646 3982 Non
1676 3925 1794 3983 antem
1824 3917 1947 3987 aetatis
1976 3933 2120 3988 nostrae
2149 3919 2218 3993 lert

185 4019 350 4096 homines
364 4017 480 4091 ruinis
494 4015 653 4107 oppressi
668 4014 751 4088 sint.
799 4010 1063 4105 Antepugnam
1078 4010 1175 4084 Leu-
1226 4011 1467 4098 imbecillitas,
1492 4013 1673 4106 inquirere
1687 4038 1809 4085 causas
1824 4013 1931 4088 huius
1944 4020 2078 4108 publici
2091 4022 2216 4100 moris,

184 4127 330 4196 etricam
350 4121 497 4193 biennio
519 4115 626 4188 Buris
646 4131 681 4188 et
704 4112 828 4185 Helice
851 4128 965 4186 terrae
988 4127 1087 4186 motu
1111 4116 1176 4183 ab·
1225 4137 1289 4184 cur
1303 4113 1341 4182 in
1356 4107 1413 4183 his
1426 4115 1606 4185 seniorum
1623 4117 1887 4207 congressibus,
1912 4121 2019 4191 etiam
2035 4121 2151 4213 pueris
2164 4119 2213 4190 ad

186 4240 325 4317 sorptae
346 4238 437 4294 sunt.
496 4216 694 4311 Eutropius
719 4215 861 4303 scribit,
893 4217 1055 4318 pmximo
1079 4240 1175 4286 anno
1225 4214 1416 4286 dicendum
1432 4216 1531 4305 locus
1543 4218 1671 4311 aliquis
1685 4219 1733 4290 sit
1754 4220 1958 4294 attributus.
2013 4220 2217 4292 Verisimile

185 4343 263 4421 post
278 4326 383 4396 Pauli
400 4321 564 4417 Apostoli
580 4346 721 4405 necem,
748 4335 860 4391 terrae
878 4331 976 4390 motu
993 4320 1175 4410 absorptat
1225 4330 1343 4388 tamen
1360 4330 1423 4403 est,
1446 4320 1597 4389 maiores
1612 4333 1752 4390 nostros
1769 4322 1923 4393 voluisse
1936 4320 1993 4394 his
2008 4323 2219 4418 spectaculis

187 4454 261 4500 esse
284 4425 496 4500 Laodiceam
520 4437 555 4495 et
578 4422 758 4507 Colossae,
801 4419 839 4489 in
863 4445 935 4514 quo
961 4421 1119 4512 exemplo
1141 4431 1176 4490 et
1224 4421 1416 4489 accendere
1440 4419 1479 4489 in
1501 4435 1622 4491 nostra
1641 4434 1753 4494 aetate
1769 4423 2039 4496 admirationem
2061 4437 2094 4494 et
2114 4449 2220 4497 amo-

164 4555 297 4629 .poena
314 4526 531 4620 conspicitur
547 4523 750 4616 impiorum,
775 4525 837 4618 qui
856 4520 958 4594 Pauli
975 4521 1174 4592 doctrinam
1225 4544 1299 4589 rem
1312 4515 1441 4590 horum
1462 4522 1682 4607 studiorum,
1708 4549 1798 4617 quae
1812 4521 1991 4598 Ecclesiae
2003 4527 2071 4600 Dei
2094 4551 2220 4599 nece*

47 4686 54 4694 .
171 4633 363 4741 aspernati
383 4631 541 4705 fuerant,
574 4640 610 4698 et
630 4624 839 4715 significatio
862 4624 1061 4695 futurarum
1080 4623 1176 4696 cala-
1223 4620 1316 4692 saria
1333 4636 1427 4691 scint.

183 4737 347 4809 mitatum
363 4729 471 4805 Asiae
484 4728 640 4820 vicinae,
663 4743 697 4799 et
712 4726 899 4808 saeviciae,
924 4749 1029 4818 qnam
1044 4723 1176 4795 Domi-
1250 4796 1253 4799 ,
1326 4720 1505 4792 Videntur
1527 4723 1632 4794 etiam
1654 4720 1721 4796 hoc
1745 4720 1911 4800 habuisse
1934 4731 2146 4820 consilium,
2179 4748 2223 4805 ut

184 4840 305 4911 tianns
325 4839 363 4908 in
385 4860 424 4905 ea
444 4835 517 4926 ipsa
534 4832 633 4902 orbis
652 4844 751 4924 parte
768 4827 940 4908 exercuit,
966 4851 1046 4897 cnm
1064 4841 1098 4897 et
1115 4823 1175 4896 lo-
1224 4821 1407 4914 productis
1428 4825 1546 4915 pueris
1565 4825 1603 4895 in
1625 4821 1691 4896 hos
1707 4844 1845 4917 coetus,
1869 4832 1934 4902 nbi
1950 4827 2106 4903 honores
2131 4859 2223 4905 con·

184 4936 340 5013 hannem
371 4960 491 5008 senem
513 4932 726 5027 Apostolum
757 4933 899 5002 exulare
922 4929 1046 5020 coegit.
1102 4927 1173 5001 Sed
1222 4927 1388 4998 feruntur
1411 4928 1573 4998 doctrina
1594 4933 1854 5020 praestantibus
1871 4934 1975 5016 viris,
2001 4935 2163 5008 seniores
2186 4952 2224 5010 ct

182 5043 309 5138 plenae
324 5053 407 5111 sunt
421 5033 589 5108 historiae
603 5034 857 5126 exemplomm.
1223 5029 1398 5100 doctiores
1419 5030 1458 5099 io
1474 5025 1631 5100 Ecclesia
1649 5034 1693 5102 de
1713 5037 1884 5119 modestia
1907 5038 2161 5126 admonerent,
2187 5055 2221 5113 et

192 5150 198 5161 '
284 5142 388 5218 Nunc
407 5140 603 5212 clarissime¹
614 5135 769 5210 Domine
783 5134 935 5218 Doctor,
958 5133 1027 5203 iam
1049 5145 1173 5204 ornate
1222 5130 1349 5200 iisdem
1363 5132 1468 5202 etiam
1485 5146 1642 5203 nostram
1656 5130 1748 5205 hanc
1763 5136 1940 5207 infirmam
1954 5153 2106 5210 aetatem
2122 5166 2221 5214 cons-

182 5243 379 5322 honoribco
396 5241 611 5324 testimonio,
636 5255 706 5311 ate
720 5252 813 5332 pelo,
840 5251 880 5309 ut
892 5236 1002 5308 latitas
1016 5236 1173 5326 disputes
1221 5234 1449 5318 mandarent,
1481 5259 1589 5329 quae,
1624 5236 1713 5339 sient
1738 5251 1789 5307 est
1815 5239 1910 5309 bona
1936 5262 2017 5330 pars
2038 5235 2220 5315 Ecclesiae

182 5354 227 5422 d'e
243 5347 308 5420 hac
325 5345 548 5440 quaestione,
574 5368 614 5414 ac
629 5343 853 5413 auditoribus
867 5363 1039 5428 exponas,
1063 5360 1172 5435 quare
1221 5329 1309 5417 Dei,
1330 5335 1479 5426 negligi,
1504 5350 1542 5409 et
1561 5360 1666 5429 prava
1683 5339 1843 5410 doctrina
1869 5356 1904 5411 et
1926 5341 2029 5411 malis
2048 5345 2221 5436 exemplis

181 5455 277 5526 luam
293 5453 455 5523 adierant
472 5462 585 5521 temne
605 5459 734 5518 motos.
783 5438 833 5515 Et
854 5441 937 5538 quia
959 5440 1173 5513 minitantur
1220 5438 1402 5530 corrumpi
1420 5462 1642 5535 nequaquam
1659 5441 1774 5536 debet.
1823 5441 1895 5514 Sed
1916 5444 2045 5516 omissa
2062 5470 2223 5521 comm..
