4748 6022
213 254 288 331 769
806 247 1230 344 QUAES'I'IONES
1263 246 1667 334 ACADEMICAE.
2179 288 2253 363 770

195 437 289 498 frum
315 425 361 495 sit
382 424 484 510 talis,
518 438 558 495 nt
579 422 786 514 Diagonatts
810 418 910 508 AB,
941 426 1100 519 quinque
1123 449 1206 516 par·
1260 424 1405 495 interim
1428 430 1645 502 tumultuose
1666 426 1880 512 semiditono
1898 470 1977 517 cum
1994 439 2171 546 Diapente
2187 485 2248 536 seu

207 530 298 600 tium
316 529 453 598 existat.
504 523 653 596 Constat
667 550 750 594 vero
766 549 807 613 ex
821 527 959 596 erudita
972 527 1204 597 calculatione
1256 528 1422 617 septima,
1450 532 1516 601 snb
1529 535 1717 606 dulcisono
1733 554 1766 610 et
1783 543 2039 624 iucundissimo
2057 555 2235 651 Diapasou

206 633 302 724 quod
334 629 427 699 nulli
450 628 510 696 alii
534 626 674 697 numeri
696 650 758 718 per
778 627 982 720 quinarium
1007 624 1074 696 hoc
1095 631 1203 697 modo
1255 625 1372 697 Huius
1401 632 1496 700 enim
1524 636 1691 724 septimae
1721 645 1871 716 maxima
1896 665 1947 721 est
1970 655 2188 734 dissonantia
2213 619 2247 741 ei

206 733 490 820 effungentur,
515 754 621 823 quam
644 729 667 798 6
692 743 725 798 et
750 725 784 799 4.
836 725 1203 816 Ergoacericoec
1254 731 1474 816 deformitas,
1498 748 1536 804 ut
1559 753 1701 829 propter
1725 747 1864 817 aurium
1883 751 2160 832 incolumitatem
2180 791 2225 838 ne

205 830 342 914 ΑΜ,
358 832 428 925 qui
451 832 591 903 numeri
616 826 699 901 sunt
719 830 865 900 termini
885 831 1126 923 sesquitertiae
1141 855 1199 901 ra·
1252 854 1346 901 cesse
1371 833 1415 904 sit
1440 829 1509 902 hoc
1530 837 1778 930 intervallum,
1811 847 1924 922 Pausa
1948 856 2160 956 interrumpi
2213 813 2245 940 si

2170 923 2180 954 2

204 937 324 1019 tionis,
348 959 366 1002 a
382 957 451 1026 qua
465 928 533 1005 hoc
547 932 830 1025 quadrangulum
843 932 1105 1005 denominatur.
1138 929 1200 1003 Ait

206 1039 316 1127 igitur
334 1035 454 1119 Plato,
484 1036 583 1127 'quod
606 1034 643 1102 in
661 1033 854 1113 universali
870 1035 1066 1102 mutatione
1082 1036 1198 1121 legum

204 1154 238 1209 et
254 1153 407 1207 statuum
420 1138 678 1226 imperiorum,
706 1135 742 1203 in
758 1135 887 1228 qoilms
904 1150 954 1204 est
969 1136 1196 1225 principium,

192 1240 380 1318 medium,
408 1237 508 1320 linis,
534 1237 624 1309 ratio
648 1235 846 1317 dulcisoni,
871 1234 1116 1319 Diatessaron,
1143 1260 1197 1306 se-

204 1345 361 1412 cundum
381 1335 443 1407 bas
460 1353 530 1408 tres
548 1339 717 1431 perfectas
737 1338 996 1406 vicissitudines
1014 1353 1068 1406 ter
1083 1353 1196 1418 atleta,

190 1446 375 1536 'producat
395 1443 483 1509 duas
505 1439 763 1510 diversissimas
789 1433 1011 1522 harmonias,
1035 1440 1109 1507 sive
1131 1463 1195 1529 po·

201 1546 272 1617 tius
295 1542 550 1627 dissonantias,
578 1541 707 1633 prioris
731 1536 937 1609 harmoniae
959 1541 1195 1626 dulcedinem,

201 1659 235 1716 et
252 1642 449 1714 naturalem
463 1646 676 1712 'consensum
695 1643 895 1724 turbantes,
921 1642 1097 1732 simulque
1115 1667 1193 1711 eae-

201 1750 283 1816 dem
309 1747 503 1815 ascendunt
523 1746 615 1814 ultra
638 1758 752 1819 totum
769 1742 976 1832 Diapason,
1006 1745 1193 1812 dissonan-

201 1862 270 1926 tes,
306 1859 538 1938 evertuntque
569 1870 630 1914 sna
660 1845 876 1917 clamositate
900 1868 1022 1912 ornnes
1048 1840 1193 1912 harmo-

201 1951 296 2033 nias,
323 1973 412 2042 quae
434 1962 517 2017 sunt
540 1948 631 2014 infra
650 1946 825 2035 Diapasou
844 1945 1131 2034 perfectissimae,
1156 1961 1192 2016 et

187 2067 344 2144 'propter
369 2072 537 2119 sonorum
563 2046 767 2136 gravitatem
791 2046 1005 2114 molissimae
1028 2047 1192 2116 modula·

199 2153 319 2242 tionis,
335 2151 541 2240 utliquetex
553 2147 611 2218 19.
621 2147 773 2215 sectione
784 2147 931 2216 Aristot.
940 2145 1119 2220 l‘roblem.
1130 2144 1190 2216 50.

186 2251 391 2328 ¹Communi
406 2248 550 2341 quidem
565 2247 793 2340 persuasione
807 2261 985 2338 oporteret
993 2244 1188 2338 Respubli-

184 2356 255 2422 'cas
279 2350 472 2442 plurimum
497 2361 613 2418 atrstas
636 2349 783 2431 florere,
810 2363 843 2416 et
863 2348 899 2417 in
918 2344 1063 2419 honesta
1082 2349 1188 2418 disci-

165 2462 169 2468 ’
196 2455 294 2546 plina
319 2451 465 2520 colenda
487 2474 560 2519 esse
584 2441 846 2538 diligentiores,
882 2467 1024 2539 propter
1047 2450 1189 2520 diutur-

184 2569 281 2623 'nam
305 2553 612 2636 consuetudinem,
646 2554 705 2620 sed
729 2551 945 2620 contrarium
968 2552 1043 2619 fieri
1065 2553 1188 2621 asserit

185 2655 300 2726 'Plato
331 2653 501 2724 etiam‘in
524 2654 658 2746 optima
680 2650 821 2742 Repub.
845 2665 878 2720 et
903 2653 1035 2742 optime
1057 2679 1186 2721 curave-

184 2757 311 2827 'uienti
342 2770 507 2837 naturae,
539 2754 647 2849 idque
674 2755 724 2821 ait
752 2755 828 2821 lieri
854 2754 1006 2821 naturali
1031 2757 1185 2846 quadam

197 2859 437 2928 conversione.
493 2855 580 2925 Nam
605 2855 698 2924 inter
715 2855 883 2944 perfectas
900 2849 1104 2923 harmonias
1120 2881 1186 2923 na-

196 2974 297 3030 turae
314 2961 417 3027 valde
433 2957 599 3027 convenit
615 2981 673 3038 ea,
698 2979 787 3046 quae
803 2969 853 3023 est
866 2957 1079 3048 sesquitertii
1096 2957 1185 3041 soni,

195 3087 256 3130 sou
282 3058 530 3143 Diatessaron,
565 3084 605 3127 eo
637 3054 733 3148 quod
760 3079 898 3149 semper
923 3056 1046 3125 molles
1073 3083 1185 3141 voces,

180 3177 235 3234 'ut
254 3161 322 3248 Fa,
345 3161 540 3245 naturales,
563 3156 617 3230 lle
633 3156 715 3241 Sol,
742 3181 905 3240 sonoras,
933 3155 987 3225 Mi
1002 3156 1072 3240 La,
1098 3185 1185 3227 con—

181 3263 334 3353 iungat:
370 3262 418 3333 ita
446 3275 487 3332 ut
512 3282 614 3341 voces
638 3259 733 3350 ipsae
758 3256 849 3329 nihil
875 3260 968 3329 inter
990 3283 1026 3327 se
1051 3259 1184 3329 discre-

180 3378 300 3460 pent,
326 3364 385 3435 sed
411 3384 533 3437 omnes
554 3361 685 3453 optime
704 3361 917 3431 conveniant
933 3364 974 3429 ad
994 3360 1132 3429 dulcem
1149 3377 1184 3432 et

193 3469 390 3537 naturalem
407 3489 553 3549 sonum,
578 3462 668 3533 sicut
684 3475 719 3532 et
733 3464 799 3554 ipsi
813 3461 986 3553 agricolae
1003 3463 1182 3531 oblectan-

179 3581 244 3638 'tes
260 3590 368 3661 eqaros
381 3581 536 3636 aratrum
554 3561 759 3641 trahentes,
773 3578 925 3633 utuntur
939 3564 1059 3656 aliquo
1075 3566 1181 3635 modo

181 3666 260 3740 'hoc
277 3669 354 3738 soni
372 3668 561 3737 intervallo
575 3680 700 3735 natura
718 3667 816 3736 duce.
866 3663 935 3734 Sed
953 3679 989 3756 ut
1005 3680 1181 3754 appareat,

182 3759 330 3843 illiat'ess
342 3793 419 3837 eron
445 3792 518 3836 aron
538 3769 642 3836 modo
660 3789 724 3856 per
740 3788 777 3833 se
791 3765 1019 3834 dulcisonans
1035 3789 1109 3834 esse
1125 3766 1181 3834 in-

191 3871 400 3952 tervallum,
426 3890 548 3936 verum
570 3865 708 3937 dulcem
728 3891 869 3959 quoque
884 3883 918 3936 et
933 3890 1093 3951 suavem,
1119 3893 1179 3936 vc-

191 3985 402 4064 nnstamque
426 3964 667 4048 harmoniam,
693 3968 844 4039 maxime
866 3993 971 4058 supra
994 3965 1180 4060 Diapeute,

177 4074 420 4149 'ascendamus
445 4095 485 4139 ex
501 4067 586 4140 Put
600 4069 637 4137 in
655 4068 691 4138 D
708 4069 760 4138 sol
776 4094 833 4154 re,
859 4092 898 4138 ex
916 4093 1028 4162 eoque
1044 4069 1121 4139 loco
1140 4071 1177 4139 iu

191 4175 247 4248 Ge
261 4177 315 4245 sol
333 4199 370 4244 re
385 4187 435 4257 ut,
464 4185 497 4241 et
512 4170 696 4240 audiemus
710 4170 824 4240 tribus
840 4170 985 4240 vocibus
998 4171 1105 4240 simul
1119 4196 1178 4241 so-

189 4278 377 4362 nantibus,
402 4274 594 4345 admodum
612 4272 823 4342 concinnam
839 4285 875 4343 et
892 4273 1078 4362 perfectam
1094 4268 1177 4342 har-

1251 933 1444 1027 aliquando
1461 939 1658 1011 cantilenae
1672 949 1808 1017 extrudi
1827 974 1899 1022 non
1917 971 2041 1049 potest.

1266 1181 1276 1199 ·
1302 1091 1306 1094 ’
1353 1081 1925 1186 Haecininnumerisceruantur,
1950 1108 2241 1206 ratiosesquiter-

1249 1194 1310 1266 tra,
1338 1209 1428 1276 quae
1444 1200 1494 1255 est
1510 1187 1739 1274 diatessaron,
1767 1210 1821 1266 ter
1836 1225 2081 1298 componatur,
2107 1233 2141 1286 et
2157 1243 2240 1309 pro.

1248 1285 1340 1356 dibit
1366 1287 1473 1377 dupla
1497 1296 1723 1378 superelecem
1745 1300 1904 1389 partiens
1925 1294 2108 1395 vigesimus
2127 1323 2239 1412 septi-

1248 1409 1341 1464 mas,
1369 1412 1458 1480 quae
1484 1393 1642 1462 consistit
1668 1395 1761 1467 inter
1776 1402 1866 1471 duos
1880 1407 2011 1491 cubos,
2036 1402 2165 1510 nempe
2188 1424 2238 1497 64

1246 1502 1279 1555 et
1303 1485 1364 1560 27.
1401 1487 1556 1562 -Cadaut
1584 1495 1692 1583 igitur
1719 1498 1812 1570 iuter
1838 1527 1895 1574 eos
1919 1510 1992 1580 duo
2016 1517 2134 1589 medio
2156 1523 2236 1596 loco

1247 1591 1538 1679 proportionalia,
1567 1590 1633 1664 hoe
1649 1602 1765 1682 modo,
1790 1603 1853 1689 64,
1868 1605 1930 1690 48,
1946 1611 2006 1698 66,
2023 1617 2087 1690 27.
2138 1621 2237 1694 Con.

1244 1690 1405 1759 ferantnr
1420 1706 1535 1762 autem
1553 1697 1671 1786 primo
1687 1716 1756 1771 tres
1767 1710 1905 1777 numeri
1917 1715 2133 1812 quicunque,
2160 1749 2236 1797 me.

1244 1792 1304 1859 dio
1337 1809 1514 1885 exempto,
1548 1813 1580 1868 et
1608 1794 1816 1874 habebimus
1841 1811 2036 1904 rationem,
2069 1843 2235 1915 quaeest

1243 1893 1447 1964 semiditoui
1478 1921 1557 1966 cum
1587 1898 1774 1992 Diapeute.
1843 1906 2083 1992 Conferantur
2112 1943 2233 2015 postea

1243 1997 1387 2063 extremi
1408 2000 1544 2067 renisuri
1564 2000 1613 2072 64
1631 2017 1662 2070 et
1680 2003 1742 2084 27,
1769 2022 1803 2076 et
1822 2003 2031 2090 habebimus
2047 2028 2232 2111 rationem,

1243 2120 1331 2187 quae
1347 2112 1396 2166 est
1406 2096 1584 2189 Diapason
1598 2128 1676 2171 cum
1692 2108 1917 2188 semiditono.
1969 2117 2108 2195 Horum
2123 2131 2232 2218 igitur

1242 2197 1394 2264 duorum
1419 2203 1624 2286 modorum,
1650 2218 1688 2276 ut
1710 2207 1865 2280 violenta
1888 2215 1983 2287 iuter
2005 2223 2099 2314 ipsos
2116 2232 2231 2303 disso-

1242 2297 1362 2365 nantia
1379 2301 1638 2388 consideretur,
1666 2313 1895 2386 asceudamns
1910 2322 2024 2407 primo
2040 2352 2104 2416 per
2119 2335 2230 2423 septi-

1241 2422 1334 2466 mam
1352 2397 1432 2468 exI'
1446 2416 1483 2470 ut
1500 2401 1577 2472 inF
1588 2404 1622 2474 sa
1636 2420 1688 2491 ut,
1711 2426 1830 2500 postea
1847 2440 1886 2484 ex
1901 2413 1968 2490 hoe
1980 2448 2044 2514 per
2055 2432 2228 2506 decimam

1239 2502 1467 2570 ascendamus
1485 2507 1651 2597 usquead
1669 2511 1875 2584 excellentes
1892 2519 1930 2587 in
1945 2547 1984 2591 aa
1996 2527 2029 2594 la
2043 2533 2092 2599 cni
2104 2556 2142 2602 re
2179 2506 2230 2606 si·

1239 2601 1314 2668 mul
1331 2601 1439 2710 igitur
1454 2607 1664 2676 sonantibus
1681 2604 1809 2682 hornm
1828 2618 1936 2688 trium
1952 2625 2111 2702 lucorum
2131 2590 2228 2706 ioci·

1238 2699 1304 2769 bus
1325 2703 1509 2774 audiemus
1526 2706 1643 2776 dinam
1661 2710 1854 2797 ululatum,
1882 2720 1954 2793 imo
1971 2728 2142 2805 clamores
2155 2736 2228 2809 La-

1238 2797 1418 2892 pitharum
1436 2803 1757 2898 etCentaurorum,
1780 2816 1873 2888 inter
1888 2847 1925 2891 se
1941 2827 2084 2904 dissono
2126 2842 2226 2911 vario

1237 2916 1272 2971 ct
1287 2906 1438 2974 deformi
1454 2910 1572 2999 rugitu
1588 2929 1769 2989 certantes.
1822 2916 1918 2994 Haec
1930 2940 2025 3001 tanta
2039 2890 2226 3011 disionan-

1238 3007 1284 3074 tia
1309 3032 1380 3076 non
1408 3021 1543 3079 tantum
1566 3012 1765 3102 ablusicis,
1791 3025 1851 3095 sed
1871 3025 1976 3097 etiam
1994 3035 2039 3104 ab
2056 3043 2226 3115 omnibus

1236 3109 1442 3177 cantoribus
1457 3113 1547 3181 male
1562 3117 1671 3199 audit,
1697 3119 1805 3191 distat
1819 3109 1913 3196 einim
1930 3155 1949 3198 a
1966 3129 1997 3201 Γ
2010 3151 2049 3206 ut
2064 3141 2224 3214 decima-

1235 3222 1341 3325 sexta.
1400 3207 1601 3317 Diligenter
1625 3215 1735 3306 igitur
1756 3225 2016 3320 consideretur,
2049 3226 2223 3319 has'duas

1235 3311 1486 3397 dissonantias,
1513 3338 1585 3383 non
1608 3316 1816 3408 simpliciter
1831 3350 1945 3417 perse
1961 3359 2035 3406 esse
2051 3324 2211 3418 dissonas

1234 3413 1293 3481 sed
1309 3413 1415 3483 etiarn
1432 3413 1526 3482 inter
1541 3439 1577 3486 se
1591 3432 1759 3511 tanquam
1774 3424 1846 3496 duo
1862 3434 2010 3519 pessima
2028 3445 2119 3513 mala
2131 3402 2222 3519 con-²

1234 3515 1358 3631 traria,
1400 3516 1567 3584 acerrime
1603 3542 1775 3609 pugnare:
1814 3552 1881 3619 qua
1922 3518 2071 3612 manime
2104 3571 2220 3634 pugna

1234 3627 1382 3704 streprtu
1405 3628 1439 3685 et
1456 3619 1630 3702 tumultu,
1656 3630 1904 3709 ornnestotius
1918 3636 2029 3709 scalae
2047 3667 2125 3715 eum
2141 3651 2220 3720 dia-

1232 3728 1389 3784 tessaron
1412 3718 1564 3809 optimae
1589 3714 1813 3812 harmoniae,
1839 3753 1911 3801 non
1934 3743 2040 3811 modo
2065 3736 2137 3816 nois
2154 3774 2220 3821 au·

1232 3817 1398 3902 diuntur,
1419 3820 1478 3887 sed
1496 3844 1639 3910 prorsus
1651 3825 1855 3900 obruuntur
1867 3847 1901 3904 et
1918 3835 2110 3920 intereunt.
2128 3830 2133 3844 ¹
2152 3828 2156 3833 Ι

1333 3966 1386 4038 lta
1409 3970 1459 4039 alt
1473 3967 1592 4056 Plato,
1617 3998 1761 4064 prorsus
1783 3979 1858 4051 lieri
1874 3982 1911 4052 in
1928 3991 2058 4078 optima
2075 3994 2217 4090 Repub.

1231 4092 1320 4163 qnae
1335 4072 1486 4141 naturali
1504 4074 1612 4145 modo
1629 4077 1790 4164 perfecta,
1815 4090 2008 4159 secundum
2021 4104 2216 4173 ternarium

1230 4195 1309 4241 curn
1332 4187 1431 4241 aucta
1456 4189 1525 4259 est,
1551 4177 1686 4263 profert
1708 4179 1776 4249 sibi
1795 4190 1989 4278 contraria,
2017 4221 2106 4288 quae
2125 4203 2217 4274 inter

1229 4297 1265 4344 se
1296 4273 1488 4362 pugnantia
1520 4276 1791 4363 violentissime,
1825 4284 1959 4360 faciunt
1986 4298 2216 4386 turbationes,

190 4381 367 4458 sitoniam,
416 4389 538 4467 utpote
577 4374 871 4445 concurrentibus
915 4374 1177 4463 perfectissimis
1229 4386 1264 4442 et
1282 4377 1404 4442 totales
1421 4376 1634 4447 mutationes
1648 4379 1765 4468 legum
1781 4398 1815 4453 et
1831 4385 2073 4478 imperiorum.
2125 4403 2215 4476 Cum

188 4478 404 4561 harmoniis,
430 4501 520 4571 quae
533 4472 744 4571 symphonia
761 4490 831 4545 tota
847 4490 898 4544 est
913 4476 1028 4564 imago
1043 4469 1175 4545 heroici
1229 4488 1345 4544 autem
1377 4471 1413 4543 bi
1446 4479 1585 4546 numeri
1614 4477 1666 4551 64
1689 4496 1723 4553 et
1743 4485 1795 4556 27
1818 4491 2003 4576 proferunt
2025 4523 2082 4570 eas
2103 4505 2216 4577 (lisso.

189 4583 438 4669 Magistratus,
467 4603 546 4647 cum
577 4574 827 4667 pulcherrimis
858 4577 994 4665 legibus
1020 4578 1175 4669 optimae
1227 4576 1385 4661 nantias,
1411 4578 1696 4669 multiplicantur
1712 4583 1817 4654 simul
1834 4587 1927 4660 inter
1942 4618 1997 4680 se,
2026 4625 2215 4689 procreem.

178 4682 420 4772 ·Reipublicae
434 4679 702 4762 consentientis,
726 4681 872 4749 utinfra
887 4680 1033 4750 dicetur.
1085 4680 1176 4751 Cae·
1226 4693 1278 4748 tes
1301 4702 1487 4747 numerum
1511 4702 1707 4767 annorum,
1732 4710 1803 4778 quo
1827 4688 1892 4759 ista
1916 4701 2093 4770 contraria
2115 4729 2214 4776 eser-

187 4800 304 4853 terom
328 4777 414 4850 haec
436 4779 552 4848 mollis
574 4792 608 4848 et
626 4779 857 4849 duleisouans
882 4776 1068 4850 harmonia
1094 4805 1174 4871 per·
1228 4779 1336 4846 tentia
1358 4780 1450 4868 leges
1475 4795 1508 4849 et
1525 4795 1636 4852 natus
1652 4783 1873 4877 llcrumpuh.
1888 4794 2214 4899 sisinnum-nempe

187 4889 276 4956 fecte
300 4884 493 4951 secundum
505 4880 658 4948 ternarii
676 4902 863 4950 numerum
880 4897 1002 4961 aucta,
1029 4905 1102 4948 nou
1119 4904 1171 4948 as-
1229 4877 1326 4948 1728
1349 4902 1478 4964 annos,
1502 4879 1642 4953 Horum
1659 4898 1793 4973 partem
1806 4888 2016 4982 subtriplum
2032 4911 2213 4996 superari.

174 4987 348 5079 ·requitnr
369 4983 551 5050 meliorem
575 4976 813 5048 harmoniam:
841 5004 962 5049 vetum
986 4981 1048 5047 illa
1071 4998 1175 5048 natu-
1224 4980 1435 5069 partientem
1459 4997 1616 5064 octavas,
1639 4976 1805 5056 tribuunt
1826 4995 2084 5074 mutationibus
2104 5005 2213 5079 Prin-

187 5090 254 5160 rali
281 5086 444 5155 auctione
464 5081 683 5151 transcendit
706 5081 743 5146 in
767 5082 1012 5159 durissimam,
1045 5093 1079 5146 et
1102 5077 1174 5172 (se-
1227 5081 1428 5170 eipatunm,
1454 5105 1580 5173 nempe
1597 5079 1672 5157 5¹2
1688 5109 1818 5173 anuos,
1841 5095 1971 5166 cubum
1988 5124 2028 5171 er
2044 5120 2129 5176 octo·
2166 5115 2209 5182 ad

186 5193 344 5262 cundum
362 5182 582 5280 Pythagorae
604 5178 819 5271 doctrinam)
835 5181 1073 5249 dissonantem
1091 5176 1174 5248 har-
1227 5187 1389 5273 quae12
1421 5178 1552 5253 habent
1582 5186 1843 5278 sesquialteram
1875 5199 2059 5279 rationem.
2130 5165 2211 5283 idne

172 5295 365 5368 moniam,
392 5313 480 5380 «prae
494 5302 545 5356 est
560 5282 738 5373 Diapason
755 5304 833 5348 cum
852 5282 1082 5358 semiditono,
1110 5276 1173 5348 ba-
1226 5296 1293 5366 est,
1322 5283 1369 5352 12
1391 5280 1524 5352 habent
1547 5308 1584 5353 se
1608 5289 1651 5354 ad
1670 5288 1692 5356 8
1710 5303 1748 5359 ut
1763 5291 1787 5360 6
1803 5296 1844 5362 ad
1860 5300 1905 5380 2,
1932 5326 2022 5393 quae
2044 5321 2095 5376 esc
2117 5314 2209 5383 rasio

173 5397 302 5464 bonus
324 5391 514 5472 rationem,
540 5410 628 5478 qrrne
648 5399 700 5453 est
720 5385 814 5452 inter
829 5380 879 5451 64
894 5396 926 5451 et
941 5381 991 5456 27
1005 5380 1174 5453 stridente
1225 5383 1336 5453 vividi
1351 5398 1386 5454 et
1399 5382 1589 5474 gestiendis
1604 5385 1789 5481 Diapeute,
1814 5395 1934 5470 Status
1946 5404 2056 5492 igitur
2071 5423 2104 5480 et
2120 5412 2211 5504 leges

236 5502 412 5566 iterna-eo.
433 5499 536 5560 Orrn.
551 5491 634 5554 Vos.
652 5490 697 5556 X·
1690 5490 1740 5562 49
