4748 6022
287 269 366 350 sss
647 250 901 345 sursera
938 244 1241 326 xnvxrxru
1274 240 1350 320 nr
1383 243 1621 327 omruu
1656 245 1956 329 nucanrn
2191 222 2195 231 ·
2250 252 2333 330 m

288 457 440 519 mortem
461 430 571 507 huius
595 427 666 502 huc
689 428 817 503 redire.
866 425 937 499 Sed
958 439 998 498 ut
1013 423 1141 511 ordine
1157 444 1279 491 narre-
1330 416 1468 515 Aprilis
1493 424 1632 495 decimo
1657 437 1781 496 oetam
1817 424 1945 519 scripsi
1973 419 2043 495 hoc
2060 420 2326 501 'testamentum

289 548 388 631 mus,
410 538 518 633 paulo
539 547 622 629 post
642 546 765 603 octava
783 527 958 599 matutina
974 526 1128 619 gustavit
1143 521 1280 617 aliquid
1330 525 1369 594 in
1387 552 1467 598 meo
1485 528 1611 597 morbo
1624 527 1782 597 breviter
1794 528 1840 598 de
1856 527 1901 597 iis
1916 526 2080 622 reliquiis
2099 528 2325 615 tamltatum,

288 653 334 722 de
349 642 495 718 -iusculo
517 651 552 710 'et
570 635 721 708 hucellis
740 631 954 711 Limonum,
981 642 1101 720 postea
1123 628 1190 697 sub
1215 621 1281 695 ho-
1330 653 1418 723 quas
1432 625 1523 698 mihi
1542 627 1639 699 Deus
1654 630 1763 699 dedic
1808 626 2078 701 Conlessionem
2094 630 2178 700 fidei
2193 645 2323 722 etgra-

290 774 369 825 rem
390 767 524 817 nonam
541 762 713 832 generum
725 734 904 805 medicum
921 731 1159 823 compellans,
1181 728 1282 821 quid,
1331 732 1461 801 tiarum
1485 732 1660 801 actionem
1683 733 1727 801 ad
1745 727 1863 802 Deum
1886 746 1923 805 et
1939 731 2136 822 Dominum
2158 744 2325 805 nostrum

288 852 358 928 tihi
385 847 523 943 inquit,
547 842 689 913 videtur
712 839 756 908 de
776 836 903 905 morho
925 857 1024 917 meo,
1055 831 1191 926 etquid
1207 826 1282 920 spei
1331 831 1447 904 lesum
1462 830 1665 920 Christum,
1689 832 1897 925 scripseram
1916 835 2111 921 sulcabit,
2135 836 2195 905 sed
2217 828 2326 906 char-

291 953 424 1028 habes?
454 945 548 1019 nihil
567 942 765 1016 dissimula.
816 934 885 1007 Cui
909 935 1084 1006 medicus:
1118 931 1216 1003 Deus
1231 943 1301 1003 est.
1330 949 1387 1006 tae
1413 950 1497 1008 sunt
1518 937 1742 1028 interceptae.
1800 933 1895 1007 Volo
1919 951 2039 1009 tamen
2063 936 2325 1008 ωηιωὶοῃω

291 1060 365 1130 vita
390 1070 452 1128 tua
474 1065 509 1121 et
531 1045 718 1151 longitudo
739 1041 878 1111 dierum
906 1052 1069 1121 tuorum,
1099 1035 1162 1128 qui
1190 1029 1282 1103 hanc
1331 1062 1445 1108 meam
1479 1062 1553 1109 esse
1577 1036 1844 1131 Responsiones
1876 1041 1923 1110 de
1953 1037 2134 1111 staricis
2165 1038 2326 1113 articulis

292 1155 600 1234 commendamus,
630 1147 691 1217 sed
715 1143 799 1237 quia
821 1164 944 1211 verum
969 1162 1027 1208 me
1047 1139 1101 1207 vis
1120 1138 1238 1207 dicere
1252 1134 1284 1204 si
1332 1154 1455 1210 contm
1487 1139 1711 1220 Pontificios,
1744 1139 2012 1234 Anshsptistat,
2049 1139 2258 1227 Florianos,
2288 1154 2327 1212 et

292 1258 465 1358 Physicae
485 1274 608 1325 causae
628 1247 917 1327 considerentur,
957 1241 1192 1333 profectores
1215 1237 1283 1306 mi·
1331 1242 1465 1312 similes
1481 1255 1546 1313 etc.
1581 1239 1667 1312 Post
1681 1237 2036 1338 heecsequunturea
2051 1267 2144 1338 quae
2159 1242 2326 1315 derebus

293 1367 389 1434 nime
414 1369 510 1430 caret
531 1351 708 1446 periculo,
737 1347 962 1418 imbecillitas
978 1344 1074 1412 enim
1089 1365 1216 1430 magna
1233 1352 1285 1409 est
1333 1345 1405 1413 suis
1417 1344 1494 1414 fieri
1510 1343 1643 1425 voluit,
1670 1346 1763 1415 etad
1781 1340 1949 1417 haeredes
1963 1347 2075 1440 ipsius
2086 1359 2227 1418 tantum
2241 1367 2326 1438 pee-

293 1465 382 1536 etin
395 1470 579 1531 momenta
595 1451 759 1542 augescit.
785 1446 880 1519 Tum
897 1447 958 1517 ille
971 1469 1094 1516 rursus
1108 1468 1171 1535 ego
1189 1443 1285 1532 idem
1333 1447 1468 1532 tinent,
1493 1447 1558 1516 etsi
1577 1469 1712 1532 eorum,
1737 1460 1778 1518 ut
1792 1448 1947 1520 diximus
1962 1448 2237 1540 descriptionem
2251 1470 2328 1519 non

292 1566 426 1648 sentio,
452 1577 486 1633 et
507 1582 622 1628 meam
647 1552 924 1625 imbecillitatem
947 1548 1120 1636 intelligo.
1172 1544 1285 1615 Paulo
1334 1549 1472 1642 potuit,
1498 1549 1683 1619 absolvere
1703 1552 1799 1643 quod
1822 1551 2012 1622 scribendo
2033 1552 2103 1620 iam
2119 1562 2191 1621 tres
2204 1549 2328 1642 pagel-

292 1682 372 1761 post
385 1664 509 1760 quaeri
524 1663 623 1730 iubet
638 1657 678 1726 in
694 1650 826 1727 chartis
841 1653 915 1722 suis
933 1651 1085 1742 pagellas
1104 1649 1286 1743 quasdam,
1335 1654 1387 1721 las
1409 1652 1633 1736 confecisset,
1658 1664 1764 1746 atque
1786 1652 1835 1723 ita
1856 1677 1894 1723 se
1911 1654 2152 1744 defatigasset,
2176 1665 2218 1723 ut
2231 1647 2329 1721 nibil

293 1775 334 1842 in
356 1769 488 1864 quihus
510 1772 758 1834 testamentum
781 1779 883 1826 suum
906 1754 1014 1842 longo
1031 1765 1190 1843 tempore
1204 1761 1286 1820 ante
1335 1765 1453 1846 posset
1468 1756 1598 1824 addere
1612 1767 1689 1825 tum
1704 1754 1877 1847 amplius,
1901 1755 2018 1826 sedin
2033 1767 2213 1847 posterum
2229 1753 2329 1824 diem

295 1871 496 1945 describere
520 1866 567 1935 ita
590 1872 770 1953 coeperat,
794 1872 835 1929 ut
858 1879 956 1926 suam
976 1852 1185 1942 desingulis
1201 1850 1286 1920 reli·
1336 1855 1506 1926 differret
1525 1856 1663 1950 reliqua
1691 1856 1905 1945 deficientia,
1939 1881 2012 1951 quo
2041 1857 2119 1948 ipso
2143 1870 2263 1928 tamen
2287 1856 2330 1924 ξῃ

295 1974 411 2067 gionis
427 1967 650 2042 Christianae
674 1962 846 2053 capitibus
867 1958 1077 2029 sententiam
1099 1956 1288 2047 explicaret
1337 1971 1488 2029 extrema
1520 1958 1651 2027 virium
1683 1958 1879 2033 deiectione
1905 1959 2060 2031 scrihere
2082 1954 2177 2029 nihil
2199 1958 2330 2050 potuit,

294 2092 402 2171 atque
423 2082 582 2145 testatam
607 2067 650 2136 ad
675 2063 915 2156 posteritatem
938 2062 1084 2138 laceret,
1119 2080 1225 2151 quem
1253 2067 1288 2141 et
1336 2073 1376 2131 ut
1398 2060 1491 2130 inira
1514 2074 1755 2151 cognoscetur.
1805 2058 2006 2132 Literarum
2028 2074 2147 2131 sutem
2171 2060 2330 2130 exaratio

294 2200 421 2248 verum
458 2187 564 2265 atque
597 2167 826 2259 praecipuum
859 2175 1150 2234 testamentorum
1182 2181 1287 2228 usum
1336 2186 1561 2256 nequaquam
1578 2176 1630 2233 est
1644 2163 1736 2242 talis,
1762 2165 1894 2256 deque
1909 2176 1983 2234 tam
1997 2162 2199 2256 propium
2216 2161 2331 2232 morti

296 2280 390 2373 apud
406 2275 541 2369 priscos
559 2271 661 2355 illos,
684 2281 721 2339 et
735 2281 873 2337 sanctos
887 2279 1002 2356 patres
1015 2263 1122 2334 foisse
1136 2284 1288 2332 consen·
1337 2264 1501 2334 debilitas
1522 2260 1829 2360 deprehendatur,
1863 2278 1899 2335 et
1918 2263 2065 2335 minime
2086 2264 2215 2335 simili,
2235 2263 2330 2334 mi.

295 2398 441 2455 taneum
466 2390 529 2448 est.
587 2370 666 2442 Hoc
689 2371 799 2459 igitur
821 2370 882 2439 ille
903 2368 1083 2437 luculente
1102 2363 1288 2433 facerein·
1337 2381 1461 2458 pturae
1485 2366 1581 2436 illius
1603 2391 1674 2460 qua
1692 2367 1880 2437 undecima
1893 2366 1954 2436 die
1968 2382 2071 2450 ante,
2105 2366 2332 2460 qrmcmmfi

295 2495 446 2576 ceperat,
469 2499 617 2569 eamque
631 2467 895 2543 inchoationem
909 2468 1014 2538 multi
1027 2468 1205 2550 viderunt,
1226 2465 1286 2535 aed
1339 2470 1451 2561 prima
1476 2469 1564 2553 luit,
1592 2468 1709 2538 literas
1731 2470 1776 2537 ad
1799 2469 1954 2538 micum
1975 2469 2016 2537 in
2031 2468 2151 2539 1125„oe
2164 2463 2332 2538 1321(th

295 2601 336 2667 Ἦ
358 2580 560 2653 meminiffl
583 2576 748 2645 Vidfflml
771 2597 845 2642 ⁰⁰¹¹
870 2572 975 2659 ¹⁰¹1&
997 2588 1201 2661 emcressus
1222 2569 1287 2637 de-
1339 2574 1383 2640 ah
1397 2583 1627 2655 eoexaratas,
1651 2569 1987 2662 suprascripsimus.
2037 2569 2130 2640 Nam
2145 2570 2211 2641 etsi
2225 2592 2333 2662 prae·

297 2684 485 2759 scribendo
498 2683 625 2752 luerat.
678 2673 743 2745 llle
758 2675 867 2764 igitur
881 2673 1034 2764 pagellae
1051 2694 1133 2741 cum
1145 2670 1290 2740 iubente
1339 2672 1546 2742 cedentibus
1567 2672 1693 2743 diebus
1713 2673 1899 2763 scripserat
1920 2672 2095 2766 quaedem
2115 2673 2232 2744 multo
2254 2694 2331 2741 me-

299 2793 395 2882 ipso,
429 2799 471 2857 ut
499 2782 671 2863 diximus,
704 2777 895 2866 diligenter
921 2788 998 2844 tum
1022 2783 1290 2868 quaererentur,
1339 2776 1427 2861 lius,
1458 2789 1491 2846 et
1513 2774 1698 2865 epistolam
1729 2777 1774 2844 ad
1798 2774 1933 2847 Ducem
1957 2771 2149 2845 Borussiae
2175 2773 2331 2845 omniuo

299 2892 433 2984 ubique
455 2889 493 2963 in
516 2881 685 2954 omnibus
707 2879 840 2949 musaei
866 2877 1026 2962 scriniis,
1055 2875 1213 2945 inveniri
1236 2888 1291 2945 ta·
1340 2877 1491 2968 optime,
1520 2891 1639 2947 tamen
1659 2871 1747 2946 haec
1769 2876 1894 2947 ultima
1916 2876 2053 2970 deque
2075 2877 2227 2947 diclmm
2242 2879 2332 2947 ιώ.

299 3016 383 3065 men
405 3015 481 3061 non
504 3000 672 3080 potuere,
701 2996 742 3053 ut
760 2981 933 3052 acurioso
952 2980 1091 3072 aliquo,
1117 2979 1214 3073 quod
1231 2999 1291 3066 ge·
1339 2995 1443 3071 ptura
1466 2979 1578 3070 ipsius
1599 2979 1775 3049 eiusmodi
1799 2992 1869 3063 est,
1894 2989 1934 3049 ut
1948 3002 2051 3071 saepe
2065 2980 2257 3050 meinaim
2268 3002 2335 3049 η.-

299 3120 369 3168 nns
390 3093 586 3163 secundum
608 3085 774 3155 Plautum
797 3107 935 3173 semper
956 3095 1009 3151 est
1033 3081 1186 3164 malum,
1211 3101 1292 3148 sur·
1340 3085 1417 3152 lens
1449 3106 1524 3150 non
1547 3080 1704 3172 pinxerit
1725 3081 1846 3152 literas
1867 3081 2049 3162 meliores,
2079 3082 2184 3175 'quod
2210 3081 2334 3174 inspe-

289 3212 418 3289 ¹reptas
430 3194 510 3262 illas
525 3189 677 3281 suspicio
692 3187 748 3266 sit,
774 3186 869 3279 quod
887 3185 1018 3266 lactum
1033 3196 1085 3252 est
1099 3185 1144 3252 de
1160 3177 1292 3252 chartis
1341 3196 1473 3257 etantes
1487 3183 1591 3253 facilc
1607 3182 1764 3253 iudicare
1778 3195 1937 3276 posscmt.
2026 3212 2030 3219 ·
2328 3214 2334 3224 ,

283 3314 338 3371 -et
352 3296 492 3388 scriptis
505 3293 582 3364 aliis
595 3292 634 3360 in
649 3283 871 3359 Bibliotheca
888 3286 985 3355 illius
998 3284 1174 3375 plurimis.
1198 3281 1290 3354 Cum
1445 3283 1552 3355 Mens
1571 3296 1690 3355 autem
1710 3287 1894 3357 constabat
1916 3284 2144 3375 integerrima
2169 3298 2205 3356 et
2217 3287 2335 3357 since-

304 3424 378 3472 non
399 3397 620 3468 inveniretur
644 3393 706 3461 illa
726 3403 825 3460 vetus
848 3384 1029 3458 inchoatio
1054 3399 1134 3478 post
1161 3386 1293 3455 multos
1342 3389 1480 3458 tissima
1499 3409 1611 3480 usque
1633 3387 1678 3456 ad
1700 3399 1897 3460 extremum
1911 3386 2004 3457 ritae
2018 3382 2190 3473 halitum,
2212 3411 2334 3482 neque

303 3524 484 3574 annones
506 3499 636 3593 quibus
659 3516 788 3584 genero
803 3493 846 3562 de
864 3492 970 3561 rebus
983 3489 1129 3581 privatis
1146 3490 1292 3559 univer·
1343 3505 1382 3562 ut
1399 3502 1501 3560 antea
1518 3490 1557 3556 in
1572 3502 1645 3558 tota
1661 3488 1753 3573 vita,
1779 3490 1826 3559 ita
1842 3487 1947 3560 etiam
1960 3489 2025 3558 illo
2039 3490 2336 3582 morhitsnpore

303 3609 351 3678 ais
372 3607 591 3674 voluntatem
618 3621 716 3667 suam
739 3609 773 3666 et
798 3593 1030 3671 sententiam,
1064 3591 1165 3683 prius
1183 3615 1291 3681 expo·
1343 3590 1428 3663 haec
1450 3591 1526 3662 ullo
1548 3593 1655 3661 modo
1678 3592 1950 3675 attentatsfuit,
1974 3592 2337 3684 cumquecseteraaetn

304 3709 375 3780 suit
390 3731 497 3800 quam
511 3702 692 3779 scriberet,
715 3721 844 3767 novam
859 3695 1133 3784 descriptionem
1147 3694 1293 3785 suscipit
1344 3718 1491 3787 corpore
1517 3693 1628 3784 ipsius
1653 3696 1812 3764 membra
1843 3693 1956 3764 solida
1980 3706 2112 3776 essent,
2127 3695 2334 3791 ⁸cerebrum

303 3812 430 3885 sedens
452 3809 497 3877 ad
519 3803 716 3873 mensulam
730 3822 850 3880 suam,
872 3823 943 3891 quo
959 3797 1092 3865 solebat
1107 3820 1187 3865 cum
1205 3796 1292 3889 quid
1342 3812 1461 3868 tamen
1491 3808 1567 3866 erat
1594 3795 1853 3882 firmissimum,
1890 3793 2079 3890 quodnisi
2108 3794 2180 3865 tale
2199 3797 2335 3879 luisset,

303 3913 472 3985 scriberet
487 3909 552 3978 sub
569 3901 695 3974 horam
711 3902 912 3977 secundam,
928 3912 961 3968 et
976 3921 1180 3991 quanquam
1195 3899 1294 3967 vale-
1344 3913 1460 3970 tantos
1478 3899 1540 3966 ille
1558 3911 1594 3967 et
1605 3909 1785 3968 tantarum
1798 3897 2072 3989 occupationum
2088 3897 2247 3983 labores,
2271 3922 2337 3990 per

303 4017 390 4086 tudo
407 4026 441 4082 et
456 4013 549 4079 vires
563 4008 609 4077 ita
628 4018 728 4075 erant
750 4016 791 4073 ut
805 4002 981 4086 diximus,
1006 4024 1120 4092 neque
1136 4015 1293 4092 praeter·
1344 4016 1416 4071 tam
1436 4000 1567 4069 multos
1581 4021 1694 4068 annos
1708 4000 1882 4071 sustinere
1896 4014 2001 4095 atque
2016 4000 2170 4092 perterre
2184 3999 2336 4070 minime

304 4139 411 4209 quam
427 4115 472 4181 de
482 4110 628 4203 privatis
637 4110 743 4177 rebus
752 4105 815 4176 tali
828 4118 987 4195 tempore
997 4126 1061 4173 suo
1077 4103 1293 4193 perscribere
1346 4103 1532 4196 potuisset,
1557 4114 1663 4195 atque
1686 4103 1742 4171 vel
1763 4096 1829 4172 hac
1848 4103 1973 4173 eadem
1993 4101 2072 4184 die,
2091 4101 2150 4170 vel
2163 4117 2336 4195 sequence

302 4227 439 4309 posset,
466 4237 546 4281 cum
571 4235 617 4280 ne
640 4207 709 4279 hoc
729 4209 874 4302 quidem
895 4230 957 4298 per
981 4204 1199 4277 debilitatem
1213 4230 1293 4296 per.
1345 4209 1390 4276 ad
1416 4205 1526 4273 filiam
1552 4206 1745 4275 tombam,
1774 4227 1811 4273 ,e
1833 4202 1903 4274 Dei
1925 4203 2096 4275 beneflcio
2117 4204 2243 4296 “pitis
2263 4207 2335 4273 im-

302 4320 436 4388 liceret:
464 4315 559 4406 quod
575 4325 845 4399 tamensempcr
860 4311 904 4378 de
919 4307 1070 4398 publicis
1088 4309 1194 4376 rebus
1210 4332 1293 4378 cura
1345 4307 1570 4377 becillitstem
1595 4330 1659 4376 nec
1684 4307 1834 4377 sensisse
1856 4330 1922 4377 nec
1933 4305 2065 4379 sentire
2078 4304 2199 4380 ullam.
2250 4302 2335 4376 Non

302 4422 337 4492 ei
358 4417 478 4512 potior
500 4427 607 4497 esset,
631 4437 707 4480 nou
729 4412 845 4501 potuit
867 4411 999 4490 lacere,
1028 4409 1117 4500 quin
1139 4410 1296 4481 breviter
1345 4414 1490 4481 deerant
1511 4409 1635 4503 quiex
1659 4402 1726 4479 hac
1750 4409 1929 4480 soliditate
1949 4407 2128 4501 corporis,
2164 4421 2200 4480 et
2220 4430 2337 4479 mam.

302 4540 378 4597 tum
395 4521 500 4592 etiam
516 4518 578 4600 iis,
603 4537 693 4607 quae
708 4514 752 4582 de
766 4510 872 4581 honis
887 4510 960 4578 suis
973 4510 1226 4595 constituebat,
1249 4512 1293 4581 de
1346 4515 1492 4583 brorum
1507 4512 1778 4603 praecipuorum
1795 4513 1945 4594 virtute,
1970 4512 2064 4584 vitae
2084 4510 2337 4582 extinctionem

302 4625 521 4698 confessione
552 4619 635 4688 fidei
666 4639 749 4684 suae
783 4613 883 4705 quasi
914 4613 1150 4701 praeferetur,
1196 4617 1292 4705 quod
1343 4627 1541 4685 metuerent
1562 4614 1762 4696 duriorem,
1789 4628 1824 4685 et
1847 4609 1976 4708 σβέσιν
1994 4627 2034 4684 ut
2050 4612 2339 4703 Aristotelesap-

301 4728 562 4822 prooemiolum
580 4721 677 4791 illius
695 4741 776 4788 cum
792 4717 835 4784 ad
854 4714 1033 4819 publicam
1048 4716 1243 4787 voluntatis
1259 4731 1294 4787 et
1345 4717 1465 4813 pellat,
1487 4740 1560 4785 non
1573 4716 1719 4785 senilem
1733 4710 1935 4810 psoipapmp,
1987 4714 2201 4787 conserebat
2216 4728 2335 4785 „utem

302 4831 495 4902 sententiae
526 4826 637 4917 ipsios
667 4817 976 4892 constestationem
1003 4816 1193 4907 pertineat,
1227 4815 1293 4889 hoc
1344 4843 1424 4891 cum
1456 4842 1585 4909 genem
1621 4832 1696 4887 tum
1732 4819 1840 4890 etiam
1869 4822 1915 4888 de
1947 4816 2200 4889 communibus
2229 4818 2338 4887 rebus

303 4934 409 5006 eliam
431 4932 475 4999 de
490 4952 592 4998 causa
610 4926 744 5018 optima
758 4923 827 4991 lide
841 4920 1111 5010 transscriptum
1129 4916 1291 4991 hocloco
1344 4920 1557 4993 Academiae
1580 4933 1739 5006 nostrae,
1768 4936 1803 4994 et
1825 4921 2009 4994 constituit
2021 4923 2067 4990 de
2084 4914 2247 4991 doctrina
2267 4942 2338 5008 pu-

303 5034 533 5107 inserendum
558 5028 779 5121 putavimus,
805 5023 1012 5116 praesertim
1028 5046 1108 5091 cum
1125 5024 1170 5092 iis
1185 5024 1291 5095 etiam
1343 5025 1437 5096 blica
1461 5038 1540 5115 post
1560 5036 1711 5094 mortem
1731 5046 1849 5109 suam,
1874 5046 2051 5118 quemque
2064 5020 2134 5093 sibi
2151 5024 2338 5092 succedere

301 5161 392 5237 quae
407 5138 477 5206 iam
495 5136 540 5204 dc
554 5144 760 5202 testamento
776 5122 882 5199 huius
897 5122 1119 5195 narravimus
1140 5125 1294 5218 explica-
1343 5126 1494 5196 maxime
1518 5126 1643 5210 vellet,
1669 5139 1704 5198 et
1726 5129 1771 5196 de
1794 5127 1873 5197 aliis
1890 5127 2123 5219 quibusdam,
2146 5124 2339 5218 dequibus

301 5246 435 5316 tionem
451 5237 585 5308 afferat.
637 5230 754 5301 Verba
768 5230 876 5319 igitur
893 5227 1022 5321 quibus
1043 5241 1292 5300 testamcutum
1343 5224 1510 5300 hocloco
1534 5229 1606 5298 dici
1630 5224 1722 5297 nihil
1743 5228 1888 5307 attinet,
1922 5229 2132 5300 sententiam
2155 5249 2256 5297 suam
2277 5249 2340 5296 ex.

301 5368 406 5416 suum
422 5339 469 5417 D.
484 5333 672 5429 Philippus
691 5329 789 5402 horis
803 5343 887 5400 ante
904 5343 1052 5399 mortem
1074 5330 1202 5419 viginti
1226 5355 1293 5399 no-
1342 5331 1509 5424 plicahat.
1578 5328 1677 5400 Hora
1710 5332 1811 5400 tertia
1843 5354 1884 5398 ex
1905 5354 2049 5423 musaeo
2072 5331 2109 5398 in
2133 5327 2340 5400 cubiculum

303 5468 381 5516 vem
396 5441 593 5516 describere
609 5436 734 5530 caepit,
754 5429 839 5502 haec
854 5445 956 5503 sunt:
983 5426 1294 5506 annectendis
1343 5433 1464 5503 reduci
1493 5432 1652 5510 volebat,
1686 5455 1769 5501 nam
1790 5444 1829 5503 ut
1853 5428 1920 5505 hoc
1943 5435 2049 5505 etiam
2070 5431 2189 5503 obiter
2207 5432 2342 5502 refera-
