4748 6022
173 316 224 395 rs
342 308 798 406 amsTonantJM,
839 302 1214 392 tnntctolttJM
1249 305 1326 388 ΕΤ
1361 292 1760 395 scamnorum
1808 310 1916 397 mn.
1943 304 2042 403 xlv.
2156 329 2206 400 74

172 508 252 556 mm
268 485 425 554 iucunda
441 481 533 553 mihi
550 509 628 554 cum
644 485 767 555 multis
781 482 894 553 doctis
909 482 996 550 viris
1009 480 1164 550 familia·
1219 493 1289 550 tam
1305 475 1340 571 ⁸)
1355 483 1540 553 maximam
1552 481 1590 580 ²)
1603 487 1723 557 animo
1740 489 1923 581 concipere
1937 517 2091 583 possum,
2106 494 2203 587 qnod

173 589 258 659 ritas
274 586 442 675 contigit,
472 601 506 655 et
522 588 630 656 multa
646 589 690 655 dc
703 586 884 677 republica
900 584 1019 664 audio,
1045 596 1161 652 tamen
1218 582 1357 651 veniam
1374 586 1487 655 errori
1504 610 1583 655 mco
1597 589 1676 672 das,
1704 615 1830 684 meque
1855 593 1891 661 in
1915 595 2101 684 pristinam
2122 617 2203 685 gra-

174 685 244 760 ltoc
267 687 414 756 insuave
439 703 509 770 est,
536 693 630 781 quod
654 701 762 757 cttno
779 700 968 778 conspectu
984 708 1103 764 careo,
1131 698 1164 753 et
1188 694 1192 752 t
1217 684 1302 753 tiam
1324 686 1471 777 recipis,
1503 711 1542 756 ac
1566 688 1718 758 vicissim
1745 693 1811 761 tibi
1836 692 1940 762 fidem
1964 697 2030 780 do,
2064 720 2120 764 mc
2138 720 2202 786 per

175 814 258 862 raro
274 802 342 859 ate
361 788 481 858 literas
497 791 625 878 accepi.
679 789 836 859 Tantum
851 786 946 856 enim
963 810 1070 856 unam
1088 787 1164 876 epi·
1188 756 1192 811 Ι
1216 796 1357 854 omnem
1376 789 1482 857 vitam
1500 789 1705 859 effecturum
1730 817 1822 874 esse,
1850 810 1889 866 ut
1912 795 2088 887 intelligas
2109 790 2206 865 nihil

175 893 305 964 stolam
332 892 394 960 abc
414 906 449 962 te
469 892 584 982 accepi
604 905 787 984 postquam
804 916 845 960 ex
861 890 971 981 patria
988 888 1163 979 proiectus
1218 902 1272 953 me
1285 887 1383 978 prius
1399 902 1460 960 aut
1476 888 1657 982 antiquins
1672 907 1732 964 tua
1749 896 1994 968 benevolentia
2007 894 2043 992 ⁸)
2059 901 2202 973 ducere.

175 1016 270 1067 sum.
322 989 540 1062 Measctiam
561 993 854 1081 parumlid'eliter
875 991 978 1060 reddi
1001 987 1164 1059 animad-
1216 982 1537 1064 ln'humaniasimus
1558 978 1707 1088 enim⁰l
1740 1021 1848 1077 essem
1879 994 2129 1092 omnipm¹⁰),
2172 1000 2204 1068 si

175 1108 289 1167 verto.
340 1091 429 1162 Nam
456 1109 490 1164 et
512 1092 732 1183 Tnbinge'nsi
757 1094 890 1163 nuncio
915 1106 950 1163 et
976 1090 1163 1162 mercatori
1216 1088 1319 1157 talem
1346 1107 1526 1181 parentem
1555 1117 1629 1162 non
1653 1099 1750 1167 omni
1781 1100 1864 1168 c'ura
1894 1096 1983 1168 mihi
2012 1098 2201 1171 colendum

177 1190 336 1286 Spirensi
356 1197 438 1264 dedi
456 1196 642 1266 fasciculos
656 1196 859 1278 literarum,
885 1215 975 1287 qnos
998 1213 1043 1264 an
1066 1216 1163 1266 acce·
1216 1200 1288 1259 csse
1311 1194 1565 1278 existimarem,
1599 1197 1660 1289 qui
1685 1194 1824 1288 praeler
1845 1200 2049 1272 communia
2073 1206 2204 1291 parc'n·

172 1298 270 1389 peris
287 1296 390 1365 valde
403 1299 540 1368 dubito.
593 1296 697 1367 Nunc
711 1299 779 1367 alia
796 1298 933 1367 ratione
952 1291 1043 1363 mihi
1058 1306 1162 1362 uten-
1215 1305 1296 1360 tum·
1317 1295 1485 1365 beneficia
1504 1291 1555 1388 ¹¹)
1582 1296 1727 1389 insuper
1742 1284 1792 1397 ¹¹³)
1825 1326 1881 1370 me
1914 1303 2077 1397 maximis
2110 1303 2206 1385 vitac'

171 1401 259 1468 dum
276 1420 414 1472 censeo.
466 1399 718 1490 Norimbcrgae
735 1414 786 1470 cst
800 1400 857 1467 vic
871 1399 996 1466 doctus
1019 1396 1162 1465 concio·
1191 1445 1194 1451 .
1215 1395 1399 1482 praesidiis
1414 1410 1511 1468 curat
1529 1397 1658 1469 instrui
1674 1395 1721 1496 ¹³)
1743 1418 1847 1496 atque
1862 1392 1995 1477 ornari.
2047 1401 2126 1473 Hoc
2149 1417 2201 1472 est

171 1513 280 1570 nator
300 1494 413 1570 Vitas
431 1492 669 1582 Theodorus,
702 1501 764 1594 qni
781 1494 1103 1592 etperBrcntinm
1127 1510 1161 1568 ct
1216 1496 1268 1563 bis
1286 1497 1393 1565 vitam
1413 1501 1498 1568 dare
1512 1496 1570 1590 '‘l.
1620 1495 1712 1571 Cum
1730 1519 1846 1577 autem
1871 1517 1931 1590 tna
1955 1517 2082 1573 natura
2107 1499 2201 1572 nihil

170 1624 238 1692 pec
269 1593 748 1695 GeorgiumBrcttannm,
799 1603 951 1671 amicum
986 1614 1160 1679 nostrum,
1213 1597 1258 1665 sit
1283 1593 1494 1686 humanius,
1518 1624 1638 1692 spero,
1674 1627 1729 1673 me
1754 1630 1827 1675 non
1853 1604 1958 1696 plane
1984 1606 2137 1675 ferreum
2154 1600 2203 1695 ¹⁸)

171 1726 269 1771 meas
284 1704 404 1773 literas
419 1706 484 1774 tibi
501 1705 651 1795 singulis
675 1705 854 1774 mensibus
876 1704 1015 1774 mittere
1035 1713 1160 1793 potest.
1212 1720 1305 1783 esse,
1331 1724 1410 1769 cum
1427 1703 1594 1788 arbitrer,
1619 1702 1774 1798 aliquam
1795 1725 1875 1780 tuae
1897 1700 2126 1778 humanitatis
2142 1707 2201 1777 si·

173 1802 228 1874 Tc
245 1829 387 1898 quoque
406 1830 487 1888 oro,
513 1821 553 1878 ut
568 1833 629 1898 per
645 1802 709 1876 bos
725 1807 993 1893 Norimbergam
1013 1816 1091 1873 tuas
1111 1803 1159 1896 ¹li·
1212 1801 1453 1872 militudinem
1481 1805 1520 1873 in
1541 1829 1597 1872 me
1622 1825 1848 1898 propagatam
1872 1831 1963 1894 esse,
1990 1831 2096 1904 quam
2120 1808 2202 1900 qui·

171 1920 266 1976 teras
277 1909 416 1976 mittere
432 1909 531 1982 velis,
582 1906 699 1978 Erunt
721 1906 810 1977 mihi
832 1907 950 1975 omnia
965 1905 1080 1975 studia
1103 1904 1160 1973 iu·
1210 1903 1291 1970 dem
1309 1927 1372 1992 ego
1388 1907 1548 1977 doctrina
1567 1919 1601 1976 et
1627 1907 1739 1978 literis
1762 1911 1921 1981 excitabo
1944 1912 1989 1979 ad
2013 1908 2203 2000 gratitudi-

173 2008 366 2094 cuudiora,
391 2009 423 2077 si
446 2011 584 2099 saepius
606 2035 771 2100 accepero
788 2023 866 2079 tuas
883 2009 1016 2078 literas.
1066 2004 1159 2075 Cum
1211 2027 1291 2072 nem
1307 1999 1355 2099 ¹⁶)
1371 2019 1405 2074 et
1424 2009 1587 2099 pietatem
1602 2020 1637 2077 ec
1653 2024 1786 2081 caetera
1806 2012 1947 2083 virtutis
1963 2013 2078 2082 officia
2093 2006 2149 2099 ¹⁷).

171 2122 291 2179 autem
314 2111 354 2179 in
377 2105 442 2181 hac
469 2107 659 2179 Academia
681 2112 820 2179 videam
845 2105 935 2175 mihi
956 2106 1156 2175 facultatem
1308 2102 1513 2178 Adventum
1530 2124 1631 2180 tuum
1654 2114 1757 2181 avide
1780 2130 1941 2203 expecto,
1965 2114 2010 2181 de
2035 2137 2106 2207 quo
2129 2124 2201 2180 sta-

173 2211 328 2281 oblatam
348 2234 442 2295 esse,
468 2212 596 2279 ordine
612 2211 775 2279 omnium
792 2207 1061 2299 disciplinarum
1075 2205 1159 2273 fon·
1210 2215 1286 2271 tues
1303 2229 1367 2294 pro
1386 2220 1447 2278 tuo
1470 2209 1615 2280 iudicio.
1666 2210 1743 2281 Scis
1770 2215 1866 2283 enim
1891 2226 2064 2308 quantum
2089 2210 2201 2281 undi-

173 2326 223 2380 tes
242 2312 424 2393 discendi,
456 2313 618 2391 annitar,
650 2326 690 2382 ut
720 2334 793 2380 non
816 2324 954 2379 tanturn
977 2308 1158 2377 doctrinae
1210 2329 1279 2398 que
1294 2307 1339 2376 sit
1356 2302 1617 2399 speculatorum
1632 2304 1689 2406 ¹⁸).

173 2415 336 2483 umbram
355 2407 444 2479 mihi
470 2413 702 2491 circumdem,
728 2413 789 2480 sed
816 2413 961 2481 iuvante
976 2408 1052 2479 Deo
1074 2410 1158 2478 lun-

171 2514 334 2583 damenta
350 2514 511 2582 omnium
529 2508 754 2582 honestarum
766 2512 895 2583 artium
912 2513 953 2580 ad
971 2511 1157 2580 coelestem

150 2610 155 2616 ’
171 2615 370 2683 doctrinam
388 2614 564 2687 adiiciam.
617 2612 752 2684 Interea
772 2628 806 2684 tc
824 2638 906 2695 oro,
933 2608 1158 2702 charito-pa·

171 2728 245 2797 ter,
279 2726 318 2784 ut
339 2712 454 2784 Deum
487 2730 669 2786 aeternum
704 2729 837 2806 patrem
873 2712 1167 2793 domininostri·

171 2814 199 2884 l.
219 2813 260 2885 C.
285 2818 453 2905 preceris,
480 2832 521 2887 ut
542 2842 608 2887 nos
630 2841 752 2911 omnes
769 2818 959 2907 gubernet,
985 2828 1018 2884 ct
1034 2811 1157 2884 Eccle-
1632 2849 1682 2936 N
1717 2851 1766 2937 Ν

170 2917 256 2986 siam
272 2941 369 2984 snam
387 2920 562 2988 defendat.
614 2914 690 3009 Ego
707 2944 850 3012 qnoque
869 2916 1020 2987 assiduis
1045 2916 1157 3007 preci·
1440 2937 1442 2940 ·
1675 2914 1686 2938 ⁰
1759 2917 1771 2939 ⁰

170 3019 242 3088 bos
260 3032 294 3088 te
313 3032 352 3087 et·
375 3016 566 3090 Ecclesiam
590 3035 747 3090 nostram
770 3019 999 3091 domesticam
1023 3033 1058 3088 et
1073 3018 1156 3087 uni·
1275 3012 1353 3092 ’st‘x
1366 3022 1505 3094 nogara
1522 3022 1584 3080 eoa.
1601 3022 1687 3107 aare..
1706 3024 1744 3078 u.
1760 3023 1791 3108 ι..
1803 3024 1865 3083 ⁵⁴³.
1883 3052 1918 3067 -
1947 3006 2010 3111 η’..
2022 3045 2073 3082 ...ο
2085 3028 2199 3083 nomen,

170 3143 305 3189 ver-325„
325 3117 400 3190 Deo
418 3125 640 3194 commendo·
1129 3120 1133 3127 ¹
1308 3091 1714 3233 ξξὲιὲἱξᾝπὶἶψυιοὴω
1728 3095 1821 3157 dedet.
1840 3095 1888 3150 scd
1903 3095 2039 3173 discipulo
2052 3095 2133 3154 alicui
2145 3113 2197 3150 sno

1207 2676 1405 2804 Q.
1908 2724 2187 2742 ,.....

2054 2784 2195 2813 m

1543 3309 1708 3390 Cnidum
1733 3320 1864 3398 amico.

180 3458 248 3530 No.
267 3459 380 3533 7⁰66.
1022 3494 1175 3586 εἰ·
1208 3452 1257 3536 S.
1308 3464 1386 3538 Etsi
1404 3481 1550 3559 propter
1567 3485 1724 3541 nostram
1742 3470 2039 3541 necessitudinem
2056 3473 2196 3541 mami-

171 3555 382 3590 w»
1207 3568 1345 3650 citiam,
1376 3586 1457 3637 curn
1484 3571 1688 3657 praesertim
1710 3575 1755 3638 ad
1780 3584 1815 3640 te
1838 3573 1883 3640 dc
1905 3572 2054 3641 interitu
2084 3572 2195 3660 patris

586 3634 643 3727 Ν·
677 3631 730 3716 Ν·
1208 3667 1280 3746 tui,
1307 3667 1433 3758 optimi
1451 3667 1541 3749 viri,
1567 3670 1777 3755 scriberem,
1804 3672 1976 3742 debebam
1995 3670 2195 3741 orationem

232 3808 310 3875 ,ὦ
324 3806 528 3878 apographon
543 3807 606 3862 eoa.
622 3805 717 3860 Mean.
732 3803 782 3862 ,η’
795 3804 896 3932 ἔπη
920 3803 983 3860 cot.
1000 3803 1084 3860 eone
1097 3805 1158 3859 40¹,
1206 3768 1409 3849 instituere,
1436 3793 1525 3861 quae
1547 3772 1591 3839 ad
1615 3770 1803 3842 levandum
1825 3786 1928 3843 tuum
1953 3771 2114 3842 dolorem
2138 3773 2195 3842 vi·

268 3897 297 3960 p.
311 3878 355 3931 9⁹.
378 3885 406 3928 et
424 3878 488 3930 eod.
508 3877 621 3932 btuuro·
639 3875 793 3932 92³⁰on
834 3872 962 3946 ΜΘΝ.
996 3873 1158 3929 inscribitur
1207 3873 1350 3941 deretur
1365 3873 1566 3961 profutura:
1591 3884 1710 3942 tamen
1727 3873 1774 3944 ita
1789 3888 1864 3944 crat
1877 3875 2017 3944 animus
2031 3873 2200 3959 societate¹

267 3964 296 4001 '²
311 3943 410 4033 ‘⁰⁶⁶⁴
1205 3973 1322 4043 luctus
1336 3988 1370 4044 et
1385 3973 1520 4042 doloris
1536 3974 1745 4065 impeditus,
1772 3989 1811 4046 ut
1827 3979 1870 4045 ad
1888 3991 1922 4047 te
1936 3974 2193 4056 consolandum

194 4097 287 4191 „Ad
304 4095 472 4182 Patrem,
508 4095 692 4193 discrpnlo
722 4098 869 4172 cnidum
896 4099 1127 4199 praescripta
1205 4097 1280 4145 ¹¹⁰³
1303 4075 1388 4146 ⁸³5⁸
1406 4075 1557 4145 id⁰¹¹⁸¹¹⁸
1577 4099 1701 4152 emm·
1752 4077 1926 4170 Maffffl
1948 4078 2046 4148 ‘ssim
2060 4077 2192 4150 V¹¹l¹¹¹¹⁸

532 4228 557 4272 a
575 4196 641 4274 Ph.
659 4198 778 4283 Mel.”

168 4326 278 4411 Nihil
300 4364 458 4435 unquam
482 4333 572 4407 mihi
596 4337 755 4406 acerbius
776 4335 842 4405 ista
860 4331 893 4430 ¹)
916 4334 968 4405 tui
982 4328 1023 4430 ¹)
1044 4330 1154 4401 animi
1241 4360 1273 4420 6)
1291 4364 1391 4429 quam]
1409 4356 1472 4413 ma,
1489 4356 1600 4417 Monac.

168 4439 362 4511 offensione
390 4441 532 4512 accidit.
593 4437 714 4530 ltaque
742 4433 847 4532 ποθ’)
872 4439 975 4529 plane
1005 4460 1047 4505 cx
1076 4434 1153 4526 ipso
1236 4445 1268 4510 7)
1289 4447 1431 4513 maxime]
1450 4445 1515 4501 eod.
1533 4444 1617 4503 Goth.
1632 4444 1693 4501 401.

166 4567 248 4614 orco
265 4558 469 4615 revocatum
486 4542 523 4611 in
538 4541 647 4610 vitam
662 4554 762 4631 putes
780 4533 817 4630 ⁶)
834 4553 1021 4631 postquam
1039 4537 1151 4607 literis
1235 4532 1268 4593 8)
1286 4532 1396 4598 senen]
1413 4530 1593 4584 aemunitate
1611 4530 1674 4588 ⁰⁰⁶·
1689 4529 1806 4590 Monac.

165 4645 403 4715 amantissime
425 4646 469 4715 ad
495 4668 551 4711 me
574 4643 713 4732 scriptis
730 4638 766 4737 ⁸)
792 4642 968 4724 ostendis,
1007 4653 1041 4710 te
1061 4633 1152 4708 mibi
1234 4614 1810 4765 ll)‘g:]1t1⁰,l„m,2:ffi⁶¹⁰⁰dmn'
1827 4615 2007 4671 meh-mne.

1365 4739 1373 4756 ·
1472 4743 1480 4760 .
1600 4712 1764 4769 qutvtvunt.

162 4744 339 4837 placatum
355 4772 441 4820 esse.
493 4744 617 4814 Habeo
635 4744 744 4835 igitur
760 4743 824 4814 tibi
842 4743 1010 4834 gratiam,
1038 4764 1152 4835 quan·¹
1235 4789 1284 4851 Η)
1301 4784 1407 4855 ,mm
1427 4786 1520 4855 offla-⁰
1537 4787 1601 4841 eod.
1614 4785 1724 4842 Monac

1237 4874 1285 4937 11)
1303 4877 1432 4938 insuper]
1450 4871 1513 4926 cod.
1528 4870 1614 4926 Goth.
1628 4873 1691 4925 401.
1704 4881 1730 4924 st
1742 4869 1805 4925 cod.
1819 4870 1890 4925 Mon
1900 4870 2011 4934 babent.

1235 4958 1283 5023 11)
1301 4960 1420 5028 instrui]
1441 4955 1744 5013 contrahebantur.

197 5043 227 5106 1)
244 5043 313 5108 isto]
331 5044 392 5102 cod.
404 5045 499 5102 Mebn.
513 5063 569 5099 nou
584 5043 672 5098 babet.
1235 5045 1284 5107 14)
1301 5042 1361 5095 Hoc
1375 5050 1419 5096 est
1431 5070 1466 5085 -
1480 5045 1567 5105 dore]
1586 5038 1647 5101 cod.
1664 5040 1750 5097 Goth.
1763 5040 1825 5097 401.
1839 5058 1897 5096 nou
1911 5040 2000 5099 babet.

196 5128 229 5196 2)
245 5132 299 5193 tm]
317 5131 380 5186 cod.
394 5131 479 5188 Goth.
489 5130 552 5184 401.
567 5140 626 5183 tuo.
1234 5126 1283 5189 11)
1294 5124 1439 5194 ferreum]
1464 5125 1565 5179 babent
1586 5125 1698 5196 quidem
1721 5127 1804 5183 codd.
1838 5126 1894 5184 sed
1912 5127 2039 5200 suspicor
2053 5123 2187 5197 mmor·

193 5215 227 5277 ³)
244 5220 305 5279 me]
323 5216 386 5271 cod.
399 5217 511 5273 Monac.
525 5233 582 5267 non
596 5212 684 5268 babet.
1267 5194 1351 5247 sulm
1360 5195 1493 5263 smum·

193 5302 228 5365 4)
240 5307 327 5367 pugo]
346 5303 410 5358 eod·
425 5303 511 5356 00¹1„
525 5303 586 5354 401,
1233 5281 1280 5350 16)
1297 5281 1519 5347 gratitudinem]
1536 5282 1694 5335 orationem
1712 5281 1946 5338 condomam.

191 5386 225 5451 ὅ)
259 5389 301 5442 111.
319 5399 431 5442 amant.
450 5417 484 5432 -
509 5385 636 5456 seraptis]
675 5384 739 5444 eod.
760 5381 843 5439 Goth.
860 5382 920 5442 tot.
951 5362 1157 5442 elmantrirsims
1236 5367 1283 5433 ¹⁷)
1300 5365 1533 5438 flellq'nlw‘l·
1549 5366 1734 5425 mum-'¹⁰¹¹
1750 5369 1886 5438 '‘dm‘-

224 5467 320 5522 poter.
1234 5456 1281 5519 18)
1298 5454 1520 5525 peccatotorum]
1539 5453 1602 5510 cod.
1619 5452 1710 5514 Goth.
1726 5452 1785 5509 401.
1799 5450 2114 5510 devastattove‘llanan.
2175 5507 2178 5511 ,
