4748 6022
119 942 121 947 ·
240 912 332 988 mihi
353 902 651 986 Darmstadtum
677 921 748 995 est,
781 905 847 978 ubi
868 906 1088 978 conveniunt
1118 907 1224 998 legati

237 229 311 311 sss
1031 217 1483 304 superuacuum.
1873 274 1876 279 ·
2029 236 2031 243 ·
2194 249 2268 329 150

230 405 343 489 fecit,
368 403 400 475 si
417 395 553 472 occasio
575 395 766 484 incideret,
790 410 825 468 te
849 419 923 467 non
948 396 1129 471 illibenter
1149 423 1226 470 me·
1610 400 1771 479 ΑΝΝΟ
1802 406 1940 489 1541·

192 502 198 530 ⁷
240 534 322 584 mm
336 508 381 578 dc
395 500 452 572 his
467 501 574 571 rebus
587 501 699 571 amice
720 498 1023 593 colloquuturum.
1072 501 1163 575 Nem
1190 516 1226 573 ct
1511 531 1569 603 (ad
1587 549 1636 590 ao.
1656 534 1735 593 2152.
1756 535 1818 597 vot.
1837 539 1886 596 tv,
1907 559 1934 614 p.
1954 541 2030 613 tts.)

239 614 317 706 ipse
329 610 495 703 pietatem
511 615 608 675 tuam
630 601 672 673 in
691 600 843 696 patriam
859 612 894 670 et
906 597 1101 673 Ecclesiam
1122 604 1226 674 miri·
1275 597 1472 728 Q·
2042 624 2267 759 (Ἢ

239 714 305 784 lice
325 705 504 790 laudavit,
540 718 618 779 tum
638 704 752 778 etiam'
765 726 842 773 non
864 725 939 774 esse
960 702 1082 797 iniqua
1104 707 1225 775 deme

238 812 421 909 opinione.
477 805 554 880 lam
583 807 679 879 inter
708 806 878 902 pauculos
910 806 987 878 dies
1020 805 1224 877 abeundum
1403 789 1610 880 Rutenis
1643 794 1711 880 od
1740 796 2140 920 Memmittyemen,

511 1013 522 1031 .
570 1013 580 1031 .
755 1008 764 1027 ·
792 1007 802 1026 .
990 1009 999 1027 ·
1212 1008 1222 1026 ·
1342 958 1364 1038 i
1388 957 1429 1012 Β*
1442 958 1613 1045 ¹⁰¹⁰8‘19l30
1627 962 1743 1048 Buperi.
1761 967 1897 1050 l“⁰‘¹.‘.⁸¹
1916 971 1947 1026 ia
1961 970 2134 1035 collectione
2153 981 2270 1058 Episto-

240 1031 447 1090 nostrorum
466 1035 669 1107 prancapum
682 1023 716 1082 et
732 1020 936 1095 cantatum,
950 1034 1023 1081 sero
1038 1024 1179 1092 antem,
1194 1032 1225 1078 sa
1381 1030 1470 1084 brun
1490 1028 1610 1103 Bucen,
1636 1035 1723 1087 sesua
1743 1036 1930 1094 solunianes
1950 1053 2109 1111 amnon.
2133 1060 2160 1105 er
2177 1073 2268 1112 susc.

241 1120 306 1191 ahs
330 1132 366 1189 te
387 1138 462 1187 non
485 1132 639 1185 orassem
656 1109 693 1207 ¹)
716 1111 953 1205 colloquium,
990 1111 1028 1182 id
1047 1111 1225 1185 illustriss.
1377 1095 1929 1238 §pptchppquqqamffiqqffi'p
1969 1115 2268 1264 ibititiuiffiw

239 1219 444 1311 Principem
459 1214 644 1289 Cattorum
659 1235 763 1303 aegre
783 1212 939 1283 laturum
963 1236 1047 1286 esse.
1097 1210 1225 1284 Fretus
1377 1234 1468 1290 toran.
1487 1263 1521 1281 -
1554 1235 1627 1294 Puro
1641 1238 1786 1312 epistotam
1806 1259 1901 1298 nense
1911 1244 2016 1304 Musio
2030 1252 2109 1311 tsst.
2124 1265 2267 1321 «Μή.

241 1323 363 1416 itaque
380 1332 440 1391 tua
455 1314 796 1389 bonitateetstudio
819 1313 857 1383 in
871 1314 1022 1406 patriam
1037 1327 1143 1409 atque
1157 1337 1225 1406 po·
1378 1312 1463 1376 psam.

240 1423 368 1517 pulum
389 1415 543 1504 Christi,
575 1416 674 1489 volui
694 1417 761 1489 ista
790 1415 836 1486 ad
858 1428 892 1487 te
913 1416 1087 1496 scrihere,
1119 1430 1225 1507 atquc

240 1514 1225 1616 orareperChristum,ut,sipernegotistieri'queat‚
1274 1463 1456 1566 Epismla
1483 1463 1656 1541 Bm'i
1693 1468 1751 1544 “d
1778 1469 1979 1553 Ffaim
2012 1478 2264 1563 Memmia.

240 1625 408 1698 admittas
426 1646 483 1693 me
505 1624 548 1693 ad
576 1620 794 1715 colloquium
817 1619 1024 1713 priusquam
1040 1619 1225 1737 disceden-
1272 1593 1454 1666 ‘enm’
1479 1568 1904 1751 ἱωιωῖὤύσῖἷζῗὲὖ
1928 1572 2104 1759 exim
2118 1596 2266 1689 A'i'm·

242 1731 329 1800 dum
353 1725 400 1796 sit
420 1724 466 1795 ad
486 1738 649 1795 nostrum
664 1733 879 1793 conventum
900 1734 934 1791 et
948 1719 1225 1810 Landgravrum.
1465 1741 1469 1747 ·
1905 1738 1914 1756 ·
2047 1741 2058 1760 ·

240 1821 393 1921 letic²),
430 1827 562 1911 fateor,
600 1823 688 1895 citra
709 1821 945 1915 suspicionem
968 1822 1137 1913 congredi
1157 1846 1225 1892 no-
1276 1805 1405 1895 Gratia
1416 1837 1450 1894 et
1468 1846 1534 1916 pax
1553 1836 1658 1919 atque
1674 1827 1819 1919 spiritus
1831 1832 2041 1920 prudentiae
2059 1850 2095 1909 et
2111 1836 2264 1917 charita-

240 1931 297 2003 bis
315 1952 390 1999 non
405 1926 509 1999 iacile
524 1926 608 2011 erit,
631 1929 693 1996 sed
710 1938 762 1996 cst
788 1946 897 2016 pagus
920 1923 1066 2017 qnidam
1088 1924 1225 1995 vicinus
1275 1927 1321 1999 tis
1346 1925 1447 1996 vobis
1469 1940 1666 2014 augeantur
1683 1951 1705 1999 a
1725 1927 1906 2018 Domino,
1936 1935 2063 2009 iratres
2088 1943 2260 2017 carissimi

240 2029 431 2123 Hagenoae
445 2020 717 2122 Brscltweyler,
741 2026 805 2098 ubi
827 2021 965 2097 habitat
987 2021 1097 2097 homo
1117 2047 1226 2119 eque·
1275 2040 1382 2121 atque
1399 2026 1626 2103 observandi.

240 2133 324 2205 stris
345 2131 483 2201 ordinis
495 2122 710 2199 Ludovicus
723 2123 773 2197 ab
788 2119 1003 2210 Eschnnw,
1027 2128 1091 2222 qui
1108 2126 1226 2198 consi-
1378 2126 1529 2199 Movent
1543 2153 1599 2199 me
1616 2125 1721 2203 isthic
1744 2144 1779 2203 et
1796 2135 1882 2210 alibi
1904 2161 1977 2211 nna
2000 2143 2262 2221 cum'Domino

241 2233 366 2306 liarius
392 2243 445 2303 est
467 2230 638 2323 principis
657 2229 814 2301 Palatini
836 2224 1033 2313 Electoris,
1053 2228 1109 2298 vir
1132 2228 1225 2297 fidus
1273 2222 1461 2310 Luthero,
1487 2222 1666 2329 Philippo
1691 2245 1726 2303 et
1748 2235 1886 2331 aliquot
1903 2238 2156 2316 Ecclesiastieis
2167 2246 2263 2321 Has·

240 2350 276 2407 et
299 2335 453 2425 integer,
482 2343 698 2404 secretorum
724 2330 980 2404 tenacissimus.
1035 2325 1091 2400 Εο
1114 2329 1227 2421 possit
1275 2332 1378 2403 siacis
1393 2331 1551 2417 traduci,
1576 2334 1678 2427 quasi
1703 2326 1980 2434 Landgmvius
2006 2360 2129 2417 nostro
2145 2357 2264 2421 consi·

239 2434 287 2512 D,
302 2435 347 2506 T.
366 2433 466 2530 quasi
482 2433 594 2504 animi
608 2457 712 2504 causa
726 2433 864 2524 egredi,
885 2455 990 2501 mane
1004 2431 1059 2500 vel
1076 2432 1225 2523 vesperi.
1274 2434 1324 2504 lio
1358 2432 1594 2503 concubinam
1627 2434 1829 2509 adiunxerit
1859 2443 1946 2530 sibi,
1979 2469 2049 2539 qua
2080 2472 2153 2520 una
2182 2475 2263 2523 cum

240 2536 280 2611 si
296 2533 365 2607 hoc
387 2537 458 2606 loci
474 2534 665 2606 convenire
685 2535 813 2620 libeat,
837 2534 894 2603 vel
907 2534 977 2602 alia
994 2556 1225 2628 quaecunque
1275 2558 1385 2605 uxore
1411 2547 1532 2604 utatur
1554 2534 1730 2636 legitima,
1764 2563 1900 2635 nosque
1922 2544 2017 2617 istud
2042 2549 2176 2621 iactum
2199 2556 2262 2624 de·

240 2639 333 2711 tatio
357 2661 416 2707 me
444 2635 656 2707 admittendi
678 2637 830 2728 placeat,
865 2655 970 2724 rogo,
1000 2634 1057 2704 vel
1081 2635 1224 2715 scribas,
1276 2638 1420 2708 lendere
1451 2635 1582 2728 scripto
1614 2636 1784 2709 loliorum
1805 2642 1865 2718 66.
1915 2645 1989 2717 Nec
2014 2650 2164 2738 desunt,
2199 2656 2264 2752 qui

240 2742 298 2811 vel
323 2735 426 2824 huic,
450 2739 514 2833 qui
535 2731 600 2829 bas
623 2731 782 2823 exhibet,
806 2736 963 2822 indices,
995 2736 1058 2829 qui
1079 2761 1225 2828 respon·
1274 2738 1469 2811 admodum
1484 2730 1728 2810 inhumaniter
1742 2755 1776 2812 et
1794 2745 1986 2838 obiurgent
2008 2765 2042 2822 et
2066 2753 2263 2827 criminen-

239 2854 435 2914 sumtuum
452 2840 546 2910 hona
564 2838 633 2909 fide
654 2841 699 2909 ad
721 2863 776 2909 rne
796 2838 942 2931 perferri
958 2837 1107 2908 curabit.
1160 2836 1227 2909 Est
1275 2854 1335 2912 tur
1358 2838 1486 2924 etiam,
1517 2852 1686 2933 tanquam
1715 2847 1868 2917 convicti
1892 2843 1998 2922 huius
2023 2853 2075 2924 rei
2096 2878 2262 2936 essemus.

240 2945 336 3014 enim
346 2937 454 3012 homo
472 2941 670 3034 exploratae
685 2937 822 3036 fidei’),
848 2954 882 3011 et
898 2940 1035 3033 aliquot
1050 2940 1125 3010 dies
1141 2964 1225 3033 pro·
1275 2940 1409 3032 Scripsi
1435 2955 1518 3012 ante
1541 2936 1608 3011 hac
1627 2940 1734 3014 'vobis
1760 2947 1805 3016 de
1829 2949 1895 3021 ista
1917 2976 2037 3040 eausa,
2060 2980 2150 3050 quae
2175 2960 2260 3032 satis

240 3059 320 3139 pter
332 3057 514 3135 aegrotum
533 3043 711 3137 quendam
727 3043 785 3114 cui
801 3042 956 3113 remedia
972 3036 1132 3126 exhibet,
1155 3045 1224 3135 (est
1275 3065 1348 3113 esse
1365 3055 1530 3135 poterant
1543 3043 1732 3131 fratribus,
1756 3049 1817 3140 qui
1833 3051 1939 3122 fidem
1955 3069 2131 3143 nostram,
2155 3058 2259 3132 laho-
2289 3069 2290 3074 ’

240 3149 336 3219 enim
360 3145 518 3215 medicus
538 3146 733 3215 admodum
750 3146 874 3216 doctus
897 3158 932 3215 et
950 3140 1120 3238 diligens)
1146 3137 1224 3212 istic
1277 3167 1333 3215 res
1365 3158 1400 3214 et
1427 3144 1704 3215 sollicitudinem
1737 3173 1802 3240 pro
1826 3149 1994 3228 Ecclesiis
2020 3157 2085 3228 Dei
2117 3179 2263 3251 norunt,

240 3244 412 3320 haerebit.
464 3244 568 3318 Sexta
589 3268 673 3316 vero
697 3242 795 3317 lunii
818 3246 1024 3316 abeundum
1044 3241 1136 3315 mibi
1159 3243 1226 3315 erit
1275 3246 1408 3339 quique
1442 3245 1658 3316 offendicula
1687 3249 1732 3318 ab
1753 3247 1921 3324 Ecclesiis
1951 3281 2151 3348 removere,
2185 3289 2261 3336 non

241 3352 285 3420 ad
303 3359 518 3420 conventum
534 3347 809 3433 Darmstadium.
859 3347 905 3420 D.
924 3345 968 3417 T.
988 3346 1075 3417 boni
1096 3370 1226 3415 consu·
1274 3370 1419 3439 augere,
1453 3347 1624 3439 cupiunt,
1656 3350 1718 3442 qui
1744 3354 1915 3448 denique,
1947 3373 1988 3430 ut
2008 3374 2060 3431 est
2079 3356 2260 3438 charitatis

240 3453 292 3525 lat
326 3473 440 3520 meam
480 3449 676 3522 audaciam.
734 3446 829 3521 Cura
857 3448 996 3540 patriae
1031 3461 1067 3519 et
1098 3445 1225 3518 Eccle-
1273 3445 1427 3534 Christi,
1452 3448 1544 3518 mala
1561 3448 1710 3520 fratrum
1724 3476 1849 3525 sanare
1875 3459 1993 3548 potius
2007 3485 2113 3554 quam
2135 3464 2259 3559 inqui-

241 3555 312 3624 siae
346 3575 402 3622 me
434 3551 612 3624 sollicitat.
671 3548 811 3623 Vereor
835 3563 876 3621 ut
910 3550 1023 3620 nostri
1047 3549 1225 3641 principes
1274 3575 1351 3622 rere
1376 3551 1529 3620 student.
1587 3549 1721 3622 Verum
1745 3558 1830 3626 dum
1854 3558 1977 3646 video,
2009 3563 2069 3633 illa
2094 3568 2259 3640 nondum

241 3656 494 3749 perturbentur
521 3654 650 3726 frustra
672 3677 735 3745 per
756 3647 920 3723 homines
936 3654 1109 3745 quosdam
1134 3651 1224 3720 male
1274 3651 1500 3737 satisfecisse,
1550 3652 1701 3722 scribam
1721 3657 1835 3748 ‚plura
1869 3674 1902 3731 ct
1930 3660 2109 3753 planiora,
2150 3667 2260 3764 idque

241 3756 463 3840 consiliatos,
509 3779 579 3848 quo
608 3754 727 3824 miuus
760 3779 798 3825 se
835 3755 997 3827 instituto
1033 3753 1224 3823 couventui
1274 3754 1377 3824 vohis
1400 3778 1518 3824 coram
1544 3751 1700 3825 Domino
1728 3760 1884 3848 affirmo,
1906 3787 2022 3858 neque
2045 3791 2122 3854 me,
2145 3794 2260 3865 neque

241 3860 383 3928 credere
405 3855 542 3940 ausint,
574 3855 683 3951 idque
707 3855 772 3927 toti
797 3857 939 3944 negotio
958 3878 1084 3933 nocere
1104 3854 1225 3922 videa-
1272 3847 1483 3925 Luthernm
1515 3869 1577 3927 aut
1612 3849 1847 3958 Philippum,
1883 3887 2019 3959 neque,
2046 3872 2144 3959 quod
2169 3874 2261 3945 scire

215 3974 309 4045 ἕως,
342 3959 413 4032 sed
431 3961 475 4028 de
492 3952 567 4042 hie,
593 3957 623 4026 si
640 3957 736 4027 volet
748 3953 1084 4040 Dominus‚coram.
1118 3951 1225 4026 Chri·
1275 3958 1440 4048 equidem
1462 3958 1659 4049 potuerim,
1685 3981 1898 4054 quemquam
1912 3965 2097 4040 Hessicum
2114 3975 2260 4045 concio·

127 4092 134 4099 ·
238 4078 312 4132 stus
336 4075 369 4130 tc
398 4073 511 4129 servet
532 4071 566 4129 et
589 4058 727 4128 lelicem
748 4059 882 4130 reddet.
941 4057 1131 4147 Argentor.
1151 4057 1226 4149 pri·
1274 4072 1434 4129 natorem
1461 4057 1614 4150 principi
1645 4055 1728 4130 huic
1754 4066 1823 4134 tale
1844 4069 2032 4141 consilinm
2054 4072 2169 4145 ullum
2195 4077 2260 4147 de-

239 4164 298 4231 dic
315 4159 462 4233 Calend.
481 4158 577 4229 lunii
597 4158 773 4233 MDXL.
1274 4161 1385 4240 disse,
1424 4173 1483 4230 aut
1514 4154 1645 4230 habere
1671 4157 1884 4237 Christianis
1910 4160 2144 4244 concubinam
2176 4201 2259 4248 cum

836 4303 930 4379 ΒΤ
962 4311 984 4378 d
1008 4309 1074 4379 ἀγ
1153 4350 1156 4356 ¹
1267 4263 1445 4343 ¹unoribus
1466 4261 1570 4333 licere
1593 4263 1772 4352 docuisse,
1811 4283 1873 4340 aut
1896 4273 2159 4346 defendendum
2182 4300 2261 4351 sus-

872 4361 880 4377 ·
932 4361 943 4383 ’
988 4333 1121 4379 ‘¹¹⁸⁵‘
1275 4365 1419 4455 cepisse.
1471 4360 1542 4434 Nec
1556 4389 1715 4460 unquam
1737 4370 1989 4461 animadverti,
2015 4370 2111 4447 huuc
2126 4380 2261 4471 princi-

1275 4490 1354 4556 pern
1372 4465 1532 4536 statuisse
1550 4466 1642 4536 istud
1661 4470 1808 4559 dogma,
1833 4474 1891 4542 vel
1908 4477 1998 4547 facto
2018 4479 2073 4548 vel
2089 4481 2198 4553 verbo
2220 4483 2260 4554 in

268 4589 482 4606 ....„......
1274 4563 1469 4636 Ecclesiam
1496 4563 1675 4642 invehere.
1735 4571 1775 4642 si
1806 4575 1893 4666 quid
1917 4591 2033 4648 autem
2056 4579 2117 4650 illc
2139 4584 2263 4659 fecerit

274 4699 300 4764 ι)
318 4693 384 4750 Mer.
402 4701 528 4761 orasses,
546 4691 622 4765 qued
643 4687 808 4745 mendorum
826 4686 924 4742 tabeo.
1275 4668 1379 4737 affine
1393 4661 1496 4752 huic,
1521 4691 1567 4737 an
1583 4692 1701 4755 secus,
1727 4675 1836 4744 malui
1861 4700 1924 4768 ego
1942 4679 1978 4749 id
1995 4686 2092 4774 quod
2106 4684 2262 4757 offendi-

271 4781 301 4853 t)
322 4779 388 4835 nbc
409 4778 474 4834 Ista
506 4776 758 4850 quaerundorum
770 4783 847 4846 puto.
884 4771 1106 4848 Iotnvideticet,
1123 4773 1169 4830 obt
1183 4775 1226 4831 vel
1274 4770 1355 4840 culo
1372 4791 1445 4838 csse
1462 4769 1573 4859 possit
1586 4782 1701 4862 tegere
1725 4798 1830 4868 quam
1848 4781 2068 4869 praedicare,
2088 4799 2122 4855 ct
2140 4787 2186 4857 ab
2204 4789 2264 4859 in-

305 4819 724 4974 ffssffliissssiii,ii¹.ss,'“⁸”³’'
740 4853 807 4916 {¹⁰¹⁰
820 4841 1010 4913 ΗΨΜΜ·
1030 4861 1083 4917 ‘¹⁰³
1104 4845 1226 4917 proxime
1275 4870 1466 4965 quisitione
1484 4871 1559 4941 eius
1582 4866 1742 4944 homines
1767 4901 1932 4964 avocare,
1958 4908 2063 4977 quam
2084 4910 2161 4956 earn
2185 4891 2263 4963 ullo

273 5004 305 5076 8)
324 5003 449 5058 ΑᾶῚηπ
467 5001 539 5054 inem
559 5019 640 5056 manu
660 4999 776 5057 liuberti
798 4999 1077 5074 huguetiscsiptttm
1097 5011 1153 5058 ests
1186 5001 1226 5057 1).
1275 4987 1375 5065 PaClO
1397 4973 1576 5048 adiuvare.
1627 4973 1748 5069 Neque
1769 4981 1864 5050 enlm
1889 4979 2085 5056 Chrlsllani
2104 4983 2262 5063 hominis

306 5073 419 5153 [lirim
479 5071 557 5124 ’Μ
1275 5090 1345 5155 est,
1376 5075 1486 5145 ullius
1509 5090 1687 5169 peccatum
1714 5080 1911 5175 inquirere,
1945 5087 2013 5156 nisi
2036 5090 2093 5162 cui
2119 5092 2205 5165 velit
2227 5109 2262 5165 ct

1276 5176 1618 5281 debeatremedium
1640 5176 1826 5268 adbibere,
1858 5189 1989 5259 nedum
2010 5192 2101 5262 tanti
2124 5195 2261 5286 princi·

1276 5280 1348 5371 pis,
1376 5303 1447 5372 quo
1464 5280 1642 5351 Dominus
1657 5295 1728 5352 tam
1744 5287 1923 5375 praeclare
1938 5293 1982 5360 ad
1995 5293 2146 5382 gloriam
2163 5286 2265 5370 suern

1277 5393 1312 5452 ct
1334 5381 1482 5453 salutem
1509 5384 1634 5476 populi
1658 5386 1713 5457 sui
1740 5409 1844 5479 saepe
1869 5413 1954 5464 usus
1977 5407 2041 5471 est.
2091 5395 2264 5495 Addunt

825 4407 933 4480 Mart.
960 4408 1131 4485 Bucerus.
