4748 6022
120 218 197 298 7⁶7

224 389 333 482 Quod
368 414 453 463 vero
487 390 532 461 de
565 388 722 463 naturali
754 389 882 461 ordine
913 359 1106 458 humorum

703 205 1127 311 ouansrronns
1156 194 1558 303 acanunrcau

2063 211 2144 317 (76.8

1157 375 1225 446 bus
1241 368 1611 489 commendationibus
1625 368 1759 465 ingenii
1778 374 2044 466 praeferendam
2066 408 2140 458 esse

120 495 281 591 quaeris,
307 491 672 584 consideratiodigna
694 503 746 562 est
769 486 915 561 homine
935 487 1106 559 studioso.
1148 477 1259 548 111110.
1318 468 1368 544 llil
1392 466 1459 542 hoc
1481 469 1682 565 exemplum
1705 487 1864 548 nostrum
1888 494 2004 553 statuo
2029 488 2140 576 perti.

120 595 273 667 Moveor
290 607 408 666 autem
429 595 603 665 vocabulo
626 586 818 689 tinentiis,
844 604 885 662 nt
908 589 1103 659 existimem

114 694 218 769 huuc
233 699 400 768 sudorem
414 696 666 768 resolutionem
685 694 793 764 luisse
813 693 923 764 totius
945 688 1104 782 corporis

118 798 350 889 languesacti,
376 811 411 867 et
424 797 497 867 iam
513 793 646 869 hiantis
671 809 708 866 et
729 793 936 886 dissipantis
959 791 1104 880 sangui-

118 925 220 985 nem,
245 914 281 972 et
296 922 419 970 omnes
437 898 540 970 vires.
590 895 703 968 Nobis
719 896 858 967 facilius
872 909 942 978 est,
967 896 1012 965 de
1035 895 1103 962 do-

118 1004 257 1076 loribus
272 1000 412 1085 usitatis
426 1013 461 1071 et
474 997 669 1069 levioribus
682 998 796 1091 loqui,
817 997 856 1073 in
871 997 1002 1091 quibus
1016 994 1103 1086 ipsis

116 1119 237 1177 tamen
254 1125 359 1196 quam
375 1100 487 1173 multa
503 1100 670 1171 accidunt
684 1099 887 1170 contraria?

218 1219 310 1292 Cum
335 1232 453 1289 antem
477 1211 565 1288 baec
587 1215 772 1309 explicatio
798 1215 940 1306 longius
963 1227 1101 1303 tempus

109 1323 293 1417 ‘requirat,
319 1321 407 1390 alias
423 1334 458 1391 et
474 1341 538 1411 ego
554 1333 589 1390 et
605 1332 645 1390 tn
659 1320 740 1389 'cum
760 1318 900 1402 amicis,
925 1316 1011 1385 viris
1035 1317 1101 1385 do-

115 1424 294 1507 ctissimis,
332 1417 561 1512 Theologicis
592 1434 628 1492 et
660 1418 831 1505 Medicis,
873 1417 1098 1490 disseremus.

109 1528 187 1599 -sed
202 1527 272 1596 sint
293 1519 359 1595 hae
375 1523 651 1614 disputationes,
676 1535 717 1591 ut
733 1515 833 1606 dixi,
857 1519 1014 1604 sobriae,
1039 1541 1101 1608 ve-

117 1629 312 1711 recundae,
337 1625 481 1717 etpiae:
506 1637 594 1695 etut
609 1622 841 1695 antedictum
865 1635 934 1707 est,
967 1623 1011 1690 de
1034 1621 1101 1690 ob-

116 1731 207 1800 iecto
229 1729 335 1799 etiam
357 1727 569 1815 cogitemus,
590 1739 637 1804 ¹et
657 1727 701 1797 de
722 1725 931 1795 admiranda
951 1716 1099 1791 humili-

106 1845 189 1904 tate
205 1824 358 1909 Christi,
391 1828 618 1922 quiquidem
641 1841 675 1899 et
696 1851 761 1896 suo
785 1825 945 1916 exemplo
963 1847 1028 1892 nos
1042 1823 1100 1891 in-

107 1934 223 2017 vitat,
262 1945 302 2003 ut
325 1953 399 2006 nos,
422 1929 642 2003 abiiciamus.
701 1927 869 1999 sinamus
890 1925 1098 2015 Pompeium

113 2135 304 2208 versiculo:

194 2240 468 2334 attestantem,
498 2242 550 2308 sol
569 2237 734 2326 ὑπείροχον
755 2237 880 2324 ἔμμεναι
901 2238 1015 2307 ἄλλων.

213 2362 263 2436 Et
285 2388 463 2435 summurn
485 2364 621 2434 bonum
643 2363 680 2430 id
706 2387 817 2432 unum
841 2364 1007 2454 putabat,
1034 2385 1099 2431 an-

113 2468 275 2540 tecellere
287 2465 456 2537 omnibus
470 2466 609 2536 civibus
626 2464 751 2555 gloria.
796 2461 869 2533 Nos
888 2488 971 2533 vero
986 2477 1020 2534 et
1038 2487 1098 2532 ex-

113 2571 269 2661 emplum
285 2564 422 2640 Christi
444 2568 647 2650 imitemur,
672 2578 706 2637 et
728 2588 850 2635 vocem
878 2566 953 2635 eius
974 2563 1098 2634 audii-

112 2695 213 2757 mus,
237 2671 276 2739 in
292 2694 361 2764 qua
376 2670 479 2740 dicit:
505 2669 639 2740 Discite
657 2689 677 2737 a
693 2689 770 2753 me,
794 2667 877 2760 quia
893 2666 990 2737 mitis
1009 2689 1100 2751 sum,

111 2787 147 2845 et
164 2769 312 2843 humilis
328 2772 444 2841 corde.
495 2766 593 2843 Dixi.

870 3143 1098 3230 asaperaii.

109 3142 251 3273 aaa·
911 3236 1082 3268 w..

179 3355 211 3413 ln
233 3353 396 3479 quaestion..
418 3369 447 3424 p·
463 3350 509 3436 fii.
530 3361 558 3408 et
575 3351 604 3406 is
623 3350 793 3408 Declamatt.
814 3350 896 3409 Tem.
910 3351 961 3410 ΙΙΙ.
984 3352 1097 3412 Erisrd.

213 3421 243 3479 io
256 3463 264 3481 .
277 3425 312 3480 A.
345 3419 522 3490 (Rrehsrdms
534 3418 605 3476 banc
619 3429 720 3493 quaen.
736 3438 794 3476 non
809 3421 908 3491 babet.)

104 3687 300 3775 proposito
315 3702 340 3751 o
352 3683 407 3751 M.
421 3678 600 3751 sebast.
617 3679 785 3749 Glnaer
807 3680 849 3749 ia
866 3682 1097 3768 praenotione

299 3783 597 3878 Mops'strorssm,
624 3777 659 3853 l.
673 3781 776 3872 Sept.
797 3776 903 3853 1545.

106 3905 200 3997 Scio
225 3919 286 3988 ob'
299 3910 392 3986 hanc
412 3938 554 3993 cansam
573 3914 678 3985 nobis
700 3913 843 3984 decerni
866 3908 931 3984 bos
953 3918 1093 4006 gradus,

106 4037 147 4094 ut
164 4044 239 4092 nou
255 4033 393 4090 tantum
408 4017 553 4107 ingenio
563 4030 599 4087 et
613 4015 794 4086 doctrinae
801 4012 1094 4088 EcclesiaeChri-

105 4124 153 4196 sti
174 4147 214 4193 ac
232 4119 467 4215 Reipublicae
488 4117 744 4203 inserviamus,
777 4141 900 4187 verum
924 4133 965 4190 ut
988 4120 1093 4191 etiam

106 4224 299 4298 modestiae
330 4235 436 4317 atque
469 4218 690 4310 obedientiae
724 4219 883 4311 exemplo
916 4220 1094 4293 iuventuti

1154 600 1239 647 nere
1259 576 1305 646 ad
1330 574 1417 645 alios
1442 596 1584 668 quoque
1609 574 1846 649 adolescentes
1865 578 2070 657 invitandos
2092 591 2137 662 ad

1156 676 1395 750 obedientiam
1412 696 1492 766 erga
1506 673 1617 764 Leges
1632 689 1666 747 et
1684 673 1942 772 praeceptores.

1256 775 1352 869 Quia
1381 800 1464 847 vero
1486 777 1549 848 tali
1574 789 1732 870 tempore
1753 784 1975 872 quaestiones
1997 788 2138 885 aliquae

1153 881 1192 951 in
1207 875 1275 951 hoc
1290 880 1370 949 loco
1386 876 1528 948 tractari
1543 878 1677 964 solent,
1702 881 1842 953 decrevi
1859 898 1895 956 et
1908 909 1972 976 ego
1995 890 2029 959 ei
2050 915 2137 963 con·
2229 962 2232 968 .

1153 982 1335 1053 suetudini
1367 981 1524 1053 obedire.
1585 976 1639 1049 Ac
1669 984 1908 1074 quaestionem
1938 1014 2135 1083 proponam

1152 1085 1296 1175 dignam
1311 1081 1591 1152 consideratione
1605 1075 1790 1153 hominum
1802 1085 2037 1182 eruditorum,
2056 1118 2135 1165 curn

1154 1199 1297 1276 propter
1319 1184 1536 1273 exemplum,
1567 1195 1642 1253 tum
1665 1206 1749 1254 vcro
1772 1201 1917 1280 propter
1934 1192 2067 1280 multa,
2091 1199 2136 1267 de

1152 1287 1283 1381 quibus
1297 1310 1361 1354 nos
1377 1285 1513 1356 utiliter
1528 1278 1613 1353 llaec
1627 1279 1775 1355 historia
1791 1303 1923 1360 monet.

1252 1385 1344 1459 Cum
1369 1380 1456 1456 urbs
1473 1378 1693 1456 Athenarum
1709 1383 1808 1458 Duce
1828 1388 2012 1484 Lysandro
2034 1412 2135 1491 capta

1151 1505 1259 1576 essct,
1285 1501 1415 1558 mutata
1429 1485 1663 1579 Reipublicae
1684 1489 1820 1572 forma,
1845 1493 2027 1566 constituti
2054 1478 2138 1571 sunt

1151 1615 1172 1662 a
1187 1590 1476 1662 Lacedaemoniis
1492 1589 1685 1658 victoribus
1698 1591 1842 1681 triginta
1858 1589 2136 1687 Gubernatores,

1152 1693 1214 1787 qui
1233 1708 1349 1783 postea
1363 1691 1448 1760 lacti
1463 1706 1547 1761 sunt
1560 1688 1741 1785 Tyranni,
1768 1694 1934 1766 caedibus
1953 1711 1986 1769 et
2001 1701 2137 1789 rapinis

1151 1795 1273 1865 omnia
1295 1807 1488 1873 vastantes,
1527 1793 1574 1881 ita
1602 1806 1640 1863 ut
1665 1789 1939 1866 Atheniensium
1972 1801 2136 1878 exulibus

1151 1910 1224 1968 tota
1242 1920 1331 1988 pene
1346 1891 1495 1965 Graecia
1511 1894 1714 1982 repleretur.
1748 1893 1871 1967 Donec
1885 1901 2030 1969 tandem·
2040 1927 2137 1984 unus

110 2036 238 2109 „dete
259 2032 474 2117 ambitione,
506 2031 571 2124 qui
595 2029 835 2102 &letabatur
857 2021 926 2097 hoc
949 2023 1117 2114 flomefi'
1151 2023 1193 2068 ex
1208 1997 1320 2090 pulsis
1343 1996 1503 2097 civibus,
1525 1991 1773 2090 Thrasybulus
1795 1999 1955 2070 animum
1977 2003 2021 2072 ad
2044 2004 2137 2076 lihe-

1150 2101 1298 2170 randam
1315 2098 1466 2190 patriam
1480 2095 1626 2181 adiecit,
1651 2096 1715 2190 qui
1729 2099 1871 2171 collecta
1887 2126 1994 2173 manu
2011 2127 2052 2175 ex
2067 2107 2137 2176 mi-

1150 2201 1237 2270 seris
1252 2198 1413 2292 reliquiis
1426 2197 1614 2288 dissipatae
1634 2197 1752 2284 urbis,
1778 2197 1968 2294 Tyrannos
1992 2205 2135 2294 invasit,

1150 2324 1281 2395 eosque
1307 2299 1415 2369 semel
1443 2311 1549 2391 atque
1578 2298 1706 2368 iterum
1740 2301 1872 2386 victos,
1908 2303 2167 2397 aspananis'

1150 2402 1323 2473 auxilium
1338 2414 1456 2492 petere
1469 2399 1595 2490 co'dgit.
1629 2394 1686 2469 Ad
1701 2393 1767 2470 bns
1782 2400 1892 2490 igitur
1903 2418 2021 2478 motus
2037 2433 2136 2480 com-

1150 2504 1357 2598 primendos
1372 2498 1564 2571 Pausanias
1578 2496 1657 2574 Rex
1673 2499 1869 2591 Spartanus
1884 2529 1963 2576 cum
1979 2511 2135 2585 exercitu

1150 2603 1397 2699 proficiscitur.
1462 2597 1497 2671 ls
1523 2602 1828 2674 commiseratione
1853 2629 1934 2697 erga
1959 2612 2135 2705 populum

1151 2705 1308 2790 exulem,
1349 2715 1385 2773 et
1416 2701 1512 2775 tristi
1541 2703 1709 2794 adspectu
1741 2705 2002 2785 adflictissimae
2035 2714 2135 2786 urbis

1150 2819 1287 2892 motus,
1312 2803 1493 2899 Tyrannis
1508 2828 1549 2875 ex
1561 2807 1651 2875 urbe
1666 2805 1796 2897 pulsis,
1821 2809 1971 2900 patriam
1993 2813 2133 2889 miseris

1149 2908 1287 2980 civibus
1319 2907 1486 2980 reddidit.
1552 2902 1716 3001 Tyranni
1749 2933 1852 2995 vero,
1892 2913 2048 3003 praecisa
2074 2939 2136 3011 spe

1149 3009 1272 3080 auxilii
1287 3006 1474 3100 Spartani,
1499 3030 1579 3077 cum
1594 3006 1668 3078 suis
1685 3007 1813 3100 opibus
1833 3011 1966 3083 bellum
1990 3039 2134 3108 repara-

1150 3126 1247 3197 rent,
1269 3109 1409 3181 insidiis
1431 3109 1684 3193 cireumrenti,
1716 3112 1948 3186 trucidantur.
2000 3116 2134 3193 Pausa·

1149 3213 1228 3284 uias
1248 3212 1395 3282 domum
1418 3232 1597 3296 reversus,
1630 3211 1669 3281 in
1691 3211 1865 3285 iudicium
1900 3231 2043 3291 vocatus
2070 3237 2133 3311 est,
2254 3295 2257 3300 ,

1149 3328 1336 3409 propterea
1356 3313 1452 3405 quod
1471 3308 1680 3406 Tyrannos,
1707 3315 1820 3387 socios
1834 3316 2134 3397 Lacedaemonio-

1148 3440 1229 3486 rum
1244 3413 1438 3485 deseruisse
1457 3411 1655 3497 videretur,
1678 3408 1727 3484 Et
1748 3430 1823 3488 aeta
1846 3434 1898 3492 est
1920 3414 2007 3492 haec
2027 3448 2131 3499 eausa

1146 3720 1313 3802 suerunt,
1348 3740 1472 3786 eorum
1498 3714 1561 3810 qui
1595 3717 1827 3791 absolvebant
1852 3727 2129 3817 quatuordecim,

1146 3835 1181 3892 et
1196 3819 1321 3893 itidem
1336 3817 1399 3912 qui
1414 3817 1650 3905 damnabant,
1671 3824 1950 3913 quatuordecim.
2038 3882 2040 3886 Α
2060 3896 2070 3915 ὲ

1248 3919 1323 3993 lam
1339 3919 1514 4012 disputari
1531 3932 1661 4012 potest,
1682 3922 1755 3992 utri
1775 3925 1904 3997 rectius
1926 3928 2129 4019 iudicarint,

1147 4049 1229 4095 nam
1244 4019 1340 4094 haud
1355 4021 1463 4094 dubie
1476 4035 1626 4118 utraque
1648 4045 1731 4115 pars
1753 4047 1876 4114 graves
1901 4053 2022 4103 causas
2045 4057 2129 4105 suae
2208 4024 2210 4029 ¹

1145 4124 1338 4198 sententiae
1351 4118 1489 4194 habuit.
1560 4121 1563 4126 ’

1247 4224 1408 4296 Primum
1423 4223 1487 4318 qui
1500 4247 1564 4315 pro
1580 4220 1755 4295 Pausania
1770 4226 1942 4299 calculum
1961 4232 2131 4320 tulerunt,

106 4327 302 4421 9¹⁰⁵l¹¹¹¹¹⁸2
336 4337 431 4396 01⁰2
454 4322 568 4393 1101111
587 4344 702 4392 mores
722 4320 802 4392 ‘eliis
827 4321 929 4414 quasi
950 4324 1092 4413 praelu·
1145 4324 1213 4413 hos,
1232 4321 1330 4398 haud
1353 4326 1461 4396 dubie
1485 4323 1596 4394 movit
1619 4324 1742 4395 odium
1762 4327 1914 4402 iniustae
1929 4331 2130 4421 violentiae,

99 4442 220 4522 mul·
270 4424 463 4497 N⁰¹¹²¹¹l¹¹¹
479 4423 658 4514 fflsssusslls
684 4445 792 4516 (1111111
805 4423 1002 4516 perniciose
1018 4449 1094 4495 me-
1144 4455 1184 4500 ac
1199 4429 1369 4498 saeviciae
1384 4425 1650 4522 Tyrannorum.
1679 4424 1887 4501 ludicarunt
1906 4428 2000 4504 nihil
2015 4459 2130 4529 neque

107 4543 254 4601 reantur
277 4529 322 4597 de
343 4525 502 4598 Ecclesia
520 4538 554 4595 et
577 4524 797 4618 Republica,
822 4522 885 4618 qui
907 4540 946 4596 ut
967 4524 1092 4597 Cicero
1144 4528 1398 4612 detestabilius,
1421 4551 1538 4621 neque
1551 4526 1813 4601 intolerabilius
1828 4515 2130 4630 emTym'fflide·

107 4632 175 4711 ait,
200 4653 275 4698 non
298 4627 418 4698 minus
439 4628 594 4718 graviter
616 4626 795 4718 exemplo,
820 4650 925 4720 quam
950 4644 1091 4720 peccato
1143 4627 1318 4711 Occurrit,
1337 4629 1427 4716 illis,
1460 4653 1566 4725 quam
1589 4626 1969 4725 indignum'Spartana
1999 4639 2130 4711 virtute
2192 4673 2194 4676 ·

107 4746 250 4803 nocent.
302 4725 395 4799 Cum
419 4728 528 4817 igitur
550 4726 640 4797 mibi
662 4742 698 4799 et
715 4728 857 4819 'legibus
873 4723 1032 4816 scholae,
1057 4745 1093 4801 et
1144 4747 1180 4804 et
1201 4733 1374 4824 gravitate
1397 4731 1507 4815 locet,
1544 4729 1575 4800 si
1595 4755 1634 4801 se
1656 4729 1823 4802 satellites
1846 4746 1952 4827 atque
1972 4740 2130 4809 admini-

106 4857 193 4904 voce
217 4844 483 4924 praeceptorum
500 4831 705 4918 mandetur,
729 4846 770 4901 ut
786 4830 825 4897 in
842 4826 910 4900 hoc
926 4854 1092 4901 consessu
1145 4847 1237 4905 stros
1260 4834 1396 4903 alienae
1418 4831 1639 4904 crudelitatis
1661 4832 1889 4923 praeberent,
1928 4837 1959 4906 si
1983 4856 2130 4932 propter

105 4935 241 5030 aliquid
260 4934 395 5002 dicam:
430 4929 549 4999 iudico
571 4953 646 4998 non
668 4929 803 5021 ingenii
825 4945 887 5002 aut
911 4933 1092 5001 doctrinae
1145 4933 1302 5026 aliquam
1317 4933 1467 5028 speciem
1482 4931 1658 5016 utilitatis,
1683 4931 1902 5005 manifestam
1918 4938 2130 5014 iniustitiam

105 5031 549 5125 ⁰⁵¹⁰¹¹l³¹l⁰¹¹⁸¹¹¹³llll¹¹²¹⁰
566 5025 886 5127 mlllll‘fflWllm
903 5053 986 5109 ΕΝ,
1003 5056 1093 5123 quo-
1146 5035 1390 5110 desenderent.
1446 5031 1558 5115 Cum,
1597 5044 1637 5102 ut
1664 5033 1841 5121 praeclare
1870 5038 2004 5114 dictum
2034 5058 2130 5115 est,

104 5165 187 5209 rum
208 5152 390 5230 utrunque
412 5157 519 5226 quam
544 5130 582 5201 in
609 5154 664 5198 me
687 5146 793 5201 tenue
818 5131 886 5215 sit,
915 5130 1093 5222 intelligo:
1146 5132 1406 5221 Demosthene,
1439 5133 2133 5236 01unaquaelibetcivimpublicm

104 5238 175 5313 Sed
192 5239 436 5312 observantiae
453 5257 533 5325 erga
550 5244 792 5324 praeceptores
806 5247 911 5323 atque
924 5232 1093 5302 obedien·
1148 5261 1213 5332 pro
1232 5237 1431 5333 aequisque
1453 5233 1619 5329 privatim
1648 5234 1688 5304 in
1712 5238 1880 5312 omnibus
1900 5245 2132 5319 consultatio.

104 5345 176 5417 tiae
188 5343 344 5415 officium
360 5367 379 5410 a
396 5362 452 5409 me
466 5336 567 5427 exigi,
584 5334 684 5407 cuius
701 5333 841 5402 laudem
857 5333 961 5425 longe
975 5335 1092 5405 omni-
1149 5341 1258 5413 nibus
1275 5354 1310 5412 et
1331 5350 1406 5410 tota
1428 5337 1501 5407 vita
1525 5330 1744 5410 honestatem

1439 5435 1522 5511 48*

1768 5343 1957 5436 praecipue
1978 5350 2134 5455 spectare
