4748 6022
210 213 284 292 stt

212 389 275 464 Sic
288 390 379 462 irata
395 390 476 483 pios
493 411 678 484 nunqnam
695 387 839 458 fortuna
855 383 1057 486 revellet³),

267 491 308 565 si
322 516 384 584 spe
398 493 566 565 nituntur
581 490 821 586 pollicitisque
835 487 904 561 Dei
913 484 955 584 ⁴).

962 208 1290 290 CARMINUM
1342 211 1447 287 bIB.
1468 211 1498 288 1.

2172 216 2255 299 612

1259 384 1326 457 llle
1341 409 1421 458 suas
1437 386 1522 479 quia
1538 386 1671 478 spargit
1685 409 1788 478 opes,
1814 399 1849 458 et
1866 372 1984 480 donat·
1991 389 2128 482 egenis:

1306 486 1468 559 Praemia
1484 490 1639 560 iustitiae
1655 512 1730 558 non
1746 489 1920 561 moritura
1936 491 2038 565 feret.

215 591 309 669 Ecce
324 596 425 666 vides
441 594 613 690 Solymen
625 616 717 689 quae
733 595 845 663 moles
859 591 1010 662 cinxerit
1024 592 1149 661 urbem
1259 587 1310 662 Et
1325 592 1488 685 quamvis
1503 615 1625 662 secura
1642 592 1704 661 diu
1721 592 1794 662 sint
1811 593 1888 662 ocia
1904 595 2034 685 pravis.

268 694 317 772 Et
333 723 409 769 non
425 693 581 769 bumana
598 696 738 766 moenia
756 698 844 767 lacta
862 693 998 763 manu?

217 799 332 872 Parva
348 802 594 873 intermontes
610 800 714 886 latet,
736 791 885 868 immani
900 818 1025 897 aggere
1041 805 1149 885 septa,

198 960 201 966 .
271 899 320 975 Et
334 917 404 976 stat
415 902 600 975 inaccessis
614 897 652 998 ⁸)
670 901 829 993 undique
846 900 963 969 clausa
979 896 1082 988 iugis.

221 1003 460 1101 Defenditque
476 1031 540 1078 suo
557 998 748 1100 propius⁶)
766 1026 832 1072 nos
844 1001 978 1085 ‚robore
996 990 1192 1092 Numen⁷)‚

273 1106 381 1202 lgnea
397 1111 483 1180 dum
500 1107 645 1179 simulat
661 1103 800 1175 moenia
816 1105 895 1175 luce
910 1126 972 1174 sua
986 1096 1037 1195 ⁸):

221 1208 276 1283 Nc
288 1212 465 1306 ¹populum
478 1210 608 1280 feriant
623 1207 786 1279 coelestia
804 1230 900 1277 sacra
918 1204 1104 1288 colentem,

272 1310 362 1386 Acta
379 1313 491 1384 malos
506 1323 631 1383 contra
646 1309 752 1380 noxia
767 1310 836 1381 tela
854 1308 962 1383 viros.

222 1413 277 1488 Ne
290 1432 324 1489 te
340 1416 449 1505 igitur
464 1415 578 1507 capiat
593 1413 723 1484 melior
736 1412 879 1483 fortuna
895 1410 1085 1493 malorum,

274 1516 447 1610 Turpiter
459 1529 501 1587 ut
519 1515 640 1608 cupias
656 1514 854 1586 destituisse
868 1511 998 1586 Deum.

221 1617 306 1691 Non
321 1614 428 1690 habet
441 1618 604 1713 impietas
620 1640 816 1702 successus,
841 1615 992 1699 credite,
1016 1612 1155 1701 longos,

272 1718 323 1795 Et
337 1722 429 1792 male
446 1719 659 1815 promeritos
676 1719 789 1791 tristia
804 1720 875 1789 fata
892 1728 1050 1788 manent.

223 1823 429 1918 Felicesque
446 1824 515 1917 pii,
541 1847 630 1917 quos
644 1836 703 1905 tu,
728 1836 829 1915 patet
843 1821 997 1913 optime,
1022 1835 1152 1898 servas,

275 1925 468 2018 Continget
482 1941 625 2020 portum
639 1939 675 1996 te
691 1928 780 1996 duce
794 1936 916 1993 nostra
932 1921 1029 1992 ratis.

224 2024 321 2121 Ergo
338 2030 434 2115 leva,
459 2043 579 2122 pater,
605 2028 774 2112 afflictos,
801 2025 965 2121 vitaeque
980 2023 1139 2114 guberna

276 2132 496 2223 Ambiguum
513 2154 655 2207 cursum
671 2129 819 2202 numine
833 2150 964 2224 quaeso
981 2139 1055 2200 tuo.

244 2474 310 2548 No.
324 2470 386 2545 69.

231 2568 403 2601 w

295 2691 328 2746 ln
345 2691 446 2759 larrag.
455 2685 551 2811 'sitem
569 2690 597 2736 et
616 2679 646 2734 in
661 2695 726 2752 opp.
740 2676 801 2733 Bas.
816 2675 851 2731 T.
864 2680 899 2735 V.
918 2697 945 2749 p.
953 2678 1015 2733 stt
1049 2677 1131 2750 Apud
1144 2675 1217 2733 Vin.

326 2767 398 2816 cent.
417 2776 442 2830 p.

304 2919 475 2995 reamur
499 2913 637 2988 (mbr
662 2892 844 2999 „Beatus
864 2914 923 2982 vir
946 2912 1009 3004 qus·
1030 2912 1142 2982 timet

565 3005 787 3086 domtmm”
816 3019 882 3085 etc.

227 3171 371 3254 Foelix,
395 3166 476 3248 ille,
499 3161 616 3235 Deum
630 3163 756 3235 metuit
774 3163 838 3258 qui
853 3177 993 3257 pectore
1007 3176 1096 3249 toto,

279 3271 391 3345 Cuius
406 3267 547 3338 delitiae
562 3280 646 3337 sunt
660 3268 755 3338 bona
771 3266 865 3337 iussa
881 3262 960 3336 Dei.
1047 3351 1051 3358 Ι

230 3378 333 3452 lllius
349 3385 384 3443 et
397 3385 528 3455 natos,
542 3383 577 3438 et
594 3369 657 3462 qui
674 3383 866 3440 nascentur
879 3371 925 3439 ab
941 3367 1025 3452 illis,

278 3474 431 3551 Coelesti
445 3470 643 3556 Dominus,
671 3472 790 3551 crede,
815 3471 954 3542 iuvabit
967 3494 1046 3563 ope.

228 3583 278 3657 Et
294 3603 383 3675 quae
400 3574 595 3660 sufficiant,
620 3573 769 3646 donabit
782 3575 969 3645 commoda
985 3573 1088 3657 vitae,

278 3681 418 3754 lustitia
437 3690 490 3747 est
504 3672 614 3748 buius
628 3678 771 3747 vindice
787 3690 864 3748 tuta
878 3677 971 3748 Deo.

231 3787 412 3875 Grataque
426 3780 467 3848 in
481 3780 638 3850 adversis
652 3792 772 3851 cernet
788 3779 910 3849 solatia
928 3779 1045 3859 rebus,

284 3883 460 3959 Adficitur
475 3883 607 3954 nostris
623 3905 707 3952 nam
723 3879 819 3951 Deus
835 3881 910 3975 ipse
925 3879 1039 3948 malis.

232 3990 298 4062 Vir
313 3991 431 4059 bonus
447 4009 527 4054 aera
541 3986 633 4055 solet
645 3984 757 4055 facilis
773 3985 856 4052 date
870 3994 994 4052 mutua
1010 3978 1137 4069 egenti,

237 4114 241 4119 ’
281 4087 329 4163 Et
345 4112 445 4159 mens
460 4087 559 4157 illius
576 4090 693 4159 nescia
710 4086 846 4157 fraudis
862 4085 941 4158 erit.

230 4193 315 4267 Non
333 4189 461 4282 poterit
477 4191 582 4261 talem
599 4191 742 4262 fortuna
759 4203 915 4260 evertere
932 4186 1068 4281 iniqua,

281 4290 348 4365 Est
361 4313 498 4361 memor
511 4291 609 4360 illius
624 4317 782 4385 semper,
804 4293 941 4387 eritque
956 4289 1062 4361 Deus.
1186 4309 1196 4354 .·

231 4397 483 4486 Fortunaeque
500 4393 614 4462 minas
629 4395 690 4463 ille
706 4394 964 4488 imperterritus
982 4388 1091 4472 audit,

284 4498 405 4571 Solius
419 4493 498 4564 fidit
512 4517 596 4564 nam
614 4497 772 4564 bonitate
787 4493 866 4566 Dei.

231 4598 280 4675 Et
297 4599 467 4696 quoniam
485 4621 589 4668 curae
608 4619 680 4667 esse
695 4595 770 4667 Deo
789 4621 826 4667 se
842 4593 1012 4678 credidit,
1037 4592 1114 4682 ipso

283 4703 507 4794 lnspectante
523 4701 646 4786 malis,
674 4722 786 4793 poena
805 4698 936 4768 luenda
953 4695 1061 4768 venit.

235 4853 451 4869 ..P-.—

268 4929 295 4998 8)
315 4926 374 4979 Bas.
390 4934 415 4978 et
427 4922 488 4976 See.
502 4921 620 4974 nocebit.

267 5016 298 5084 l)
322 5008 357 5065 St
376 5026 425 5076 spe
446 5012 512 5092 eto]
539 5005 598 5060 Bas.
618 5012 647 5057 ct
664 4997 725 5059 Sec.
760 4998 819 5072 Qui
832 5001 930 5071 fidunt
949 5009 1091 5080 *superum
1108 5020 1226 5058 numme

268 5088 540 5236 §filicidtiretgiirace1
559 5159 619 5211 uas.
632 5167 659 5211 et
673 5159 733 5213 Sec.
752 5157 789 5211 Et
801 5175 859 5212 non
873 5161 1000 5215 auerte.

267 5257 296 5321 6)
313 5252 374 5306 Bar.
389 5257 415 5303 et
428 5247 487 5304 Sec.
498 5247 623 5311 propior.

268 5341 296 5409 7)
315 5341 413 5391 robore
428 5333 545 5404 numen]
559 5332 620 5389 Bas.
634 5341 660 5385 et
672 5331 733 5388 Sec.
751 5333 879 5394 numt'm,
896 5349 1036 5389 summus.

166 5454 169 5459 ·
267 5427 298 5494 8)
317 5423 398 5482 basil,
411 5430 437 5477 et
451 5421 511 5478 Sec.
530 5422 623 5488 tenea
641 5419 748 5490 stfiers'
765 5421 895 5489 moenia,
914 5426 1017 5492 datque
1026 5430 1123 5490 pater·

1311 693 1432 764 Poena
1450 708 1567 765 tamen
1584 696 1686 765 tardo
1703 688 1770 763 bos
1786 696 1933 789 corripit
1949 711 2026 769 acta
2043 700 2134 791 pede
2142 690 2194 796 ⁹)

1332 1233 1409 1357 ⁰¹:³⁹0·
1422 1232 2258 1392 {italalbtffitltlllttttlllnltl'att‘:

1368 1391 1447 1445 quam
1461 1391 1550 1426 terror
1561 1392 1619 1427 esse
1633 1376 1749 1430 vedetur.

1274 1033 1341 1107 No.
1358 1038 1419 1107 70.

1270 1130 1442 1160 Μ

1296 1520 1471 1591 Paolmus
1486 1519 1622 1591 Ome
1647 1522 1980 1618 „Romanusque
1999 1523 2140 1600 timet”
2157 1536 2227 1605 eto.

1264 1673 1365 1745 Felix
1381 1673 1441 1741 ille
1459 1672 1577 1742 Deum
1592 1671 1718 1742 metuit
1734 1672 1797 1766 qui
1815 1687 1956 1767 pectore
1974 1690 2061 1765 toto,

1317 1772 1364 1847 Et
1378 1799 1454 1843 non
1471 1775 1586 1843 fucata
1604 1774 1790 1864 relligione
1805 1776 1901 1850 colit.

1265 1876 1313 1949 Et
1329 1878 1391 1973 qui
1409 1875 1551 1946 divinae
1565 1875 1636 1965 legi
1651 1900 1773 1967 parere
1789 1879 1956 1964 studebit,

1316 1979 1366 2053 Et
1382 1980 1439 2051 cui
1455 1978 1602 2048 deliciae
1618 1993 1703 2050 sunt
1719 1981 1815 2051 bona
1831 1980 1926 2051 iussa
1941 1978 2021 2056 Dei.

1265 2083 1451 2155 Fluctibus
1469 2081 1508 2149 in
1524 2079 1649 2150 mediis
1665 2084 1864 2154 servabitur
1879 2083 1960 2170 ille,
1984 2097 2147 2176 paternas

1317 2183 1554 2277 implebitque
1569 2204 1631 2251 sua
1647 2185 1850 2275 posteritate
1865 2186 2002 2257 domos.

1265 2284 1314 2360 Et
1332 2309 1536 2382 quanquam
1553 2285 1663 2354 variis
1678 2286 1828 2359 iactetur
1844 2311 1946 2378 saepe
1962 2287 2116 2381 periclis,

1319 2388 1487 2462 Attamen
1503 2382 1600 2457 hunc
1616 2411 1775 2460 summus
1791 2404 1907 2460 servat
1921 2391 2057 2483 alitque
2075 2407 2185 2486 pater.

1267 2491 1387 2564 Huius
1404 2503 1550 2561 conatus
1566 2490 1680 2560 facilis
1696 2491 1839 2563 fortuna
1854 2490 2002 2572 fovebit,

1318 2589 1496 2667 Provebet
1512 2605 1548 2661 et
1563 2593 1686 2663 dextro
1702 2593 1850 2664 numine
1865 2607 1993 2665 cuncta
2009 2591 2119 2671 Deus.

1269 2697 1371 2769 illius
1387 2695 1539 2766 aestivae
1556 2696 1775 2786 superabunt
1791 2690 1919 2768 borrea
1934 2719 2077 2784 messes,

1320 2796 1368 2871 Et
1381 2801 1498 2887 fruges
1514 2797 1632 2889 amplo
1648 2797 1795 2869 foenore
1809 2800 1933 2869 reddet
1948 2821 2042 2889 ager.

1268 2902 1377 2975 Hunc
1393 2914 1492 2994 pater
1508 2898 1656 2991 ancipiti
1672 2901 1826 2971 servabit
1839 2914 2016 2992 tempore,
2037 2901 2130 2975 iusta

1320 3004 1434 3077 Causa
1451 3001 1647 3096 patrocinio
1663 3003 1782 3074 vincet
1795 3002 1928 3097 ubique
1941 3000 2019 3078 Dei.

1269 3107 1351 3180 Non
1368 3109 1518 3176 deerunt
1533 3128 1692 3199 unquam
1703 3104 1827 3190 ‚dubiis
1843 3104 1969 3177 solatia
1985 3105 2103 3192 rebus,

1322 3209 1423 3300 Quae
1439 3207 1574 3277 iaciunt
1590 3221 1709 3299 pectus
1726 3207 1864 3278 firmius
1879 3230 1953 3277 esse
1966 3207 2058 3281 viro.

1268 3311 1426 3389 Lumina
1444 3334 1508 3380 ceu
1525 3309 1679 3380 tenebris
1694 3311 1842 3402 adparet
1859 3309 1953 3379 clara
1971 3308 2125 3397 remotis,

1321 3413 1381 3485 Sic
1397 3412 1488 3483 tristi
1506 3411 1666 3481 inveniet
1680 3425 1840 3503 tempore
1856 3411 1968 3498 lactus
1985 3408 2017 3505 ¹)
2035 3436 2152 3504 opem.

1271 3517 1339 3587 Vir
1351 3518 1469 3587 bonus
1485 3514 1628 3584 adflicto
1645 3515 1758 3585 facilis
1774 3513 1947 3585 succurrit
1962 3513 2074 3584 amico
2160 3554 2169 3566 .

1255 3682 1257 3686 .
1320 3615 1367 3689 Et
1384 3640 1594 3712 quacunque
1612 3631 1726 3710 potest
1741 3616 1929 3689 sedulitate
1946 3615 2056 3689 iuvat.

1272 3717 1435 3814 Aeraque
1451 3743 1525 3788 non
1542 3741 1623 3807 agre
1641 3721 1702 3789 dat
1718 3735 1839 3791 mutua
1856 3718 1948 3790 ferre
1964 3719 2112 3811 petenti,

1322 3818 1375 3892 Ac
1391 3822 1519 3912 opibus
1534 3821 1631 3911 large
1647 3821 1812 3892 subvenit
1828 3821 1889 3890 ille
1906 3823 1992 3895 suis.

1271 3923 1345 3994 Nec
1359 3924 1428 3993 sibi
1444 3923 1587 3993 divitias
1605 3948 1667 4015 per
1681 3925 1842 3993 fraudem
1861 3938 1922 3994 aut
1935 3924 2074 4018 quaerit
2090 3919 2254 4012 honores,

1323 4024 1396 4096 Nec
1412 4025 1578 4117 cuiquam
1593 4025 1743 4096 iniustas
1759 4024 1873 4095 inlicit
1890 4026 1952 4096 ille
1967 4048 2103 4096 manus.

1273 4127 1313 4201 Si
1330 4127 1473 4221 quando
1490 4127 1636 4197 exitium
1653 4128 1796 4199 fortuna
1812 4127 1957 4198 inimica
1974 4128 2141 4210 minatur,

1229 4288 1237 4297 .
1323 4228 1427 4300 lllius
1440 4246 1581 4323 ¹semper
1597 4230 1673 4300 vult
1690 4229 1892 4299 meminisse
1908 4227 2018 4301 Deus.

1272 4329 1320 4405 Et
1335 4333 1417 4425 quia
1433 4355 1470 4400 se
1489 4356 1594 4403 curae
1611 4356 1683 4402 esse
1700 4329 1776 4401 Deo
1794 4333 1971 4402 confidere
1987 4333 2100 4419 novit,

1325 4433 1406 4504 Non
1424 4429 1508 4503 huic
1524 4435 1673 4506 incutiet
1687 4434 1817 4504 nuncia
1831 4434 1924 4504 lama
1940 4447 2087 4505 metum.
2113 4424 2120 4432 ’

1274 4534 1379 4606 Mens
1392 4537 1539 4606 immota
1555 4538 1653 4607 velut
1667 4559 1795 4624 magno
1812 4562 1892 4607 cum
1908 4539 2040 4608 robore'
2053 4561 2216 4632 quercus,

1325 4634 1491 4718 Constat,
1522 4653 1556 4708 et
1577 4639 1615 4707 in
1636 4635 1813 4722 Domino,
1846 4663 2014 4734 spemque
2034 4641 2267 4736 animumque

1807 4741 1911 4811 locat.

1274 4840 1346 4914 Sed
1360 4841 1424 4934 qui
1438 4840 1634 4910 contemnit
1649 4840 1810 4912 coelestia
1827 4842 1939 4928 iussa,
1962 4843 2104 4936 peribit,

1325 4940 1417 5014 Nam
1436 4943 1555 5013 subito
1573 4942 1692 5013 veniet
1706 4967 1833 5034 magna
1848 4946 1953 5016 ruina
1969 4947 2084 5018 malis.

1274 5044 1343 5115 Vir
1359 5070 1501 5141 quoque
1515 5045 1627 5116 multa
1642 5046 1723 5137 pius
1738 5048 1875 5118 confert
1886 5049 1926 5117 in
1939 5050 2105 5142 pauperis
2120 5073 2236 5137 usum,

1325 5144 1375 5219 Et
1388 5149 1449 5220 liet
1462 5148 1598 5219 miseris
1615 5163 1739 5241 portus
1758 5164 1792 5222 et
1807 5175 1892 5221 aura
1909 5151 2006 5221 viris.

1309 5344 1338 5416 ²¹¹)
1356 5347 1418 5402 llas.
1426 5345 1501 5402 Sera
1514 5360 1613 5403 tamen
1628 5351 1722 5404 tacitis
1731 5365 1828 5414 poena
1841 5350 1916 5402 venit
1926 5351 2052 5416 pedidus.

1311 5432 1337 5499 t)
1355 5432 1457 5500 taetus]
1473 5431 1533 5488 Bas.
1545 5443 1652 5500 pectus.
