4748 6022
169 196 243 280 us
972 191 1417 281 surruuuun'ra.
1635 175 1636 178 ‘
2137 213 2212 309 ιιι

170 372 271 471 qnod
284 366 665 466 vosquoquefecistis,
690 391 780 442 roro
793 369 931 465 scripsi.
979 369 1072 444 Nam
1085 372 1169 446 unis
1217 368 1331 443 metui
1346 392 1366 441 a
1379 366 1417 437 vi
1430 363 1646 464 principum.
1694 366 1855 460 Mentes,
1877 374 1911 448 si
1925 378 2066 473 sapitis,
2087 384 2212 463 sinetis

168 480 342 551 duntaxat
372 472 502 545 distuli
532 473 747 567 respondere
781 473 906 552 literis.
984 472 1169 569 improbas
1218 467 1403 544 Christum
1435 471 1609 556 iudicare,
1649 481 1686 541 ct
1712 476 1809 567 quod
1831 477 1957 552 fratres
1977 487 2085 559 vestri
2111 489 2152 560 in
2173 514 2210 565 se

167 579 268 674 quod
288 575 528 648 circumierim
548 589 584 648 et
603 575 778 648 visitarim
800 571 977 647 Ecclesias
998 591 1033 651 et
1059 580 1168 650 dede-
1218 568 1316 647 haud
1340 573 1475 645 malum
1500 587 1694 668 quaerunt,
1727 600 1791 647 vos
1813 581 2001 657 adscribite
2023 587 2089 658 fini
2105 594 2210 672 malo.

169 681 241 752 rim
264 703 306 750 eo
335 680 506 750 damnum
529 701 628 750 meae
651 690 687 750 ct
709 675 861 749 Gallicis
882 673 1061 753 Ecclesiis.
1111 679 1168 754 De
1216 672 1421 749 Concordes
1455 675 1508 747 vis
1541 689 1577 748 ct
1606 689 1806 751 constantes
1830 682 1869 752 in
1894 684 2047 780 simplici
2067 706 2102 764 et
2126 719 2209 768 vcra

170 779 241 854 hoe
255 779 434 866 iudicent,
464 777 527 874 qui
546 802 694 853 caussam-
708 793 864 868 norunt,
896 806 1024 876 quarn,
1050 795 1091 855 ut
1111 782 1167 852 vi·
1217 779 1354 851 unitate
1374 775 1574 865 ministros,
1603 779 1736 873 quique
1759 781 1895 857 instent
1919 791 2101 879 precibus:
2142 793 2209 868 hos

169 886 261 971 deo,
294 883 505 974 tuignoras,
536 882 589 951 mi
611 879 698 955 Leo,
747 880 967 977 Augustani
980 885 1019 955 in
1036 905 1165 975 magno
1216 893 1253 952 et
1274 903 1340 952 nos
1361 878 1539 955 volumus.
1590 878 1663 952 Sed
1684 878 1724 953 hi
1741 886 1900 975 profecto
1924 890 1969 961 de
1990 915 2026 963 se
2055 895 2207 969 invicem

170 985 379 1058 discrimine
398 984 581 1055 constituti
604 984 653 1055 ob
682 983 849 1056 dissidiae
871 985 1165 1058 concionatorum
1215 982 1427 1055 iudicabunt
1442 1004 1483 1051 ex
1496 977 1685 1068 charitate,
1710 987 1859 1074 audient
1872 1013 1910 1061 se
1925 991 2097 1082 invicem,
2120 1024 2207 1071 con·

171 1101 210 1158 ct
225 1086 356 1158 civium
371 1109 429 1154 me
443 1099 613 1157 vocarant
625 1086 855 1158 sanctissimis
869 1088 1165 1159 obtestationibus
1214 1106 1373 1176 gressum
1388 1097 1553 1155 mutuum
1566 1107 1648 1154 cum
1660 1082 1705 1156 D.
1718 1084 1833 1160 Paulo
1845 1114 1910 1181 per
1923 1105 2030 1167 terras
2044 1113 2078 1169 et
2095 1103 2207 1176 maris

170 1189 267 1275 illis,
297 1186 472 1259 miserunt
493 1210 552 1257 me
575 1188 798 1280 magistratus
813 1188 903 1276 mei,
937 1186 1056 1289 qno[?
1098 1190 1165 1259 ad·
1216 1200 1390 1280 expetent
1452 1183 1638 1279 Siquidem
1658 1181 1698 1257 hi
1730 1212 1805 1259 non
1839 1211 2010 1286 quaerent
2031 1223 2123 1292 quae
2143 1228 2207 1277 sus

170 1290 295 1360 venire
308 1312 384 1358 non
398 1286 604 1381 potuissem.
657 1287 794 1362 lnterea
808 1291 948 1363 vocavit
963 1316 1020 1362 me
1068 1283 1166 1361 ond-
1215 1300 1318 1374 sunt,
1347 1284 1407 1357 sed
1424 1309 1514 1380 quae
1529 1280 1683 1375 Christi,
1717 1303 1752 1360 et
1767 1294 1889 1366 norint
1908 1291 1994 1368 haec
2009 1296 2205 1376 Dominum

169 1387 325 1486 grauius
339 1391 385 1461 ad
399 1382 620 1486 Philippum
635 1387 832 1479 Cassclam,
856 1407 898 1466 ot
911 1393 1021 1485 igitur
1032 1393 1164 1466 certina
1214 1389 1411 1481 largissime
1424 1388 1510 1487 dare
1524 1387 1565 1458 in
1580 1390 1727 1493 nomine
1741 1414 1806 1483 suo
1821 1398 2044 1477 coe‘untibus.
2094 1403 2207 1496 lgitnr

166 1492 319 1565 nomine
341 1492 494 1567 fratrum
518 1492 791 1587 symmisnrum
815 1494 855 1567 in
877 1490 1038 1568 Suevicis
1062 1495 1164 1569 urbi·
1215 1493 1370 1563 coitione
1393 1488 1434 1561 in
1456 1491 1602 1561 nomine
1625 1486 1761 1562 Christi
1775 1491 1868 1566 nibil
1889 1492 2071 1574 habebunt
2085 1506 2123 1575 in
2141 1501 2207 1580 hac

169 1594 501 1687 bnsresponderem
515 1595 746 1667 convenimus
754 1587 1016 1683 Constantios,
1040 1597 1163 1669 omnia
1215 1593 1288 1664 vita
1303 1591 1538 1683 expetibilius.
1587 1591 1630 1663 ld
1650 1617 1774 1665 verum
1795 1621 1962 1686 agnosces
1977 1604 2096 1696 legens
2112 1605 2207 1679 Pau·
2261 1662 2265 1668 .

169 1695 271 1768 iussn
294 1695 518 1787 magistratus
540 1695 621 1767 mei.
671 1694 847 1772 Existimo
865 1695 924 1771 hic
947 1724 1089 1795 quoqne
1106 1722 1164 1769 me
1215 1695 1312 1779 lum,
1351 1706 1412 1764 aut
1446 1689 1598 1763 Paulum
1638 1696 1781 1785 negabis
1813 1694 2057 1774 Christianum
2088 1709 2206 1780 fuisse.

170 1793 268 1868 nihil
282 1797 404 1868 fecisse
420 1811 561 1868 temere.
611 1792 935 1892 Augustoeautem
959 1803 1023 1872 ubi
1043 1814 1163 1893 coepta
1217 1795 1413 1887 Quamdiu
1430 1793 1550 1864 vixero
1568 1797 1742 1868 cruciatus
1755 1796 1846 1870 mihi
1859 1804 1946 1890 erit,
1976 1830 2050 1890 non
2064 1809 2204 1881 licuisse

164 1913 313 1972 tantum
335 1899 455 1984 omnia
470 1914 601 1986 essent,
633 1903 796 1973 nondum
813 1903 1166 1999 firmataeteoncio-
1214 1897 1399 1969 vobiscum
1425 1896 1469 1965 de
1491 1896 1589 1966 omni
1609 1921 1712 1968 causa
1732 1895 1866 1976 Christi
1888 1905 2000 1977 amice
2015 1909 2204 2000 disserere;

166 2015 339 2073 natorum
359 2001 506 2074 dissidia
529 2002 643 2093 magis
670 2004 873 2094 proferrent
891 2027 948 2090 se,
969 2028 1021 2074 -ne
1045 2016 1164 2095 posta-
1215 2022 1279 2071 vae
1295 2000 1400 2069 nobis
1413 1997 1443 2069 si
1458 1993 1653 2069 deChristo
1667 2024 1741 2070 non
1756 2025 1942 2094 possumus
1958 2010 2116 2107 colloqui
2129 2014 2206 2085 sine

168 2103 267 2175 riora
288 2097 463 2175 haberent
485 2103 607 2196 peiora
636 2103 838 2194 prioribus,
875 2118 1061 2175 revocatus
1085 2127 1164 2174 sum
1216 2097 1523 2173 contentionibus!
1554 2095 1651 2190 Ego
1673 2125 1858 2195 nunquam
1879 2108 1979 2179 volui
1999 2136 2062 2183 vos
2085 2137 2205 2186 avcro

167 2206 216 2279 ab
235 2203 521 2295 Augustensibus
537 2217 572 2274 et
591 2204 719 2275 missus
739 2205 874 2277 ameis.
926 2202 976 2276 Et
997 2205 1164 2275 dominus
1216 2201 1411 2284 abducere,
1443 2212 1477 2269 et
1506 2200 1608 2269 facile
1634 2204 1879 2277 custodivisset
1902 2232 1965 2278 vos
1986 2208 2204 2288 Dominusa

168 2306 287 2386 dedit,
330 2317 371 2377 ut
403 2304 518 2376 maior
550 2303 589 2374 in
622 2305 805 2396 religionis
836 2328 939 2377 causa
972 2306 1163 2377 concordia
1216 2302 1304 2372 meis
1316 2300 1480 2391 argutiis,
1512 2299 1543 2368 si
1559 2301 1762 2379 voluissem.
1814 2304 1913 2396 Quid
1933 2332 2031 2382 nune
2054 2315 2206 2387 faciam?

168 2405 356 2499 Augustae
378 2429 453 2476 non
470 2406 598 2489 fuerit,
631 2431 737 2500 quam
752 2407 815 2477 diu
833 2408 1073 2500 praedicatum
1092 2407 1164 2477 illis
1216 2428 1297 2475 amo
1322 2426 1385 2472 vos
1411 2417 1446 2473 et
1470 2400 1567 2486 colo,
1599 2414 1635 2474 et
1656 2427 1730 2473 non
1753 2406 1957 2497 vulgariter.
2015 2410 2095 2486 Hoc
2122 2441 2204 2509 ergo

168 2523 227 2581 est
239 2505 494 2598 Evangelium,
524 2521 629 2602 atque
653 2507 818 2580 dominus
834 2508 951 2593 dedit,
982 2511 1069 2580 dum
1089 2509 1165 2578 illic
1214 2504 1325 2594 magis
1342 2504 1438 2574 dolet
1453 2526 1534 2573 cum
1547 2504 1635 2573 adeo
1653 2506 1831 2578 minutula
1851 2510 1924 2584 sint
1948 2512 2079 2607 quibus
2092 2521 2206 2588 maxi-

168 2610 251 2694 fui,
286 2622 321 2681 et
341 2608 411 2680 nisi
443 2610 539 2680 ultro
570 2608 744 2702 dissipant
776 2634 854 2681 eam
887 2611 1165 2697 concionatores,
1215 2630 1273 2677 ma
1298 2619 1441 2697 possent
1461 2601 1574 2674 averti
1600 2604 1837 2697 offendicula,
1868 2636 1942 2682 non
1962 2614 2069 2688 ficere
2087 2619 2132 2688 de
2149 2616 2204 2692 his

168 2711 306 2804 optima
334 2712 378 2782 de
403 2704 471 2784 hac
492 2707 650 2784 Ecclesia
680 2735 696 2781 s
723 2735 797 2783 cro.
856 2708 1051 2783 Abiturum
1078 2708 1165 2783 hine
1215 2706 1408 2801 vobiscum,
1421 2703 1692 2776 communicare.
1750 2707 1890 2784 Interea
1906 2715 2092 2789 scribendo
2112 2716 2205 2792 nihil

169 2811 311 2885 vocavit
333 2813 514 2905 piissimus
535 2814 593 2884 vir
615 2806 678 2882 Bu
713 2808 811 2884 larus
836 2810 989 2884 isnensis
1019 2828 1166 2907 propter
1215 2832 1322 2903 quam
1347 2822 1486 2900 tempus
1508 2808 1710 2899 perdimus,
1742 2825 1777 2882 et
1792 2815 1930 2885 animos
1944 2819 2055 2908 magis
2071 2821 2206 2895 aliena-

169 2906 360 3008 Fugium,
398 2916 461 3008 qui
487 2913 593 2985 illinc
621 2914 744 2987 invitis
773 2915 902 2987 sanctis
928 2912 1028 2985 abiit.
1083 2913 1164 2986 Huc
1215 2934 1308 2982 mus.
1343 2908 2204 3009 Quam'facileenimrapiunturscriptsinalium

170 3040 255 3106 ergo
288 3017 368 3087 veni
389 3018 474 3087 inde
497 3009 779 3099 Constantiam,
817 3032 857 3088 ut
891 3018 1061 3088 fratribus
1093 3017 1164 3087 illis
1215 3036 1356 3105 sensum
1373 3036 1478 3105 quam
1493 3011 1726 3101 scriptasunt,
1744 3039 1850 3108 quam
1864 3019 1966 3089 facile
1981 3023 2131 3117 quisque
2141 3051 2206 3117 pro

169 3117 406 3190 satisfacerem
429 3120 473 3189 de
497 3118 637 3212 scriptis
663 3120 701 3189 in
726 3117 894 3191 Galliam.
949 3115 1102 3189 Discessi
1119 3120 1164 3190 ab
1215 3137 1252 3185 se
1275 3115 1407 3206 scripto
1431 3111 1573 3207 quidvis
1596 3114 1719 3186 obiicit
1740 3131 1775 3187 et
1794 3118 1936 3189 firmum
1959 3137 2079 3212 putat,
2116 3129 2205 3197 dum

169 3214 248 3306 his,
274 3233 322 3307 ,ut
352 3220 421 3312 ipsi
445 3222 561 3293 testati
589 3233 673 3293 sunt
702 3220 923 3293 amicissimis
945 3216 1047 3291 mihi.
1104 3216 1163 3291 En
1215 3239 1320 3287 nemo
1344 3238 1463 3286 eoram
1489 3227 1539 3284 cst
1564 3215 1626 3308 qui
1650 3218 1829 3290 obiectum
1851 3223 2069 3301 dissolveret.
2125 3225 2204 3319 Ego

169 3316 282 3393 habes
314 3345 435 3394 causas
468 3322 692 3395 circuitionis
718 3346 818 3395 meae
847 3348 911 3416 per
924 3332 1071 3393 'menses
1092 3345 1164 3397 sex.
1215 3319 1286 3391 iam
1303 3317 1421 3388 verbis
1436 3317 1573 3408 prolixe
1587 3319 1689 3389 vobis
1706 3321 1850 3412 scripsi,
1869 3327 1931 3395 sed
1946 3325 2046 3397 sires
2062 3343 2206 3422 spectas,

168 3423 284 3496 Domi
300 3424 433 3496 interea
446 3424 603 3518 optimus
616 3413 755 3521 Capito
769 3439 806 3498 et
819 3424 882 3496 alii
898 3425 945 3495 ita
960 3425 1165 3515 vigilarunt,
1215 3442 1324 3515 qoam
1354 3413 1448 3489 nihil
1478 3419 1545 3488 crit
1575 3420 1684 3489 satis?
1722 3446 1830 3515 quam
1857 3426 1991 3519 ubique
2013 3430 2082 3501 erit
2104 3432 2234 3503 vobis·

168 3539 211 3597 ut
227 3539 390 3618 coeptum
406 3526 451 3598 sit
467 3553 486 3598 a
507 3527 711 3616 magistratu
727 3526 784 3616 agi
807 3550 872 3617 pro
887 3519 1064 3595 Ecclesiae
1081 3548 1164 3594 vera
1215 3520 1313 3613 qnod
1328 3519 1519 3607 regeretis?
1550 3542 1658 3610 qnam
1674 3522 1891 3594 videbuntur
1905 3528 2018 3598 diluta
2035 3533 2207 3602 evanida?

168 3616 425 3698 constitutione
443 3641 479 3699 et
503 3643 626 3699 contra
657 3628 824 3697 sectarios
845 3648 951 3696 omne
977 3647 1087 3715 genus
1108 3625 1165 3715 agi
1215 3619 1388 3692 Rationes
1407 3631 1540 3687 vestras
1558 3616 1588 3685 si
1611 3622 1822 3707 rescribitis,
1854 3626 1984 3698 videbo
2007 3630 2119 3701 multa
2144 3657 2207 3703 vos

169 3729 289 3820 coepit
302 3729 444 3817 gravius
459 3741 495 3799 et
508 3730 664 3798 severius
681 3751 786 3822 quam
803 3742 904 3799 antea
919 3748 1096 3820 unquam,
1129 3739 1166 3796 et
1217 3744 1292 3791 non
1314 3719 1546 3800 intellexisse,
1570 3720 1930 3814 multa-'depravasse‚
1964 3728 2134 3802 obiecisse
2150 3759 2206 3803 me

168 3831 287 3901 maius
309 3829 414 3898 etiarn
436 3829 533 3903 Deus
556 3832 655 3901 dedit
684 3830 940 3900 incrementum
966 3851 1071 3921 quam
1096 3852 1167 3899 uu·
1217 3846 1307 3917 quae
1329 3822 1464 3891 nullius
1484 3822 1656 3891 momenti
1676 3838 1770 3895 sunt.
1822 3821 1989 3899 Attamen
2006 3856 2052 3902 ne
2067 3835 2208 3906 viderer

171 3955 279 4026 qnam
308 3942 422 4005 antea.
479 3926 528 4003 Et
558 3955 684 4005 cuma
707 3944 800 4001 sorte
829 3929 1165 4001 Monasteriensium
1216 3947 1281 3994 vos
1304 3925 1480 4015 negligere
1503 3937 1538 3996 et
1559 3945 1746 4013 agnoscere
1775 3922 1889 4020 (quod
1912 3930 2040 4003 falsum
2059 3934 2206 4031 putatis)

170 4035 341 4105 absumus
358 4031 580 4123 longissime,
605 4058 624 4103 a
640 4034 742 4104 vobis
756 4033 920 4104 videmur
942 4031 1040 4126 quasi
1057 4032 1166 4101 simus
1218 4051 1274 4098 me
1291 4025 1338 4097 ita
1353 4026 1453 4097 vobis
1470 4025 1670 4115 indignari,
1694 4029 1869 4120 rescripsi.
1909 4027 1951 4101 ld
1967 4034 2103 4105 utinam
2115 4037 2207 4109 bene

173 4134 209 4209 ei
223 4133 390 4227 proximi.
442 4132 524 4205 Non
539 4135 844 4207 erut'credendum
859 4135 991 4215 cuivis,
1016 4132 1066 4201 mi
1083 4133 1167 4219 Leo,
1218 4127 1338 4200 cadat!
1380 4125 1511 4207 Libere
1533 4126 1739 4217 δῦΐῖρὸῐδῑῐδ,
1772 4129 2086 4229 Ῑὶὺθῐθῐεδετίρεὴ
2121 4139 2208 4210 boni

173 4249 209 4306 et
232 4236 319 4305 siin
341 4250 440 4308 tanto
462 4260 600 4308 eramus
622 4237 801 4329 periculo,
836 4236 974 4329 pridem
997 4255 1063 4304 nos
1089 4260 1166 4304 mo·
1218 4228 1383 4305 consului
1400 4242 1551 4299 vestram
1568 4227 1786 4316 libertatem,
1817 4233 1877 4303 sed
1900 4249 1941 4304 ut
1956 4242 2206 4329 responderem

174 4338 270 4409 nitos
285 4340 456 4429 oportuit.
515 4336 629 4408 Valde
644 4339 816 4409 mirantur
837 4336 1082 4409 Helvetiorum
1096 4332 1167 4405 Ec·
1218 4346 1337 4404 tamen
1355 4332 1454 4402 sicet
1469 4352 1659 4400 vosmeam
1676 4332 1761 4402 boni
1779 4336 1963 4412 consulite.
2022 4338 2208 4413 Faciamus

176 4438 363 4510 elesiarum
390 4438 428 4510 in
457 4433 524 4511 hac
555 4463 593 4510 rc
616 4441 880 4522 creduiitatem,
912 4462 1036 4509 nama
1066 4438 1166 4508 vobis
1218 4435 1329 4527 paria.
1392 4428 1489 4523 Ego,
1528 4431 1600 4501 nisi
1621 4456 1777 4524 prorsus
1809 4436 1900 4508 desit
1929 4441 2032 4511 vobis
2061 4443 2209 4514 facultas

174 4534 389 4612 Bernatibus
407 4555 445 4617 et
462 4538 640 4623 Basilenm
656 4542 876 4626 scribuntur,
911 4564 1001 4633 quae
1024 4563 1167 4631 persua-
1219 4533 1410 4608 christiane
1426 4535 1653 4627 colloquendi
1671 4537 1715 4606 de
1731 4532 1892 4619 Christo,
1925 4564 1997 4610 nou
2016 4544 2208 4615 dubitarim

176 4642 312 4715 sionem
332 4638 548 4717 horrendam
564 4645 608 4714 de
626 4644 732 4714 nobis
748 4643 1024 4734 praeseferunt.
1073 4638 1166 4711 Gra·
1221 4637 1305 4720 nos,
1330 4636 1360 4707 si
1373 4637 1464 4707 serio
1479 4637 1517 4706 in
1536 4634 1692 4709 Domino
1708 4639 1948 4710 conferremus
1962 4658 1995 4714 et
2010 4644 2102 4718 iusto
2120 4661 2209 4717 tem-

177 4756 254 4812 tum
270 4760 320 4815 est
337 4749 432 4838 quod
451 4746 621 4830 monetis,
651 4749 713 4815 sed
729 4747 843 4830 dolet,
875 4745 969 4837 qnod
988 4767 1062 4813 nou
1078 4743 1166 4812 ami·
1201 4763 1307 4833 ¹pore
1338 4752 1374 4811 et
1406 4739 1529 4830 pauci,
1571 4752 1605 4807 et
1636 4739 1720 4808 solis
1745 4738 1790 4806 iis
1811 4740 1975 4812 admissis
2001 4748 2062 4840 qui
2089 4749 2208 4820 Deum

122 4932 131 4940 -
177 4844 253 4916 cius
270 4849 314 4918 de
328 4849 433 4919 nobis
448 4848 606 4933 sentitis,
639 4872 745 4942 quam
768 4849 864 4941 quod
886 4845 1070 4928 dubitetis,
1102 4866 1167 4911 nos
1220 4843 1348 4914 timent
1369 4842 1480 4924 serio,
1513 4839 1709 4932 plurimum
1732 4841 1962 4931 profecturos.
2021 4847 2210 4943 imperito-

176 4940 316 5039 pridem
340 4973 403 5019 vos
430 4950 652 5020 consulturos
677 4950 801 5039 fuisse,
845 4949 909 5016 vel'
925 4947 1040 5037 ipsum
1065 4969 1167 5034 opem
1221 4967 1301 5013 rum
1318 4943 1487 5012 clamores
1502 4941 1711 5024 metuimus,
1739 4943 1797 5010 sed
1813 4967 1920 5036 quam
1935 4950 2065 5040 perite!
2100 4950 2212 5021 Dein-

176 5053 314 5121 avobis
331 5051 601 5143 imploraturos,
633 5050 661 5118 si
676 5051 812 5120 decima
836 5074 877 5118 cx
894 5061 993 5139 parte
1015 5047 1052 5114 in
1069 5058 1167 5114 tanto
1222 5045 1266 5114 de
1282 5044 1311 5112 si
1327 5059 1498 5117 secretum
1516 5040 1663 5111 Domini
1680 5055 1799 5114 tenere
1814 5046 2002 5137 vellemus,
2027 5052 2107 5146 quis
2122 5054 2209 5123 adeo

177 5167 299 5223 nostra
321 5151 479 5225 Ecclesia
502 5151 708 5223 discrimine
728 5149 862 5224 fuisset.
923 5147 976 5217 lta
991 5148 1088 5217 dolet
1101 5141 1170 5217 hoc
1223 5145 1407 5216 clamaret!
1467 5139 1516 5212 Et
1552 5156 1639 5234 quot
1672 5158 1754 5214 sunt
1788 5140 2055 5222 honestissimae
2089 5178 2213 5225 causae
2338 5237 2341 5241 ¹

176 5278 340 5351 quoque,
375 5255 543 5350 quicquid
568 5276 634 5325 nos
652 5278 719 5346 pro
741 5247 978 5323 Ecclesiarum
996 5262 1114 5319 saneta
1136 5262 1169 5320 et
1223 5244 1459 5319 conveniendi
1474 5257 1507 5317 et
1522 5245 1723 5317 discedendi
1737 5272 1871 5337 rursus,
1893 5275 1979 5345 quas
1994 5276 2098 5325 nemo
2109 5272 2214 5350 queat

178 5353 372 5427 christiana
396 5357 586 5429 concordia
610 5357 797 5437 molimur,
836 5349 905 5425 boc
925 5375 988 5423 vos
1012 5351 1170 5424 tribuitis
1223 5346 1457 5442 improbare?
1500 5338 1808 5447 Oecolompadio,
1845 5365 1886 5423 ut
1912 5352 1979 5422 scis
2000 5353 2096 5445 Leo,
2134 5384 2214 5429 cum

233 5480 414 5548 hlrrsuru.
433 5481 535 5545 Orsa.
563 5479 646 5543 Vos.
663 5477 709 5546 X.
1450 5464 1457 5473 ’
1525 5466 1572 5537 10
