4748 6022
276 170 350 248 *119
477 237 480 241 ,
864 160 1285 257 Quntts'flontts
1318 159 1720 239 accumulent.
2228 210 2293 287 ,ω

275 350 321 420 de
332 345 467 418 tuenda
482 339 650 425 sanitate,
674 337 861 410 'constituit
870 344 1006 410 metum
1021 352 1162 432 tempus
1171 326 1273 427 ,'·nec
1323 361 1530 414 nervorum.
1586 334 1637 407 Hi
1648 336 1812 408 omnium
1827 356 1996 408 sensuum
2013 341 2172 411 actiones
2186 345 2301 434 guber

276 445 472 529 anteverti,
496 465 563 511 uec
578 439 713 511 diutius
728 441 866 511 differri
883 443 960 511 vult
975 442 1272 516 exercitationem.
1324 456 1431 523 nant,
1463 436 1520 510 his
1547 439 1873 531 languescentibus,
1911 441 2173 515 labefactantur
2194 473 2325 523 omnes

276 551 390 623 Docet
418 546 514 617 enirn
547 557 630 637 post
658 546 848 614 secundam
874 544 1071 614 coctionem
1097 548 1272 619 utendum
1323 568 1464 625 sensus,
1497 565 1561 614 nec
1582 542 1749 615 sustineri
1779 541 1931 613 intentio
1959 544 2165 616 animorum
2196 564 2325 641 potest.

276 676 350 726 esse
375 648 637 720 exercitatione.
697 643 856 715 Primam
878 647 1274 738 coctionem-intelligit,
1324 645 1445 737 Quare
1455 646 1698 729 nosmaxime,
1720 644 2024 737 quiversamurin
2039 649 2171 718 studiis
2184 655 2324 727 doctri-

278 753 413 829 cumin
429 750 628 820 ventriculo
641 747 741 818 cibus
757 749 797 816 in
815 742 980 842 chylum‚
995 749 1044 817 -id
1068 763 1139 832 est,
1165 752 1206 820 in
1228 751 1273 820 li·
1324 774 1427 834 nam,
1452 771 1574 819 curare
1592 771 1720 817 ner—vos
1735 770 1873 819 summa
1888 749 2074 840 diligentia
2089 769 2247 844 oportet.

277 877 426 953 quorem
444 852 675 944 convertitur.
728 849 928 921 Secundam
945 850 1141 921 coctionem
1160 866 1273 939 vocat,

277 984 359 1032 curn
377 957 423 1026 in
437 953 552 1047 Epute
569 950 695 1047 chylus
713 965 971 1023 transmutatur
988 952 1027 1022 in
1051 957 1274 1046 sanguinem.
1427 950 1568 1027 Accede
1594 952 1641 1022 ud
1664 950 1820 1045 reliquas
1845 951 2036 1043 particulas
2057 951 2166 1028 huius
2196 957 2321 1052 Apho-

277 1063 320 1137 ln
334 1057 392 1131 his
409 1061 546 1130 duabus
567 1056 790 1125 coctionibus
813 1077 903 1145 opus
926 1069 977 1125 est
1001 1057 1130 1149 quiete.
1181 1058 1273 1128 Nam
1325 1057 1435 1130 rismi.
1488 1053 1600 1126 Cibus
1621 1066 1657 1124 et
1681 1051 1836 1125 Somnus
1856 1056 2061 1129 conducunt
2077 1059 2320 1137 interioribus

278 1177 381 1237 motu
394 1156 656 1232 vehementiore
674 1158 851 1229 excutitur
864 1152 1002 1253 Chylns
1017 1161 1272 1231 excentriculo
1326 1157 1484 1231 Galenus
1504 1159 1554 1227 sic
1575 1156 1757 1246 intelligit:
1791 1155 1947 1228 Somnus
1973 1173 2025 1228 cst
2047 1161 2168 1247 cibus,
2204 1166 2321 1253 idest,

279 1281 343 1339 aut
358 1291 398 1336 ex
412 1261 545 1358 Epate,
570 1274 605 1332 et
622 1259 792 1351 impletur
806 1283 936 1351 corpus
951 1261 1093 1333 viciosis
1109 1257 1273 1333 humori-
1324 1263 1492 1332 conducit
1507 1258 1757 1343 interioribus,
1783 1259 1884 1351 quasi
1901 1261 2011 1346 dicat,
2037 1263 2128 1332 sicut
2144 1268 2248 1337 calor
2262 1293 2321 1338 ex-

279 1372 366 1454 bns,
407 1381 441 1437 et
471 1363 564 1433 vires
600 1362 790 1432 ventriculi
821 1378 855 1435 et
885 1357 1011 1454 Epatis
1041 1365 1274 1456 adfliguntur.
1325 1365 1454 1435 citatur
1475 1377 1574 1433 motu
1601 1362 1640 1430 in
1662 1361 1912 1445 exterioribus,
1943 1365 1990 1431 ita
2015 1386 2162 1436 somnus
2176 1387 2324 1444 revocat

281 1472 466 1542 interdum
482 1466 589 1536 etiam
607 1465 692 1534 inde
705 1465 860 1535 existunt
877 1463 1101 1542 Plenritides.
1153 1466 1275 1557 Quare
1324 1468 1477 1539 calorem
1506 1469 1550 1537 ad
1576 1463 1764 1548 interiora,
1801 1479 1835 1533 et
1859 1463 2029 1535 interiora
2051 1485 2194 1541 recreat.
2257 1467 2323 1546 Est

280 1573 432 1644 maxime
446 1563 760 1660 reprehendendus
776 1580 827 1636 est
841 1589 920 1636 mos
933 1569 1191 1659 plurimorum,
1212 1570 1274 1663 qui
1325 1571 1434 1660 igitur
1449 1568 1596 1639 mirifica
1607 1567 1747 1637 collatio
1763 1564 1886 1636 Motus
1898 1581 1933 1636 et
1943 1564 2097 1656 Quietis.
2131 1569 2325 1647 Exteriora

278 1677 396 1749 statim
420 1699 440 1743 a
463 1672 543 1741 cibo
558 1670 824 1740 contentionem
844 1671 903 1738 vel
917 1671 1076 1764 corporis
1090 1673 1148 1741 vel
1163 1671 1274 1742 animi
1326 1674 1436 1762 magis
1464 1674 1634 1742 iuvantur
1666 1667 1789 1751 Motu,
1827 1667 1999 1739 interiora
2030 1672 2142 1762 magis
2176 1673 2322 1764 Quiete.

280 1777 488 1868 suscipiunt.
548 1773 661 1864 quue
675 1772 787 1862 magis
800 1772 1040 1864 perniciosum
1056 1789 1109 1845 est
1123 1772 1274 1845 Germa-
1323 1773 1445 1863 Quare
1465 1788 1501 1845 et
1525 1785 1644 1843 motus
1659 1785 1694 1841 et
1716 1771 1845 1864 quietis
1863 1772 1957 1843 vices
1973 1772 2157 1847 distribuit
2176 1793 2322 1866 natura,

278 1883 355 1966 nis,
388 1879 555 1972 quicum
577 1875 815 1944 ventriculum
832 1896 958 1965 magna
983 1877 1078 1946 mole
1095 1877 1167 1946 eibi
1185 1901 1274 1946 one·
1324 1891 1360 1948 ct
1374 1875 1557 1947 observari
1570 1873 1736 1966 postulat.
1787 1870 1927 1945 ltaalio
1948 1874 2027 1945 loeo
2041 1876 2321 1972 inquitHippo·

277 1994 425 2066 rerunt,
451 1979 596 2068 largiter
615 1977 720 2046 etiam
739 1990 827 2068 potu
848 1978 1012 2064 diluunt,
1038 1994 1078 2049 ut
1093 1980 1194 2050 cibus
1208 2001 1275 2048 na·
1323 1993 1450 2050 crates:
1490 1976 1663 2068 Vigilanti
1693 1974 1866 2046 exteriora
1895 1977 2081 2059 calidiora,
2121 1982 2322 2055 dormienti

276 2100 357 2157 tans
374 2085 414 2152 in
434 2080 652 2164 ventriculo,
679 2081 793 2149 multo
816 2079 999 2151 difficilius
1016 2081 1127 2172 possit
1142 2104 1274 2151 conco·
1324 2096 1448 2153 contra
1472 2081 1583 2170 magis
1606 2078 1720 2148 calent
1737 2077 1932 2158 interiora.
1974 2077 2078 2151 ltem:
2105 2079 2262 2174 Sanguis
2279 2086 2322 2155 in

278 2187 352 2285 qui.
413 2183 536 2276 ltaque
560 2196 695 2251 certum
720 2182 868 2251 exitium
899 2183 969 2252 sibi
1001 2197 1186 2255 accersunt
1207 2183 1274 2269 illi,
1324 2208 1447 2254 somno
1472 2182 1583 2272 magis
1607 2182 1651 2251 ad
1674 2179 1845 2251 interiora
1865 2183 1951 2258 abit.
1979 2196 1993 2205 ‘
2008 2180 2129 2277 ltaque
2150 2198 2185 2255 et
2201 2187 2243 2254 in
2258 2188 2322 2255 in-

276 2291 339 2384 qui
361 2287 483 2359 refecti
498 2286 577 2354 cibo
597 2308 638 2353 ae
660 2298 767 2377 potu,
790 2284 908 2354 statim
927 2286 1066 2356 labores
1080 2281 1273 2356 vehemen·
1322 2285 1625 2355 flammationibus
1639 2283 1852 2352 interiorum
1862 2286 2124 2369 membrorum,
2143 2310 2218 2356 non
2231 2313 2320 2358 con·

278 2394 385 2463 tiores
409 2388 618 2480 suscipiunt.
682 2385 828 2456 Possem
850 2389 963 2459 multa
994 2390 1152 2480 exempla
1175 2412 1274 2458 com·
1323 2389 1463 2460 ceditur
1485 2388 1555 2456 nisi
1577 2385 1695 2455 brevis
1717 2406 1864 2456 somnus
1880 2387 2046 2478 aegrotis.
2099 2384 2184 2458 ldeu
2201 2404 2319 2460 antem

277 2516 475 2565 memorare
496 2490 824 2560 robustissimorum
847 2490 1039 2575 iuvenum,
1077 2491 1210 2584 quibus
1233 2491 1272 2558 in
1323 2491 1363 2561 in
1377 2515 1504 2561 somno
1520 2490 1618 2560 calor
1630 2504 1818 2558 revocatur
1831 2488 1871 2558 in
1887 2489 2079 2576 interiora,
2107 2491 2192 2584 quia
2207 2516 2318 2584 vapo-

276 2598 372 2667 ludis
387 2593 703 2684 autvoluptatibus
721 2587 967 2661 vehementior
988 2606 1128 2677 motus,
1154 2590 1272 2662 statim
1323 2618 1379 2664 res
1401 2595 1498 2664 intus
1519 2592 1555 2661 vi
1576 2589 1703 2663 caloris
1727 2584 1894 2663 e'xltalaut
1914 2593 1954 2661 in
1973 2594 2174 2663 cerebrum.
2228 2590 2319 2665 Cum

278 2711 447 2792 sequutus
467 2697 605 2778 cibum,
641 2693 788 2763 exitium
812 2693 942 2765 attulit.
997 2691 1117 2781 Quare
1133 2707 1272 2765 antece-
1322 2711 1439 2768 autem
1454 2692 1623 2766 interiora
1639 2707 1726 2764 tune
1747 2692 1909 2782 rigentur
1923 2710 1958 2765 et
1977 2694 2138 2775 alantur,
2173 2711 2208 2768 et
2224 2696 2320 2765 calor

279 2804 367 2872 dant
390 2798 553 2867 exercitia
583 2796 715 2864 cibum.
759 2793 825 2865 'Et
857 2796 940 2887 quia
965 2797 1071 2864 etiam
1095 2790 1273 2867 exhaustis
1323 2814 1530 2883 concurrat,
1562 2796 1675 2888 gignit
1696 2820 1758 2866 cor
1776 2796 1975 2888 plurimum
1997 2797 2190 2889 spirituum
2217 2797 2255 2869 in
2279 2820 2319 2868 aa

276 2900 486 2993 corporibus
508 2911 613 2967 nocet
635 2897 877 2987 motuspaulo
894 2892 1159 2985 vehementior,
1191 2900 1270 2967 ideo
1322 2902 1452 2997 quiete.
1516 2894 1738 2975 Recreantur
1773 2899 1892 2993 ltaque
1922 2899 2096 2968 interiora
2128 2901 2320 2992 praecipue

278 3001 538 3076 Galeuusillud
552 2998 827 3088 tempustribuit
841 2998 1032 3086 exercitiis,
1049 3024 1129 3070 cum
1141 3003 1272 3093 postri-
1321 2992 1401 3075 cibo
1416 3018 1449 3074 et
1465 3026 1602 3076 somno.
1653 2994 1701 3072 Et
1713 3016 1755 3072 ut
1767 3000 2064 3080 calur'revocatus
2081 3002 2120 3070 in
2136 3003 2321 3088 interiora,

277 3109 336 3177 die
351 3105 477 3176 ultima
498 3103 537 3173 fit
553 3102 687 3184 coctio,
715 3100 901 3185 videlicet,
926 3126 1007 3170 eum
1032 3100 1174 3193 sanguis
1191 3128 1272 3194 per·
1320 3106 1478 3200 perficiat
1491 3104 1705 3189 coctionem,
1731 3103 1849 3177 debite
1861 3101 1983 3182 ¹somni
1997 3117 2158 3198 tempora
2174 3122 2321 3174 serven-

277 3223 396 3280 coctus
419 3207 459 3274 in
477 3203 578 3274 venis
599 3204 635 3272 vi
658 3202 784 3273 caloris
807 3203 946 3288 vitalis,
980 3228 1086 3297 quem
1108 3203 1271 3277 Arteriae
1320 3227 1399 3295 tur,
1425 3209 1488 3302 qui
1505 3207 1657 3279 calorem
1669 3220 1831 3281 accersat.
1884 3200 1965 3287 Erit
1979 3206 2089 3297 igitur
2102 3209 2321 3277 conveniens

277 3314 376 3380 venis
401 3308 596 3400 implicitae
611 3299 811 3392 advehunt,
843 3307 995 3376 vertitur
1015 3307 1056 3376 in
1070 3309 1270 3383 nutrimen·
1322 3310 1497 3383 exercitiis
1519 3323 1657 3402 ternpus
1680 3322 1762 3387 ante
1779 3310 1951 3401 prandia,
1976 3310 2056 3379 etsi
2074 3310 2227 3404 prandia
2244 3334 2320 3379 non

276 3427 353 3485 turn
375 3409 544 3480 membris
567 3405 793 3478 conveniens.
853 3407 902 3479 Ut
925 3409 1019 3477 euim
1035 3432 1115 3479 earo
1131 3411 1270 3480 avidius
1320 3419 1465 3486 fuerunt
1487 3412 1669 3505 longiora,
1704 3425 1785 3480 ante
1818 3434 1957 3482 coenas.
2020 3412 2147 3490 Somni
2178 3426 2321 3503 tempus

203 3520 204 3524 ’
274 3516 423 3606 accipiat
454 3508 521 3582 hoc
544 3512 824 3596 nutrimentum,
854 3511 1059 3580 excitandus
1089 3526 1141 3582 est
1163 3513 1270 3582 calor.
1321 3532 1464 3610 aptum,
1494 3538 1569 3595 non
1593 3514 1701 3585 nimis
1726 3513 1834 3604 longo
1858 3512 2049 3585 intervallo
2063 3526 2144 3605 po'st
2158 3504 2322 3597 coenam,

275 3617 365 3688 lude
387 3613 540 3702 intelligi
561 3627 693 3705 potest,
721 3636 831 3705 quare
852 3608 911 3682 hic
927 3614 1056 3683 dixerit
1068 3612 1269 3708 Hippocra·
1319 3621 1380 3691 sed
1394 3632 1583 3713 postquam
1599 3619 1668 3687 iam
1689 3616 1849 3689 subsedit
1862 3616 1963 3695 cibus
1981 3619 2020 3685 in
2037 3615 2259 3698 ventriculo,
2288 3631 2321 3685 et

274 3735 343 3793 tes:
375 3716 496 3788 Labor
517 3717 661 3807 prodest
681 3715 792 3788 carni.
843 3712 1021 3785 Condueit
1043 3718 1136 3785 enim
1152 3717 1269 3809 tripli·
1320 3716 1486 3793 inchoata
1504 3738 1556 3790 est
1572 3719 1696 3794 coctio.
1748 3718 1854 3789 Tunc
1869 3720 1964 3789 enim
1982 3719 2132 3788 maxime
2145 3741 2321 3788 revocan-

274 3824 379 3906 citer,
402 3821 531 3889 excitat
545 3818 716 3898 calorem,
734 3831 774 3886 tlt
786 3816 927 3887 avidius
939 3818 1088 3909 recipiat
1101 3842 1183 3889 caro
1199 3843 1270 3890 nu·
1321 3826 1388 3895 dus
1405 3824 1508 3894 estin
1525 3821 1695 3895 interiora
1711 3822 1818 3894 calor.
1869 3820 1967 3892 Haec
1978 3820 2168 3890 intervalla
2194 3812 2226 3890 si
2241 3821 2321 3914 quis

275 3927 503 4006 trimentum,
537 3934 572 3991 et
593 3921 653 3990 fiat
671 3919 860 4008 glutinatio
879 3933 915 3989 et
929 3921 1113 3990 conversio
1129 3922 1167 3990 in
1184 3923 1269 3991 sub-
1319 3928 1547 3997 mediocriter
1571 3924 1827 4009 observaverit,
1859 3920 2004 4004 sentiet,
2039 3923 2108 3992 sibi
2124 3918 2220 3993 hanc
2235 3922 2318 3993 diti-

273 4027 439 4098 stantiem
464 4024 554 4095 aliti.
612 4018 798 4102 Secundo,
832 4035 949 4091 motus
965 4023 1109 4114 expellit
1125 4023 1269 4095 inutiles
1321 4031 1476 4120 gentiam
1494 4030 1598 4097 valde
1613 4028 1801 4119 prodesse,
1825 4020 1873 4096 Et
1889 4050 1969 4096 cum
1984 4026 2024 4094 in
2040 4025 2241 4117 praeseutia
2256 4048 2319 4094 va-

275 4128 547 4220 superfluitates.
599 4123 743 4207 Tertio,
767 4124 889 4195 reddit
907 4147 1047 4194 carnem
1065 4126 1268 4217 spissiorem
1321 4132 1480 4203 latudine
1497 4143 1617 4200 utetur
1630 4128 1807 4209 firmiore,
1841 4143 1875 4208 et
1890 4129 2006 4209 ,studia
2022 4143 2057 4229 et
2071 4129 2214 4218 negotia
2229 4126 2320 4196 faci-

274 4247 310 4304 et
333 4230 551 4303 solidiorem.
607 4224 729 4298 Eiectn
753 4224 848 4297 enirn
869 4227 991 4298 inutili
1014 4231 1269 4320 superfluitate,
1320 4235 1392 4304 lius
1416 4235 1588 4304 sustinere
1611 4232 1758 4325 poterit:
1786 4228 1882 4300 Tum
1898 4228 1983 4300 ve'ro
1999 4231 2102 4300 etiam
2122 4231 2233 4300 vitam
2250 4231 2320 4297 sibi

273 4334 401 4403 melius
416 4332 640 4420 glutinantur
654 4346 787 4422 partes,
812 4345 849 4400 et
860 4345 978 4401 motus
993 4332 1172 4402 desiccans
1186 4334 1269 4403 red·
1320 4335 1544 4429 prorogabit,
1568 4349 1601 4407 et
1614 4351 1788 4406 senectam
1797 4328 1943 4406 habebit
1952 4333 2160 4403 validiorem
2175 4346 2212 4403 et
2221 4348 2321 4402 tran·

271 4435 323 4505 dli
339 4456 487 4523 corpora
506 4432 685 4523 spissiora.
1320 4440 1536 4534 quilliorem,
1587 4435 1682 4508 Dixi.

376 4535 445 4606 Sed
470 4535 656 4604 obscurius
680 4549 748 4613 est,
775 4532 870 4626 quod
887 4533 954 4603 ait:
981 4531 1175 4617 Laborem,
1199 4526 1269 4602 hoc
1357 4542 1358 4547 ’

273 4655 343 4721 est,
366 4638 531 4708 exercitia
549 4636 716 4727 prodesse
734 4632 918 4708 Articulis.
971 4632 1063 4704 Cum
1089 4649 1205 4706 autem
1223 4637 1265 4705 ad

271 4742 441 4827 articulos
455 4740 630 4831 plurimae
647 4739 908 4832 superfluitates
925 4738 1167 4826 expellantur,
1193 4763 1268 4806 non

271 4867 369 4915 secus
392 4868 432 4913 ae
454 4844 722 4933 tempestatibus
743 4864 783 4910 ac
806 4837 939 4931 pluviis
955 4841 1149 4932 putrebunt
1164 4840 1268 4910 funes

270 4947 309 5015 in
340 4946 510 5027 navibus,
543 4945 592 5016 ita
616 4944 719 5014 nervi
748 4942 978 5014 resolvuntur
1008 4944 1047 5011 iu
1077 4943 1267 5027 musculis,

171 5112 172 5116 ,
270 5049 378 5121 obsiti
401 5047 499 5118 lento
523 5062 558 5119 et
578 5045 710 5138 frigido
735 5039 899 5117 humore.
960 5040 1065 5137 Opus
1085 5060 1136 5115 est
1160 5044 1269 5133 igitur

269 5165 368 5223 motu
387 5153 431 5221 'sd
445 5150 639 5223 eliciendos
654 5149 736 5218 illos
750 5149 866 5217 lentos
887 5143 1074 5229 humores,
1100 5162 1134 5215 et
1149 5149 1192 5213 ad

270 5257 471 5326 vocandum
492 5242 645 5324 calorem
662 5250 882 5333 naturalem,
907 5264 948 5319 ut
967 5249 1068 5316 nerv'

267 5377 419 5429 munere
437 5355 587 5449 possint.
650 5352 783 5442 Magna
800 5350 899 5437 digni
