4748 6022
59 270 192 345 sot·
320 230 323 236 ’
506 356 509 360 .
583 325 589 334 .
648 249 1496 358 quasrtouusactouutcau.
2005 254 2081 330 soe

59 434 217 516 Nemini
230 437 429 538 quicquam
451 431 634 525 debeatis,
659 434 737 507 nisi
753 443 921 504 mutuam
947 431 1041 506 dile-
1189 425 1279 499 Cum
1295 423 1544 515 igiturPaulus
1560 425 1695 519 inquit:
1720 423 1866 496 Nemini
1879 426 2076 522 quidquam

62 544 227 616 ctionem.
277 542 357 613 Hoc
371 543 509 634 insigne
523 544 675 626 dictum,
701 554 742 610 ut
757 540 946 631 plaeraque
971 542 1041 610 alia
1091 530 1265 612 debeatis,
1283 529 1359 597 vult
1377 552 1416 597 ea
1433 529 1620 618 praestari,
1637 552 1727 622 quae
1744 530 1840 599 civili
1858 530 2076 620 obligatione

59 651 100 719 in
131 644 295 737 Epistola
327 643 433 716 Pauli
454 649 497 716 ad
519 644 719 731 Romanos,
745 641 918 715 Monechi
941 646 1042 735 flagi.
1092 632 1285 713 debentur,
1322 644 1361 699 ut
1385 630 1433 698 ita
1459 630 1654 699 liberemur
1677 655 1697 700 a
1724 615 1824 701 liviti
1847 634 2077 723 obligatione,

61 751 150 824 tiose
182 760 434 839 corruperunt,
472 738 547 818 non
581 749 862 833 considerantes,
895 750 938 817 de
972 773 1041 840 qua
1094 745 1278 826 postquam
1304 731 1421 801 debita
1445 733 1612 802 dedimus
1639 748 1702 804 aut
1727 734 1884 810 lecimus.
1939 733 2104 825 intereas

63 851 281 943 obligatione
293 847 488 941 Apostolus
506 850 686 947 loquatur,
712 851 784 918 imo
801 874 845 918 ne
862 850 1042 919 somniare
1095 850 1213 905 tamen
1235 848 1404 926 perpetua
1427 849 1484 952 cst·
1499 836 1668 924 obligatio
1693 837 1815 906 divina
1836 852 1870 909 et
1893 837 2076 923 naturalis,

63 956 227 1049 quidem,
258 953 347 1047 quid
366 950 500 1023 Paulus
524 953 667 1029 tandem
695 952 800 1036 velit,
837 966 1040 1043 potuerunt.
1092 938 1772 1032 <1⁰³⁸⁰⁸1Perpeluafflleclffipfflxiffli·

60 1053 141 1129 Etsi
158 1069 275 1126 autem
292 1050 384 1124 hauc
399 1053 503 1126 Pauli
527 1055 739 1125 sententiam
758 1079 777 1122 a
794 1052 1040 1145 Praeceptori-
1308 1066 1318 1156 ⁵.
1338 1139 1347 1157 .

61 1161 130 1230 bus
162 1157 293 1228 nostris
316 1180 417 1248 saepe
441 1157 567 1247 agitari
588 1172 623 1228 et
643 1146 809 1250 explicari
834 1154 1042 1250 audiatis¹')‚
1204 1136 1454 1210 Erudrussime
1483 1141 1592 1230 igitur
1627 1141 1790 1211 distinxit
1820 1140 1952 1213 Paulus
1982 1143 2078 1210 obli-

62 1275 182 1333 tamen
200 1259 413 1353 repetitiotet
425 1259 580 1329 illustrat
596 1284 692 1344 eam,
720 1274 753 1330 et
773 1272 866 1328 recte
886 1261 1043 1328 sentien-
1094 1244 1283 1335 8³¹5⁰1¹²¹¹¹·
1348 1240 1542 1333 Praecipit,
1587 1255 1627 1314 ¹1¹
1660 1245 1779 1313 debila
1808 1245 1908 1314 Civili
1939 1244 2077 1333 Obliga·

62 1377 114 1433 tes
138 1362 343 1447 confirmat,
381 1375 427 1432 ut·
445 1359 632 1453 Epictetus
658 1362 792 1454 inquit:
835 1359 917 1430 Non
939 1363 1042 1432 facite
1094 1347 1191 1417 tione
1218 1358 1452 1437 praestemus,
1495 1360 1528 1416 et
1560 1341 1619 1416 his
1650 1345 1741 1415 datis
1767 1360 1876 1415 cessat
1906 1346 2076 1436 obligatio

62 1478 198 1535 mentes
215 1466 340 1552 dogma
356 1463 501 1558 aliquod
518 1463 666 1532 firmiter
680 1462 855 1555 amplecti,
869 1463 939 1532 nisi
952 1490 1043 1559 quo·
1094 1449 1221 1519 civilis·
1280 1444 1363 1516 ld⁰⁰
1395 1446 1496 1517 dici&
1550 1445 1693 1516 Nemini
1725 1447 1920 1540 quidquam
1949 1451 2078 1518 debea-

63 1567 150 1637 tidie
169 1567 291 1635 eadem
305 1579 341 1637 et
357 1566 477 1636 dicant
493 1578 526 1635 et
543 1567 709 1651 audiant,
736 1581 769 1635 01
784 1591 884 1635 veras
900 1581 1043 1638 senten.
1095 1552 1162 1636 tis,
1185 1551 1220 1619 id
1238 1563 1310 1635 est,
1334 1562 1507 1641 praestate
1523 1549 1640 1620 debita
1657 1551 1754 1619 civili
1770 1549 2004 1638 obligatione,
2030 1551 2078 1621 ita

63 1668 130 1739 tias
148 1669 186 1736 iri
203 1666 276 1739 vita
290 1669 335 1736 ad
352 1691 455 1738 usum
469 1668 694 1742 transierant.
745 1666 800 1740 Ac
816 1693 882 1739 nos
898 1671 1043 1762 quidem
1097 1665 1207 1722 cessat
1237 1647 1323 1721 haec
1355 1652 1537 1741 Obligati&
1602 1652 1673 1723 Sed
1708 1651 1934 1721 dilecllffllem
1970 1653 2079 1721 debe·

65 1771 104 1839 in
122 1793 203 1840 vera
218 1767 384 1862 ¹[Ecclesia
397 1766 492 1864 pei,
516 1795 653 1841 errores
672 1773 845 1856 refutare,
872 1796 1042 1866 verasque
1096 1756 1198 1835 billss
1224 1754 1262 1823 id
1277 1766 1345 1833 ⁰⁵¹2
1369 1767 1490 1824 manet*
1509 1778 1647 1846 semper
1661 1754 1832 1843 ObligallO
1850 1755 2022 1823 naluralls
2044 1768 2078 1824 el

64 1872 254 1943 sententias
267 1887 387 1956 tenere
402 1874 588 1966 praecipue
606 1886 756 1965 oportet.
1096 1858 1220 1928 divina
1252 1857 1295 1925 ad
1328 1855 1552 1926 dilectionem
1587 1858 1626 1926 in
1660 1859 1783 1941 corde,
1818 1869 1853 1925 et
1882 1857 1926 1924 ad
1962 1857 2075 1926 multa

989 1966 992 1971 ’
1096 1958 1210 2029 officia
1236 1983 1309 2027 non
1343 1959 1459 2027 debita
1493 1960 1590 2028 civili
1625 1958 1859 2048 obligatione,
1891 1972 1930 2027 ut
1962 1958 2076 2028 Laza-

163 2059 277 2131 Porro
302 2063 345 2128 ad
367 2055 436 2128 boc
457 2060 589 2129 dictum
613 2058 733 2129 Pauli:
772 2057 918 2130 Nemini
944 2064 1044 2158 quic·
1097 2086 1137 2130 ro
1160 2085 1234 2130 non
1257 2060 1407 2130 debebat
1426 2060 1535 2130 Dives
1558 2062 1654 2130 civili
1678 2061 1916 2151 obligatione,
1942 2063 2002 2129 sed
2026 2075 2080 2131 ta-

62 2187 168 2258 quam
194 2161 352 2231 debeatis
381 2161 448 2228 nisi
482 2176 641 2231 mutuam
675 2163 922 2249 dilectionem,
952 2181 1044 2237 recte
1096 2185 1180 2230 men
1203 2164 1354 2232 debebat
1376 2163 1531 2231 naturali
1558 2164 1727 2233 etdivinn
1747 2163 1965 2251 obligatione
1987 2164 2078 2232 dile-

62 2263 347 2349 intelligendum,
363 2275 526 2332 teneatur·
539 2258 625 2334 haec
642 2265 822 2334 distinctio
839 2263 944 2354 plena
963 2293 1043 2337 eru-
1096 2265 1250 2334 ctionem
1282 2265 1320 2331 in
1349 2265 1478 2347 corde,
1519 2279 1553 2334 et
1587 2279 1729 2334 externa
1759 2265 1947 2350 beneficia,
1988 2290 2079 2356 quae

62 2363 209 2435 ditionis
226 2365 270 2432 de
284 2364 579 2454 obligationibus:
612 2363 694 2435 Atia
713 2368 888 2436 debentur
907 2371 1044 2460 obliga·
1095 2379 1541 2458 tuncpraestarepoterat.
1594 2364 1696 2435 Hanc
1711 2366 1938 2436 dilectionem
1954 2367 2077 2436 deberi

28 2494 33 2503 ¹
63 2468 161 2537 tione
177 2466 350 2546 naturali,
378 2491 452 2535 non
467 2467 583 2552 civili,
611 2468 648 2535 id
676 2482 747 2552 est,
775 2472 818 2538 ad
835 2493 925 2560 qnae
942 2496 1044 2562 prae·
1095 2469 1256 2561 proximo
1278 2466 1412 2537 Paulus
1435 2468 1622 2558 intelligit,
1648 2494 1737 2562 quae
1759 2484 1810 2538 est
1828 2469 1989 2551 effectus,
2016 2469 2080 2563 qui

63 2571 189 2640 standa
211 2566 442 2657 Magistratus
466 2570 539 2638 suis
561 2570 685 2660 poenis
705 2595 779 2639 non
803 2572 896 2659 cogit
923 2569 1042 2643 homi·
1095 2571 1332 2639 inconversis
1355 2572 1559 2641 accenditur
1582 2595 1600 2640 a
1624 2570 1760 2661 Spiritu
1779 2574 1918 2641 sancto.
1971 2569 2080 2641 Hunc

61 2697 165 2755 nem,
192 2683 233 2741 ut
256 2671 306 2751 is,
333 2670 396 2764 qui
417 2671 561 2742 affectus
587 2685 639 2740 est
663 2673 852 2757 beneficio,
887 2675 1041 2745 vicissim
1094 2673 1255 2742 effectum
1280 2673 1448 2742 debemus
1474 2675 1654 2763 proximo,
1679 2675 1722 2742 de
1746 2699 1818 2766 quo
1842 2672 1969 2742 effectu
1982 2671 2079 2743 Pau-

61 2776 166 2844 debet
181 2773 291 2843 animi
307 2773 580 2861 gratitudinem,
605 2799 678 2842 non
694 2776 911 2864 obligatione
931 2778 1042 2863 civili,
1094 2775 1149 2842 lus
1167 2776 1209 2842 ad
1225 2771 1409 2843 Romanos
1427 2774 1605 2866 loquitur,
1632 2789 1665 2844 et
1683 2777 1715 2843 1.
1731 2770 1894 2847 Corinth.
1912 2775 1970 2848 13.
2017 2775 2076 2847 Ad

61 2878 122 2946 sed
150 2875 315 2945 naturali.
375 2872 471 2943 Hinc
496 2876 600 2944 etiam
624 2872 871 2945 iurisconsulti
902 2881 1057 2960 erudite,
1094 2870 1186 2944 banc
1209 2877 1436 2945 dilectionem
1471 2871 1578 2947 homo
1613 2900 1751 2972 semper
1778 2877 1954 2965 obligatus
1980 2891 2078 2948 esta

62 2979 248 3061 dixerunt,
273 2999 340 3053 nos
357 2976 565 3048 naturaliter
579 2977 729 3067 obligari
748 2973 949 3073 ἀντίδωρα.
993 2978 1042 3052 Et
1094 2978 1190 3063 Deo,
1229 2979 1325 3049 iuxta
1359 2978 1510 3047 dictum:
1562 2978 1699 3069 Diligas
1732 2976 1928 3048 Dominum
1962 2976 2079 3049 Deum

60 3103 263 3174 quanquam
279 3077 509 3168 Magistratus
532 3105 629 3165 non,
662 3081 732 3148 nisi
754 3081 792 3148 in
818 3081 938 3170 paucis
961 3106 1040 3170 gra·
1093 3092 1194 3149 tuum
1217 3105 1258 3149 ex
1280 3083 1495 3166 totocorde,
1520 3098 1555 3153 et
1577 3082 1778 3173 proximum
1805 3096 1906 3151 tuum
1929 3081 2019 3150 sicut
2044 3096 2079 3152 tc

58 3184 167 3254 dibus
183 3182 288 3271 punit
310 3181 486 3270 ingratos,
512 3196 630 3253 tamen
654 3178 760 3252 huius
782 3208 924 3276 quoque
946 3185 1040 3253 obli·
1092 3181 1218 3269 ipsum.
1269 3181 1338 3252 Sed
1363 3176 1470 3252 buius
1491 3183 1664 3255 uberrimi
1687 3183 1965 3276 amplissimique
1992 3183 2078 3255 dicti

59 3284 213 3376 gationis
237 3283 293 3351 vel
318 3283 406 3351 iuris
423 3298 569 3355 naturae
592 3299 709 3355 custos
725 3299 759 3354 et
776 3301 941 3356 executor
966 3311 1039 3357 csse
1091 3280 1252 3352 Paulini:
1277 3281 1422 3352 Nemini
1438 3287 1632 3379 quidquam
1658 3286 1814 3355 debeatis
1833 3286 1901 3354 nisi
1917 3299 2078 3356 mutuam

59 3387 222 3457 debebat.
274 3382 358 3454 l'deo
381 3409 456 3455 non
478 3389 685 3468 crudeliter,
716 3391 776 3457 sed
802 3388 891 3459 iuste
913 3387 1038 3459 Persae
1092 3386 1334 3454 dilectionem:
1370 3387 1641 3475 explicationem
1672 3388 1861 3475 largiorem
1896 3389 2077 3481 magisque

59 3491 215 3578 ingratos
230 3487 394 3582 ἰσχυρῶς
406 3490 567 3583 puniisse
584 3492 767 3574 videntur,
785 3503 825 3559 ut
836 3487 1038 3583 Xenophon
1090 3501 1286 3556 accuratam
1306 3487 1469 3578 relinquo
1487 3487 1699 3558 Reverendo
1713 3502 1746 3556 et
1763 3489 1967 3556 doctissimo
1985 3492 2075 3570 viro,
2201 3482 2204 3489 ’

58 3592 127 3675 ait,
160 3615 201 3659 ac
227 3613 348 3659 causas
375 3589 506 3660 multas
538 3593 782 3680 gravissimas,
816 3615 880 3660 cur
912 3593 1037 3663 Persae
1089 3586 1236 3659 Doctori
1260 3581 1423 3680 Georgia
1446 3583 1615 3675 Maiori,
1642 3615 1746 3685 quem
1772 3590 1902 3659 obnixe
1925 3615 2009 3674 oro,
2036 3603 2077 3661 ut

58 3691 158 3784 gravi
170 3690 343 3782 supplicio
360 3690 399 3758 in
418 3692 574 3779 ingratos
588 3693 924 3778 animadverterint,
940 3720 1037 3764 com·
1088 3715 1145 3759 me
1168 3704 1274 3784 atque
1296 3690 1385 3759 alios
1411 3692 1555 3779 docere,
1581 3709 1616 3765 et
1638 3689 1729 3763 banc
1753 3692 1996 3786 quaestionem
2010 3693 2076 3762 'ex-

57 3805 242 3863 memorat.
292 3788 712 3883 llaecobligatiodivina
730 3810 793 3885 est,
820 3796 916 3865 iuxta
934 3823 1036 3889 prae·
1089 3793 1233 3885 planare
1251 3792 1347 3867 velit.
1399 3791 1497 3868 Dixi.

57 3908 216 3986 ceptum:
241 3889 378 3981 Diligas
399 3895 600 3985 proximum
622 3911 723 3968 tuum
747 3900 837 3967 sicut
858 3912 892 3968 te
909 3900 1035 3991 ipsum.

57 3995 277 4068 Periclitanti
296 3995 333 4063 in
350 3996 451 4088 aquis
467 3998 599 4069 debent
610 4001 779 4092 opitulari
794 4002 855 4070 alii
872 4026 1037 4092 praesen-

55 4113 128 4184 tes,
154 4100 183 4168 si
201 4111 360 4190 possunt.
411 4095 522 4170 Dives
539 4103 711 4191 praesenti
727 4102 862 4174 Lazaro
885 4107 1037 4175 debebat

55 4226 159 4293 opem
175 4201 276 4273 terre.
309 4197 407 4271 Haec
423 4203 605 4298 multaque
620 4205 918 4289 alia,liberaliter
932 4233 1035 4300 prae·
1190 4209 1297 4283 Nulla
1315 4229 1366 4287 est
1387 4218 1572 4287 ardentior
1593 4243 1661 4287 vox
1684 4218 1722 4286 in
1744 4219 1842 4288 coelo
1864 4217 1957 4289 etin
1981 4231 2075 4288 terra

54 4318 147 4375 stare
176 4304 366 4386 debemus,
402 4306 542 4377 tametsi
566 4305 797 4396 Magistratus
825 4311 1036 4409 nonliubet.
1088 4339 1247 4407 unquam
1271 4317 1412 4402 audita,
1436 4313 1504 4387 hac
1525 4344 1612 4389 voce
1632 4319 1697 4389 filii
1720 4317 1806 4405 Dei,
1838 4320 1878 4389 in
1903 4334 2077 4413 quaerat

55 4404 150 4477 Sunt
173 4407 269 4474 enim
289 4405 523 4495 obligationis
544 4423 578 4480 et
598 4409 687 4480 iuris
704 4423 870 4492 naturae,
897 4411 1036 4509 quae²)
1089 4430 1273 4489 aeternum
1295 4433 1449 4509 patrem,
1480 4432 1523 4490 ut
1544 4422 1666 4507 saciat,
1697 4435 1738 4492 ut
1761 4446 1873 4492 unum
1898 4422 2009 4494 simus
2035 4422 2075 4491 in
2101 4465 2108 4483 x

56 4506 226 4597 obligatio
239 4528 314 4575 non
329 4523 451 4580 cessat.
1089 4523 1178 4610 ipso.
1230 4518 1302 4595 Nec
1318 4520 1467 4591 dubium
1493 4534 1561 4608 est,
1589 4519 1686 4614 hunc
1706 4538 1868 4595 nostrum
1895 4549 2074 4595 summum

284 4690 293 4708 ,
564 4645 572 4657 ⁸
1088 4623 1316 4695 Sacerdotem
1329 4624 1378 4694 ab
1394 4637 1537 4694 aeterno
1552 4639 1671 4716 patre,
1694 4650 1833 4719 semper
1854 4621 1923 4694 hoc
1944 4640 2074 4718 petere.

158 4691 229 4763 sed
247 4690 316 4786 ³¹¹³
333 4706 432 4777 ἨΠΒ
455 4719 545 4788 ‘³¹¹2‘
563 4699 738 4772 debemus
751 4702 969 4795 ⁰b¹lgtlf⁰¹¹⁰
985 4705 1037 4773 Εἰ·
1060 4796 1062 4801 ,
1089 4725 1214 4794 Servat
1229 4725 1337 4813 igitur
1358 4726 1513 4819 aliquem
1531 4743 1687 4812 coetum,
1713 4730 1773 4820 qni
1792 4741 1908 4796 tamen
1926 4741 1977 4796 est
2000 4728 2074 4795 exi-

55 4795 140 4880 vili,
158 4808 197 4863 ut
211 4794 325 4862 facere
342 4808 502 4912 externas
517 4823 640 4888 operas
656 4803 863 4896 imperatas,
881 4809 1036 4877 autdare
1090 4848 1196 4913 gum,
1223 4826 1304 4917 quia
1328 4829 1431 4897 mum
1457 4843 1692 4919 aspernamur
1712 4823 1804 4895 hanc
1821 4826 2073 4919 memnonem,

56 4911 307 4979 rflffllefflass
334 4920 521 4986 Pecumam
546 4916 608 4971 ³¹¹1
627 4908 928 4991 m²r⁶⁰⁵d0bll³⁵2
954 4908 1035 4998 ‘1⁰3³
1090 4941 1125 4994 et
1140 4926 1621 4997 delectanturdilacerationc
1636 4927 1824 5002 Ecclesiae.
1877 4929 1948 5001 Sed
1969 4931 2008 5000 in
2026 4931 2074 5000 it·
2132 4962 2138 4972 ·

1402 4038 1581 4126 Responsio
1602 4040 1767 4109 Doctorir.

53 4995 121 5070 ¹¹³⁰
155 5012 442 5089 c⁰¹¹¹P⁰¹¹⁸²¹¹¹⁰¹¹e
472 4999 629 5085 missata,
660 5007 863 5078 ⁸⁰⁰i⁰¹³le¹¹¹
899 4996 1037 5097 &eberis
1090 5027 1136 5096 lis
1151 5030 1437 5099 coniunctionem
1453 5042 1591 5114 tuetur,
1618 5031 1680 5123 qui
1698 5032 1853 5121 studium
1876 5032 1980 5103 etiam
2006 5028 2072 5101 ba-

53 5100 203 5174 humanl
222 5100 385 5192 dl⁵³lP³¹⁸l
404 5122 544 5171 ”000550
562 5115 624 5172 ⁰⁸¹·
1090 5131 1175 5199 bent
1197 5132 1423 5215 concordiae,
1449 5132 1493 5200 de
1517 5157 1588 5225 quo
1612 5133 1716 5202 toties
1734 5135 1918 5225 praecipit.
1969 5134 2070 5206 Sicut

49 5277 247 5294 μ..-
672 5314 677 5327 Ι
879 5243 881 5249 ’
1091 5246 1122 5301 et
1143 5226 1201 5299 hic
1219 5233 1297 5300 vult
1312 5256 1377 5300 nos
1399 5256 1537 5321 semper
1562 5236 1690 5306 debere
1714 5237 1940 5308 dilectionem
2004 5232 2071 5305 Est

88 5369 114 5434 1)
135 5365 228 5419 tiber:
247 5365 362 5417 auditis.
874 5373 876 5377 v
1090 5348 1206 5403 autem
1224 5333 1362 5420 elegans
1378 5331 1591 5419 Antithesis,
1619 5363 1698 5408 cum
1714 5340 1779 5408 ait:
1813 5335 1915 5408 Nihil
1933 5287 2068 5418 debete,

86 5455 115 5524 ι)
132 5454 217 5524 quae]
237 5451 309 5506 tiber
326 5453 403 5520 qua.
661 5500 665 5515 ,
1091 5450 1123 5508 et
1148 5436 1373 5506 dilectionem
1399 5438 1533 5514 debete.
1585 5438 1731 5513 Necesse
1752 5454 1804 5512 est
1827 5441 1935 5531 igitur
1949 5441 2069 5534 dupli-
