4748 6022
163 187 240 266 797

749 179 1168 282 ouansrmnas
1219 176 1630 259 acananncaa.

2126 177 2202 253 tes

167 389 251 438 vero
267 356 514 458 Hyperbolcm
539 358 579 430 in
600 305 695 431 libro
711 356 945 430 Decretorum
965 382 1073 454 quam
1098 381 1157 428 cc·
1208 379 1349 427 necesse
1365 369 1428 428 est.
1474 355 1549 428 Nec
1564 357 1663 428 aliud
1680 354 1865 450 pulchrius
1878 370 1931 429 est
1945 356 2198 450 spectaculum,

165 466 302 549 citasti,
325 467 364 532 in
382 486 452 558 qua
468 462 600 532 dicitur
616 465 747 532 frustra
763 459 1156 550 servariEvangelinm,

165 570 195 640 si
212 593 289 639 non
305 578 493 636 serventur
510 562 674 636 Canones
688 563 939 658 synodorum,
965 562 1155 655 simplicis-

166 672 255 741 sima
281 667 465 761 responsio
492 679 558 738 εει.
610 666 693 738 Νοιι
719 689 793 735 εεεε
816 666 1014 737 ludendum
1040 665 1156 734 ambi-

165 772 362 865 guitatibus
385 784 420 842 et
434 765 623 839 cothurnis
644 768 682 838 in
699 763 876 855 Ecclesia,
898 770 959 839 secl
983 767 1155 860 explicate

167 876 358 946 dicendum
377 895 468 965 quae
485 870 647 942 doctrina
664 870 880 956 necessaria,
904 894 994 964 quae
1012 894 1087 938 non
1111 869 1156 939 sit

166 975 382 1060 neccssaria,
406 975 451 1044 de
467 996 537 1068 qua
561 997 600 1042 re
616 999 635 1043 a
652 972 757 1043 nobis
779 973 867 1043 alias
889 997 992 1066 saepe
1020 972 1156 1042 dictum

167 1093 230 1154 est.
262 1075 359 1153 Diri.

900 1446 1154 1530 asangasso.

192 1447 261 1519 No.
277 1442 341 1519 48.

173 1542 346 1574 w·-
923 1541 1137 1577 sm

235 1646 267 1703 lu
281 1644 447 1715 Quaestion.
459 1665 488 1716 p·
503 1645 539 1700 96
550 1662 592 1715 sq.
629 1642 696 1698 ltesn
713 1642 742 1697 in
754 1642 823 1698 Met.
836 1641 943 1698 Consil.
959 1642 992 1701 P.
1008 1642 1043 1698 ll.
1058 1662 1085 1710 p.
1096 1643 1155 1699 122.

271 1727 299 1768 st
314 1717 341 1769 in
355 1716 457 1770 Select.
473 1716 597 1769 nectam.
608 1714 643 1767 Τ.
663 1714 712 1768 lll·
729 1733 755 1785 p.
767 1712 828 1771 790.
847 1725 873 1768 ct
891 1717 920 1771 in
934 1716 1026 1768 Tomis
1045 1712 1154 1769 Eriorsl.

270 1783 311 1841 lit.
325 1784 358 1841 Ζ,
371 1785 400 1840 Ξ.
436 1784 564 1840 Richard.
577 1782 611 1837 Τ.
626 1780 674 1840 lll.
693 1803 719 1855 p.
733 1783 794 1840 46⁵.

169 1950 343 2043 opaestto
368 1949 537 2016 recitato
563 1965 587 2014 α
606 1945 710 2039 an.
726 1939 915 2014 Andreo
929 1943 1153 2032 Mustiae,

317 2044 591 2131 Rostocbinno,
618 2043 655 2115 d.
687 2044 743 2118 tt.
769 2045 862 2140 desp.
892 2042 1000 2119 1550.

165 2181 269 2267 Nota
296 2203 349 2260 est
375 2190 477 2261 vohis
502 2191 721 2259 consuetudo
747 2184 917 2271 Scholae,
950 2214 1041 2285 quae
1073 2212 1153 2260 cum

166 2292 410 2364 necessitatem
428 2286 519 2360 mihi
536 2286 696 2362 hocloco
713 2292 854 2362 dicendi
871 2292 1047 2383 imponat,
1074 2304 1154 2383 peto

167 2410 367 2486 utrunque,
402 2406 436 2464 et
457 2407 497 2464 ut
524 2392 665 2462 veniam
689 2388 781 2463 mihi
798 2394 888 2464 detis
911 2395 949 2463 in
969 2407 1066 2465 tanta
1083 2395 1154 2462 tre-

168 2496 333 2592 quentia,
359 2509 393 2566 et
414 2495 452 2563 in
476 2494 541 2565 tali
561 2495 743 2565 seniorum
760 2519 927 2565 consessu
941 2495 1093 2575 dicenti,
1120 2508 1154 2565 et

168 2613 209 2672 ιιι
232 2622 345 2668 meam
368 2598 566 2667 orationem
589 2596 678 2666 boni
689 2596 907 2671 consulatis.
965 2596 1155 2688 Sapienter

170 2715 288 2772 autem
314 2699 518 2770 institutum
546 2710 617 2783 est,
650 2713 693 2770 ut
721 2723 786 2769 nos
819 2700 977 2769 iuniores
1012 2710 1151 2768 tantum

170 2801 414 2898 quaestionem
437 2805 697 2892 proponamus,
730 2815 771 2871 ut
792 2802 928 2871 occasio
949 2800 1153 2901 senioribus

170 2907 283 2977 detur.
342 2902 433 2973 Nam
462 2898 591 2972 borum
621 2924 873 2991 congressuum
903 2916 1152 2973 ornamentum

169 3006 399 3099 praecipuum
431 3018 501 3086 est,
539 3026 620 3072 vera
645 3005 690 3072 dc
720 3005 827 3073 rebus
849 3003 973 3088 bonis,
1004 3017 1039 3073 ct
1060 3003 1153 3074 vitae

168 3109 319 3180 utilibus
351 3107 477 3180 oratio.
537 3104 660 3199 ltaque
685 3130 766 3176 cum
789 3105 929 3198 sapiens
950 3105 1154 3199 antiquitas,

168 3210 207 3280 id
223 3211 320 3303 quod
344 3209 485 3278 facilius
509 3220 579 3291 est,
604 3222 638 3278 et
654 3221 794 3278 nostrae
811 3208 917 3279 aetati
935 3208 1154 3278 convenien-

168 3312 259 3396 tius,
284 3310 389 3380 nobis
407 3310 645 3401 mandaverit,
668 3310 834 3382 videlicet
855 3310 1154 3404 utqnaestioncm

170 3427 309 3486 tantum
343 3436 603 3504 proponamus,
639 3412 810 3484 libentius
847 3415 1072 3502 obtempero:
1120 3423 1155 3481 et

169 3511 238 3587 hoc
257 3539 375 3586 meum
391 3516 546 3585 officinm
563 3515 709 3585 caeteris
729 3516 893 3604 prodest,
921 3514 985 3607 qui
1001 3513 1154 3604 explica-

170 3619 306 3690 tionem
316 3610 541 3709 'quaestionis
562 3613 751 3685 aDoctnre
764 3616 894 3685 deinde
911 3615 1070 3688 audient.

272 3715 364 3788 Cum
380 3732 497 3787 autem
514 3740 611 3786 nunc
632 3719 676 3786 de
692 3714 840 3810 Synodo
863 3718 1058 3788 multorum
1081 3739 1156 3786 ser·

172 3841 295 3889 mones
308 3818 513 3901 audiantur,
533 3833 567 3888 et
581 3818 687 3907 digna
705 3819 851 3889 materia
868 3820 913 3889 sit
928 3815 1074 3889 homine
1090 3821 1155 3888 ‹10-

172 3934 249 4005 cto,
275 3920 448 4009 cogitare,
480 3919 597 4012 qualia
620 3944 758 4012 semper
780 3922 915 3992 suerint
936 3921 975 3990 in
996 3918 1154 3991 Ecclesia

170 4021 399 4118 Synodoruns
416 4022 566 4101 iudicia,
594 4035 630 4093 et
642 4045 733 4116 quae
746 4023 794 4094 sit
808 4048 929 4095 earum
945 4018 1155 4108 authoritas,

172 4125 257 4194 inde
278 4123 521 4218 quaestionem
545 4125 698 4217 sumpsi:
750 4121 888 4198 Utrum
911 4149 991 4194 eum
1016 4126 1057 4194 in
1080 4121 1155 4195 Ec·.

173 4223 284 4297 clesin
300 4248 438 4296 necesse
454 4223 506 4295 sit
520 4248 595 4296 esse
617 4221 758 4296 indicio
774 4222 818 4296 de
831 4223 1022 4314 doctrino,
1047 4222 1079 4296 et
1096 4227 1157 4296 in-

171 4318 484 4424 terpretationem,
514 4336 546 4398 et
568 4351 714 4398 summa
738 4325 880 4400 iudicia
904 4329 981 4400 sint
998 4324 1157 4424 Synodi,

173 4426 281 4501 licent
297 4428 464 4524 obligare
479 4424 664 4516 domines,
691 4440 731 4502 ut
752 4431 992 4525 obtemperent
1008 4426 1159 4526 Synodi

137 4586 140 4591 .
173 4529 490 4622 interpretationi,
514 4557 578 4605 seu
601 4528 787 4623 iudicato,
812 4543 1012 4635 antequam
1028 4532 1155 4618 norint

173 4627 270 4731 quid
282 4627 458 4703 decretum
471 4633 547 4705 sit?

202 4820 205 4829 Ἰ
277 4731 320 4803 ln
346 4729 456 4804 huius
486 4739 700 4830 quaestionis
733 4733 965 4832 explicatione
990 4739 1154 4830 'primum

172 4830 241 4906 hoc
257 4836 484 4907 manifestum
503 4852 575 4922 est,
600 4841 691 4910 velle
700 4839 832 4926 Deum,
858 4857 898 4912 ut
912 4844 957 4913 sit
974 4841 1155 4930 publicum

172 4938 412 5008 ministerium
428 4936 617 5028 Evangelii
634 4941 671 5009 in
688 4938 865 5022 Ecclesia,
892 4967 956 5010 nec
971 4942 1018 5024 sit
1034 4955 1157 5034 tyran-

173 5039 248 5120 nis,
274 5042 335 5109 sed
358 5065 438 5110 cum
460 5041 625 5110 incidunt
647 5043 924 5125 controversiae,
949 5042 1155 5110 deserantur

171 5144 216 5214 ad
238 5156 347 5213 totam
364 5139 580 5227 Ecclesiam,
604 5142 695 5213 sicut
709 5145 878 5236 scripturn
896 5154 964 5213 est:
997 5138 1065 5211 Dic
1083 5139 1155 5213 Ec·

172 5245 308 5315 clesiae.
363 5241 471 5316 Item:
504 5245 665 5315 siluerit
690 5247 828 5315 sedenti
853 5245 1067 5329 revelatum,
1102 5257 1155 5314 ta-

171 5359 246 5419 ccat
259 5346 371 5440 prior.
408 5346 574 5444 Synodos
591 5347 701 5439 igitar
717 5346 757 5417 in
772 5342 930 5419 Ecclesia
948 5347 1154 5438 congregari

1208 483 1315 554 qnam
1341 460 1421 530 talis
1445 474 1583 545 coetus,
1619 461 1735 554 qualis
1758 462 1826 533 luit
1851 457 2128 554 Apostolorum,
2159 470 2196 529 ct

1206 561 1381 648 aliorum,
1404 561 1465 657 qui
1483 562 1612 654 passim
1629 577 1830 654 sparserant
1842 560 2091 653 Evangelium,
2105 585 2195 632 con-

1206 662 1381 755 gregatio,
1415 688 1506 757 quae
1529 664 1698 736 recitatur
1719 667 1758 735 in
1784 661 1885 737 Actis
1905 690 1980 759 cap.
2009 659 2068 737 15.
2119 661 2193 735 Nec
2294 710 2299 722 ·

1205 767 1283 836 vult
1300 761 1397 836 Deus
1416 766 1491 834 fieri
1515 766 1763 859 dissipationes
1779 768 1956 854 infinitas,
1979 767 2101 862 quales
2127 764 2191 835 be·

1206 881 1303 951 rent,
1329 867 1358 935 si
1382 866 1514 957 singuli
1540 892 1620 939 suas
1642 873 1812 964 quasdam
1833 870 2022 962 opiniones
2043 867 2194 939 commi-

1205 970 1446 1054 niscerentur,
1477 995 1542 1040 nec
1563 974 1798 1045 convenirent
1821 974 2002 1053 doctores,
2028 995 2093 1042 nec
2117 968 2194 1041 col·

1205 1072 1286 1142 latis
1314 1072 1497 1142 sententiis
1526 1087 1692 1145 curarent
1724 1088 1977 1146 extare·unam
2008 1073 2192 1143 doctrinae

1204 1197 1341 1248 vocem.
1395 1171 1486 1246 Cum
1502 1174 1612 1265 igitur
1626 1175 1793 1271 Synodos
1809 1201 1883 1248 esse
1899 1198 2039 1248 necesse
2056 1174 2122 1256 sit,
2142 1173 2193 1243 sic

1196 1288 1455 1368 argumentor:

1254 1427 1444 1516 Iudicium,
1459 1431 1516 1501 cni
1529 1454 1604 1500 non
1624 1436 1971 1523 necesse'estparere,
1987 1431 2115 1502 inutile
2128 1441 2192 1503 cst.

1253 1529 1423 1622 Cognitis
1446 1533 1485 1602 in
1502 1531 1657 1630 Synodis
1678 1547 1731 1605 cst
1753 1557 1931 1605 summum
1953 1533 2128 1605 iudicium
2152 1532 2193 1601 in

1313 1630 1485 1708 Ecclesia.

1255 1732 1404 1806 Necesse
1420 1751 1472 1808 est
1488 1735 1598 1828 igitur
1611 1760 1748 1831 parere.

1308 1903 1357 1978 Ut
1382 1906 1494 1996 igitur
1513 1907 1562 1979 sit
1584 1908 1665 1977 finis
1687 1909 1973 1995 discordiarum,¹
1994 1921 2087 1980 recte
2107 1909 2193 1980 facit

1203 2020 1358 2105 potestas
1380 2010 1544 2097 obligans
1560 2005 1741 2096 homines,
1766 2026 1807 2082 nt
1822 2014 2087 2104 obtemperent,
2109 2034 2191 2081 cum

1204 2109 1341 2203 alioqui
1356 2134 1479 2202 parere
1503 2135 1645 2182 neccsse
1668 2113 1725 2186 sit.
1777 2111 1933 2184 Haecin
1956 2112 2111 2206 politicis
2133 2113 2192 2203 ip-

1206 2211 1311 2282 diciis
1325 2213 1373 2283 ita
1389 2212 1465 2282 fieri
1481 2214 1707 2285 manifestum
1724 2228 1785 2288 est.
1841 2213 1962 2286 Potest
1984 2238 2109 2306 cogere
2124 2238 2191 2307 po·

1205 2326 1311 2384 testas
1338 2314 1534 2403 litigantes,
1559 2327 1599 2385 ut
1614 2338 1754 2386 summo
1777 2315 1910 2387 iudicio
1934 2319 2193 2410 obtemperent,

1205 2429 1239 2486 ct
1260 2439 1334 2485 non
1359 2418 1644 2507 obtemperantes
1667 2417 1758 2489 iuste
1785 2419 1901 2509 punit.
1958 2416 2063 2489 Esset
2093 2418 2192 2487 enim

1204 2516 1406 2588 Nomadum
1432 2519 1523 2599 vita,
1548 2519 1579 2588 si
1602 2543 1823 2590 summorum
1849 2521 2065 2592 iudiciorum
2089 2519 2191 2590 nulla

1203 2635 1292 2691 esset
1314 2614 1530 2699 authoritas,
1566 2635 1606 2691 ut
1630 2617 1823 2711 Euripides
1848 2623 1982 2718 inquit:
2017 2613 2191 2717 Νομάδες

1204 2713 1331 2794 ἀκούει
1348 2716 1471 2803 οὐδεὶς
1487 2715 1602 2797 οὐδὲν
1617 2717 1784 2804 οὐδενὸς.

1307 2867 1388 2941 Ηοε
1412 2884 1621 2966 argumento
1643 2870 1834 2944 Pontifices
1861 2894 1961 2944 suam
1994 2871 2192 2965 potentiam

1204 2972 1307 3043 valde
1321 2971 1518 3045 stabiliunt.
1571 2971 1679 3064 Quod
1697 3000 1778 3046 cnm
1799 2975 1929 3048 falsum
1951 2975 2016 3061 sit,
2039 2976 2192 3068 explica-

1206 3075 1306 3145 tione
1327 3073 1473 3165 indiget.
1523 3073 1615 3146 Nam
1638 3089 1672 3147 ct
1691 3091 1773 3148 ante
1795 3073 1883 3148 baec
1907 3089 2069 3172 tempora
2083 3076 2191 3149 multi

1204 3177 1299 3247 docti
1322 3176 1393 3245 viri
1416 3177 1654 3267 scripserunt,
1679 3178 1985 3277 Synodos'crrare
2007 3203 2127 3272 posse,
2155 3194 2191 3253 ει

1204 3292 1317 3348 errata
1332 3281 1556 3371 quarundam
1573 3280 1757 3352 manifesta
1773 3295 1866 3356 ssent.
1892 3279 1998 3354 Certe
2013 3283 2052 3353 in
2069 3281 2193 3375 proxi-

1204 3403 1261 3449 ma
1285 3379 1499 3451 Tridentino
1528 3379 1678 3475 Synodo
1712 3383 1897 3454 manifeste
1930 3385 2061 3478 impius
2092 3407 2194 3456 error

1204 3483 1436 3552 confirmatur
1451 3482 1489 3550 in
1504 3484 1665 3568 decreto,
1691 3487 1786 3577 quod
1802 3486 1900 3555 iubet
1924 3507 2063 3575 semper
2084 3486 2193 3556 dubi·

1204 3597 1298 3664 tare,
1325 3606 1372 3652 an
1388 3582 1499 3652 simus
1513 3584 1551 3652 in
1567 3585 1690 3676 gratia.
1742 3583 1840 3655 llaec
1855 3587 2031 3655 dubitatio
2045 3609 2192 3678 pmrsus

1204 3685 1325 3756 abolet
1340 3680 1589 3775 Evangelium.
1639 3681 1797 3781 Oppono
1819 3686 1930 3779 igitur
1952 3688 2065 3782 priori
2087 3711 2194 3778 argu·

1204 3801 1326 3859 mento
1341 3786 1439 3858 aliud
1456 3788 1610 3859 firmius:

1255 3937 1295 4011 Si
1313 3940 1396 4034 quis
1411 3940 1507 4011 aliud
1518 3933 1753 4032 Evangelium
1769 3943 1891 4030 docet,
1918 3937 2120 4016 Anatbema
2134 3939 2193 4028 sit.
2282 4018 2286 4024 ,

1256 4039 1346 4115 Cum
1389 4043 1499 4132 igitur
1531 4040 1698 4140 Synodus
1737 4046 1918 4117 decretum
1953 4045 2038 4118 tacit
2070 4057 2196 4116 contre

1308 4139 1566 4232 Evangelinm,
1594 4148 1764 4239 refragari
1777 4145 1926 4243 Synodo
1940 4169 2082 4219 neccsse
2097 4161 2159 4219 cst.

1255 4242 1370 4316 Nemo
1409 4247 1519 4335 igitur
1551 4247 1766 4338 obligandus
1794 4264 1863 4333 est,
1902 4265 1945 4323 ut
1975 4251 2196 4342 obtemperet

1309 4349 1459 4420 decretis
1475 4350 1637 4421 nondum
1655 4351 1798 4427 auditis.

1270 4511 1350 4584 Hoc
1368 4530 1618 4606 argumentum
1637 4518 1864 4611 perspicuum
1879 4530 1914 4588 et
1927 4517 2115 4589 immotum
2132 4531 2197 4588 est.

1203 4611 1297 4688 Cum
1312 4629 1428 4687 autem
1449 4618 1488 4688 in
1512 4614 1579 4688 hac
1601 4621 1810 4713 quaestione
1829 4624 2082 4691 contineantur
2099 4621 2196 4704 mul-

1204 4731 1257 4801 ta,
1282 4744 1435 4812 quorum
1458 4722 1646 4813 explicatio
1669 4725 1707 4791 in
1731 4719 1891 4792 Ecclesia
1913 4721 2108 4790 necessaria
2133 4734 2202 4804 cst,

1204 4819 1324 4889 desero
1348 4815 1438 4891 hanc
1461 4824 1704 4914 quaestionem
1727 4825 1771 4890 ad
1798 4821 1914 4889 virum
1939 4821 2198 4909 doctissimum,

1205 4923 1439 4992 reverendum
1474 4922 1521 4994 D.
1544 4915 1735 4994 Doctorem
1761 4915 1964 5016 Georgium
1981 4915 2195 4993 Maiorem:

1205 5045 1356 5115 eumque
1371 5046 1453 5108 oro,
1478 5039 1518 5095 ut
1536 5038 1679 5114 propter
1695 5018 1846 5094 Scholae
1875 5024 2082 5112 utilitatem,
2106 5025 2197 5119 quid

1204 5123 1243 5191 in
1277 5117 1343 5194 hac
1378 5125 1585 5217 gravissima
1621 5125 1828 5220 quaestione
1872 5129 2099 5200 sentiendum
2139 5127 2195 5211 sit,

1204 5237 1345 5297 statuat.
