4748 6022
38 392 47 402 .
91 370 93 374 2
135 303 210 411 sos
851 271 1177 414 cauutuuu
1225 333 1335 414 mu.
1367 333 1448 412 111.
1512 376 1515 381 -

134 509 266 585 Natum
283 501 392 591 mihi,
418 503 624 598 bellumque
636 503 728 575 sorte
741 522 911 598 posceret,

10 661 14 666 -
135 609 240 684 Cives
256 624 296 681 ut
310 605 448 680 hostem
466 606 674 676 dimicantes
688 609 823 698 praelio

135 711 384 806 Depellerent,
410 733 498 778 num
515 708 627 778 tilium
643 709 768 781 mortis
784 722 881 781 metu

44 885 48 893 Α
134 813 312 888 Recusem
329 813 368 881 in
383 810 496 880 aciem
511 810 675 879 mittere?
725 809 873 889 Asuero
890 807 981 883 mihi

134 915 242 988 Tales
260 938 323 1007 ego
342 925 426 1005 opto
442 912 554 997 filios,
580 911 644 1003 qui
660 912 801 982 fortiter

134 1014 182 1089 Et
199 1018 436 1111 praelientur,
462 1027 497 1084 et
515 1013 627 1083 velint
643 1014 811 1084 excellere

137 1117 239 1192 Inter
254 1121 349 1188 viros
366 1117 497 1186 virtute
513 1114 598 1184 clari
617 1129 785 1201 caeteros,

133 1220 207 1292 Nec
224 1222 294 1291 sint
310 1221 348 1289 in
364 1220 452 1289 urbe
469 1240 533 1287 ceu
548 1217 680 1307 figurae
693 1217 851 1302 inutiles,

135 1321 210 1393 Aut
228 1323 319 1414 picta
336 1345 400 1392 ceu
416 1314 630 1390 simulachra
645 1319 795 1409 parietes
811 1331 945 1394 tenent.

135 1425 205 1496 Sed
220 1448 322 1514 saepe
336 1436 489 1493 matrum
503 1416 695 1490 lachrimae
710 1444 790 1491 cum
807 1416 873 1490 filii

133 1523 245 1597 Arma
262 1527 436 1607 induunt,
461 1522 599 1593 animos
614 1544 739 1591 eorum
753 1520 994 1593 effaeminant.
1027 1522 1031 1529 ’

133 1627 271 1698 Harum
288 1627 439 1696 eiulatus
454 1638 558 1719 atque
573 1624 698 1695 mollia
717 1639 858 1714 pectora

136 1725 218 1800 Non
239 1730 365 1808 laudo,
393 1726 523 1821 quibus
538 1727 664 1816 ignara
680 1725 752 1796 vita
767 1723 909 1803 charior

136 1827 200 1903 Est
217 1832 391 1913 filiorum,
410 1852 519 1921 ‘quam
536 1830 642 1897 decus
657 1822 948 1918 pulcherrimum.

135 1928 185 2003 Et
203 1958 292 2027 quae
307 1932 380 2002 suis
396 1931 544 1998 suadere
560 1928 819 2019 turpitudinem

88 2090 91 2095 .
136 2033 300 2118 Audent,
323 2027 461 2101 bonore
478 2054 543 2098 nec
557 2022 755 2122 sepulchri,
775 2041 810 2099 et
827 2029 959 2121 posteri

136 2133 333 2206 Moventur
348 2131 604 2220 adprobatione
618 2128 741 2214 seculi,
768 2183 770 2187 .

137 2236 245 2324 Quod
263 2232 441 2325 praedicat
457 2231 623 2301 virtutem
642 2252 767 2299 eorum
781 2227 949 2302 laudibus

138 2335 245 2404 Veris
259 2348 294 2405 et
309 2333 593 2417 immortalibus,
618 2332 679 2422 qui
698 2331 848 2422 patriam

139 2433 187 2509 Et
202 2436 331 2529 templa
349 2447 549 2525 protexere,
575 2455 640 2502 nec
657 2430 782 2501 mortis
797 2448 893 2504 metu
914 2456 917 2461 ¹
976 2464 985 2469 ·

138 2538 282 2608 Cessere
299 2534 428 2605 nostris
442 2529 625 2613 hostibus,
654 2557 718 2602 nec
734 2534 944 2622 sanguinem

139 2640 328 2732 Virumque
345 2636 555 2705 dubitarunt
568 2659 666 2705 suam
683 2635 911 2726 profundere.

138 2738 188 2813 Et
204 2742 296 2810 filiae
312 2751 453 2807 nostrae
467 2738 587 2807 futura
601 2750 653 2807 est
669 2737 783 2826 gloria

140 2845 316 2927 Aeterna,
340 2840 369 2910 si
385 2864 449 2930 pro
466 2839 579 2929 patria
595 2851 744 2907 mortem
761 2851 916 2928 oppetat,

142 2943 384 3036 Geminasque
399 2941 554 3010 servabit
570 2962 708 3008 sorores
723 2940 840 3009 unica·

140 3048 292 3121 Caedam
311 3066 392 3132 ergo
410 3055 572 3132 gnatam,
597 3054 637 3111 ut
653 3041 712 3109 fiat
730 3034 844 3109 hostia
861 3040 1007 3112 civibus.

142 3150 222 3220 Non
239 3148 318 3216 dico
335 3145 430 3213 enim
451 3167 523 3213 esse
540 3142 682 3234 proprie
698 3143 804 3211 unius
820 3166 943 3229 meam,

140 3251 219 3324 Nisi
235 3250 331 3342 qisod
349 3271 389 3316 ex
408 3246 488 3314 alvo
504 3268 580 3314 mea
595 3268 659 3315 ceu
677 3244 835 3335 plantula

140 3352 229 3424 Nata
248 3363 311 3421 est.
363 3337 417 3417 At
430 3348 517 3416 urbe
531 3347 668 3437 perdita
684 3346 791 3415 simul
806 3346 925 3417 omnia

140 3454 264 3526 Perire
279 3472 413 3542 nosque
427 3449 629 3542 liberosque
644 3470 837 3516 cernerem.

141 3559 211 3630 Sed
232 3553 373 3624 dixeris.
422 3545 588 3619 Extincta
604 3549 634 3618 si
650 3546 694 3615 sit
706 3547 790 3627 filia,

141 3659 215 3730 Nos
230 3678 300 3723 una
316 3653 356 3719 in
372 3650 461 3718 urbe
480 3662 617 3740 sceptra
632 3647 761 3718 deinde
776 3645 950 3718 amittere.

143 3759 232 3829 Esto
250 3755 363 3822 terent
379 3763 419 3820 ut
436 3750 527 3836 fata,
549 3750 657 3841 stirps
673 3763 758 3819 tunc
773 3749 883 3819 altera
898 3786 904 3799 ·

126 3903 130 3910 ·
143 3859 187 3949 ln
202 3854 291 3924 urbe
306 3866 426 3922 nostra
443 3850 638 3943 principem
656 3863 772 3922 teneat
794 3851 924 3923 locum.

143 3950 308 4034 Servasse
322 3952 473 4045 patriam
488 3953 603 4022 maius
619 3964 670 4023 est
686 3975 794 4041 regno
809 3952 933 4022 decus:

141 4062 306 4154 Denique
324 4055 488 4126 voluntas
503 4055 660 4126 rectasit
676 4057 772 4148 quod
791 4074 975 4145 possums

145 4162 344 4238 Praestare,
371 4157 509 4248 legibus
523 4156 605 4225 volo
629 4155 858 4228 sanctissimis

142 4265 293 4346 Parere,
315 4283 380 4329 nec
395 4259 529 4328 violare
544 4281 603 4327 eas
619 4259 737 4328 sciens
753 4257 874 4331 velim.

142 4366 191 4439 Et
206 4364 348 4435 interim
367 4361 468 4431 fruar
480 4359 584 4430 bonis
599 4359 860 4441 communibus,

141 4469 276 4558 Legum
293 4464 439 4548 ordine,
459 4475 563 4555 atque
580 4461 767 4553 disciplina
777 4460 928 4546 civium,

143 4569 245 4658 Quae
263 4591 318 4636 me
331 4566 472 4636 volente
488 4564 609 4634 nullus
619 4557 683 4634 -hic
699 4561 879 4647 deleverit,

143 4674 225 4742 Non
243 4671 324 4737 sede
338 4679 488 4735 stantem
504 4662 685 4735 Palladem
700 4663 912 4745 firmissima,

143 4771 331 4861 Laevaque
346 4767 516 4836 terrificos
532 4780 710 4837 tenentem
726 4763 906 4856 Gorgonis

145 4876 290 4960 Angues
308 4867 484 4949 movebit,
509 4881 570 4936 aut
584 4868 629 4937 ab
643 4863 773 4937 Arctoa
789 4868 890 4958 plaga

144 4965 372 5061 Eumolphus
385 4961 455 5035 huc
470 4966 660 5034 exercitum
675 4969 807 5037 ducent
819 4968 948 5049 ferum,

142 5077 215 5149 Aut
237 5073 408 5141 barbarae
426 5065 540 5156 gentis
553 5066 655 5136 furor
668 5061 943 5137 'thracensium
1071 5060 1084 5129 .'

142 5177 196 5251 Ne
213 5173 325 5245 bostis
341 5167 399 5239 hic
413 5163 583 5259 trophaea
600 5167 681 5257 liget
696 5169 844 5257 uspiam,

141 5280 269 5354 Nullos
285 5267 487 5364 triumphus
500 5264 560 5339 hic
577 5282 674 5359 aget,
698 5289 765 5336 nec
779 5268 900 5336 laurea

144 5379 300 5452 Victrice
312 5374 469 5468 glorians
485 5373 635 5463 superbe
651 5369 848 5441 ornabitur.

141 5481 329 5563 Concedo,
353 5477 447 5547 cives
462 5474 642 5544 victimam
659 5468 744 5544 hinc
759 5424 937 5557 abdnlite,

192 5591 372 5658 ttscsrn.
397 5581 502 5648 Orsn.
527 5578 613 5647 Ver..
638 5577 686 5646 X.
808 5603 809 5607 ¹

1173 503 1221 578 Ut
1239 508 1333 578 salva
1350 507 1397 578 sit
1411 506 1606 600 victrixque
1622 524 1743 580 nostra
1759 512 1886 601 patria.

1172 606 1263 679 Nam
1281 610 1372 679 tiliae
1388 609 1480 680 vitae
1497 609 1645 681 salutem
1664 611 1853 703 publicam,

1173 707 1325 782 lmmota
1342 723 1409 781 stat
1425 711 1617 798 sententia,
1643 726 1869 804 anteponere.

1173 806 1209 882 Ο
1227 813 1340 903 patria
1356 812 1491 884 utinam
1509 813 1665 903 diligant
1676 828 1710 887 te
1724 815 1856 906 singuli

1171 910 1293 996 Cives,
1321 928 1360 983 ut
1377 909 1444 983 boc
1461 917 1562 985 ardet
1578 939 1694 985 meum
1710 932 1831 1007 pectus
1847 917 1910 988 tui·

1171 1015 1306 1085 Amore
1321 1039 1422 1102 vero,
1448 1016 1478 1085 si
1493 1017 1659 1086 voluntas
1675 1019 1875 1111 principum

1172 1115 1273 1187 Talis
1288 1119 1397 1202 foret,
1423 1118 1653 1212 tranquillior
1671 1134 1780 1192 status
1799 1135 1881 1192 tuus

1091 1300 1095 1306 ¹
1171 1216 1355 1304 Mancret,
1382 1233 1416 1290 et
1433 1233 1549 1289 motus
1566 1222 1777 1291 domesticos
1795 1224 1879 1292 mali

1171 1317 1274 1392 Ciere
1294 1342 1366 1391 non
1383 1335 1545 1412 possent,
1570 1335 1605 1394 et
1619 1317 1735 1394 hostes
1753 1334 1890 1394 exteros

1172 1417 1303 1493 Arcere
1323 1436 1438 1515 posset
1454 1424 1614 1494 omnium
1633 1424 1833 1495 concordia.

1176 1630 1408 1642 ι--ι--μ-ι-

1886 1770 1917 1835 6.
1941 1767 2006 1834 Ian.
2034 1772 2129 1845 1546.

1846 1868 2160 1910 m

1242 1973 1353 2027 Editum
1372 1992 1403 2027 er
1420 1969 1586 2041 autographo
1599 1971 1626 2026 in
1641 1971 1763 2027 Hertetii
1780 1993 1873 2045 progr.
1886 1936 2039 2049 ,ennaea
2057 1990 2106 2041 aas
2120 1986 2162 2044 bet

1274 2048 1330 2106 sets
1348 2045 1389 2100 tec
1406 2043 1585 2108 mensuatim
1607 2043 1669 2100 usn
1695 2046 1733 2100 ue
1751 2042 1918 2116 &urinum
1943 2059 2015 2116 untes
2032 2052 2164 2117 enatam

1278 2114 1367 2193 ttstten
1412 2112 1479 2180 uettt
1502 2113 1599 2178 etntutn
1617 2112 1796 2180 onestrudem
1815 2116 1920 2186 Μαι
1938 2120 2163 2191 Dasndttsntd

1278 2149 1577 2317 ffirrsss‘pltffiss.)
1596 2197 1623 2252 p.
1638 2182 1682 2236 20.
1718 2183 1813 2254 (Apud
1834 2184 2010 2242 vincentium
2028 2189 2082 2246 boc
2100 2194 2161 2246 cari

1611 2401 1745 2478 1546.

1177 2548 1342 2638 Moenia,
1368 2579 1459 2649 quae
1474 2569 1606 2627 vestras
1621 2557 1844 2632 circumdant
1861 2557 1960 2634 Iona
1978 2565 2129 2658 Salinas,

1228 2651 1297 2724 vix
1312 2657 1493 2728 delassatis
1508 2680 1633 2727 currus
1650 2660 1763 2730 adibit
1780 2665 1887 2757 equis,

1176 2752 1281 2824 Tunc
1295 2761 1438 2850 quando
1455 2757 1643 2850 Hesperias
1658 2755 1824 2834 Phoebus
1841 2765 1979 2838 labetur
1994 2769 2032 2840 in
2047 2776 2163 2846 undas

1228 2854 1390 2954 Cumque
1406 2858 1526 2932 Iovem
1543 2861 1742 2951 Aegoceros
1756 2865 1794 2933 in
1810 2890 1907 2938 mare
1922 2882 2044 2944 torvus
2066 2891 2161 2968 aget3

1176 2953 1402 3055 Pulchraque
1418 2964 1488 3033 iam
1501 2963 1642 3032 rediens
1656 2968 1833 3038 nascentia
1845 2992 1975 3041 cornua
1992 2979 2036 3046 ad
2046 2973 2163 3051 Euros

1229 3058 1364 3133 Hausto
1382 3077 1564 3135 convertet
1579 3064 1714 3136 lumine
1727 3066 1829 3138 Luna
1845 3095 1957 3143 novo:

1176 3159 1288 3233 Cuius
1302 3179 1343 3234 ut
1357 3167 1528 3258 adspicies
1544 3168 1689 3239 formosi
1707 3169 1831 3241 sideris
1846 3198 1907 3244 ora
1928 3241 1931 3247 .

1229 3263 1331 3335 Talia
1345 3268 1493 3340 adorato
1508 3267 1617 3338 dicito
1635 3273 1740 3340 verba
1755 3269 1848 3344 Deo:

1178 3364 1318 3459 Indiga,
1344 3369 1422 3440 luce
1438 3371 1491 3441 tui
1511 3371 1651 3460 perfusa
1665 3367 1822 3444 Ecclesia
1839 3379 1947 3466 gnati,

1228 3466 1355 3558 Fulget
1367 3486 1406 3542 ut
1421 3495 1441 3542 a
1457 3466 1605 3541 Phoebo
1619 3473 1755 3543 lumina
1772 3473 1856 3545 luna
1875 3475 1994 3554 trahit.

1179 3566 1277 3658 Ergo
1292 3571 1362 3639 tuis
1377 3572 1485 3642 radiis
1500 3571 1638 3643 illustra
1655 3586 1794 3665 pectora
1812 3591 1943 3660 nostra,

1229 3669 1266 3741 Ο
1280 3667 1421 3743 Christe
1436 3674 1569 3744 aeterni
1585 3688 1689 3764 gnate
1706 3688 1740 3746 et
1755 3676 1869 3767 imago
1890 3682 2010 3772 patris.

1241 3803 1335 3902 'mlta
1351 3839 1435 3876 mauu
1448 3819 1615 3895 adscriptum
1629 3832 1684 3878 ests
1701 3822 1739 3877 In
1753 3822 1923 3892 Epiphaneia
1935 3829 2076 3905 Domtns‘.)
2196 3861 2201 3869 ·

1205 4170 1271 4245 No.
1298 4174 1386 4248 223.
1420 4271 1423 4277 ⁵

1185 4269 1419 4304 m

1824 4171 1955 4248 execante
1979 4207 2028 4255 ιιι.
2054 4189 2151 4262 1540.

1808 4271 2166 4326 w

1248 4383 1330 4457 Apud
1339 4383 1555 4506 Vlmfiw·
1569 4361 1612 4444 ts]
1626 4370 1664 4427 .'
1699 4388 1882 4460 Apogrspbon
1896 4391 1925 4444 in
1940 4392 2094 4453 codGotb.
2106 4401 2163 4457 trs„

1282 4471 1309 4524 p.
1330 4449 1403 4512 89⁵,
1434 4452 1482 4506 uba
1534 4454 1663 4509 elanthon
1684 4454 1787 4510 dicitur
1806 4458 1859 4513 bne
1879 4478 1989 4515 osrmen
2009 4462 2108 4522 fecisse
2133 4470 2163 4524 in

1282 4521 1465 4593 Mauricatim,
1482 4521 1590 4577 Ducem
1602 4523 1751 4596 saxoniae,
1775 4525 1880 4581 bellum
1893 4527 2055 4587 inferentem
2069 4535 2164 4593 loanni

1280 4591 1439 4652 Friderico,
1456 4591 1586 4648 Electori.

1402 4753 1465 4824 De
1479 4749 1664 4824 Absulom
1677 4747 1756 4849 filio
1769 4750 1942 4826 Doridis.

1178 4913 1341 5006 Degener
1354 4917 1533 4989 immerito
1546 4916 1697 5008 rapuisti
1712 4930 1845 5007 sceptra
1862 4926 2011 5012 parenti,

1229 5013 1265 5089 Ο
1286 5018 1423 5089 iuvenis
1437 5020 1571 5110 patriae
1586 5017 1694 5109 pestis
1710 5020 1833 5090 acerba
1852 5036 1943 5095 tuac.

1178 5114 1294 5208 Digna
1309 5120 1381 5190 tuis
1397 5113 1543 5213 tactis')
1559 5121 1618 5190 sed
1637 5144 1750 5213 poene
1768 5135 1901 5209 secuta,
1927 5145 2112 5220 vagantem

1230 5219 1433 5292 frondibus
1446 5220 1604 5292 arboreis
1617 5222 1823 5316 implicuere
1838 5249 1967 5302 comae.
2137 5241 2142 5249 '

1180 5392 1394 5408 m

1212 5481 1244 5555 *l
1264 5481 1334 5541 coa
1347 5479 1432 5540 Goth.
1450 5480 1640 5628 tltdgesepts's,
